2692 4688
534 225 778 298 EPISTOLAE
1208 224 1274 296 767

94 419 156 472 1010
175 407 268 471 ualuit
282 426 348 467 cum
365 415 450 467 uetus
466 405 608 483 amicitia,
619 425 706 486 quam
723 414 755 465 tu
770 422 829 465 non
844 400 966 483 ignoras
981 398 1051 461 mihi
1064 410 1095 462 et
1102 396 1216 481 Quinto

95 511 182 574 iratri
198 530 264 571 cnm
281 504 415 570 Caesare
430 506 537 577 inisse,
559 515 620 566 tum
637 505 806 568 humanitas
822 502 886 565 eius
902 522 937 564 ac
952 499 1116 564 liberalitas
1131 503 1216 567 breui

95 625 227 695 tempore
243 620 274 673 et
288 609 397 671 litteris
413 619 443 671 et
458 607 561 671 officiis
578 619 732 691 perspecta
747 605 832 668 nobis
848 614 879 667 et
894 604 1024 688 cognita.

182 713 269 776 Idem
285 711 359 774 idid.
378 708 415 772 V
412 709 452 771 II
458 755 466 787 ,
485 710 523 788 5,
541 711 581 772 3:
614 708 661 772 Dc
685 730 741 791 quo
764 707 816 771 tibi
839 706 956 769 homine
979 706 1053 769 baec
1068 707 1213 790 spondeo,

60 829 76 879 t
99 837 158 879 non
174 815 226 878 illo
244 825 346 876 uetere
362 812 455 875 uerbo
471 812 729 894 n1e0‚quod‚cum
746 811 783 873 ad
799 821 828 872 te
841 807 1000 872 dedlilone
1014 808 1213 890 scripsissem,

93 918 160 980 iure
176 916 294 993 lusisti,
319 917 371 978 sed
388 933 470 977 moro
487 913 644 987 Romano,
662 936 719 995 quo
734 912 822 975 modo
839 911 973 973 homiues
990 930 1049 971 nou
1066 909 1155 993 inepti
1171 909 1216 973 lo·

95 1028 242 1101 quuutur:
262 1017 427 1101 probiorem
445 1015 613 1094 hominem,
630 1015 784 1078 meliorem
802 1013 911 1086 uirum,
929 1011 1130 1095 pudentiorem
1147 1032 1214 1077 esse

96 1122 257 1184 mmmm

587 1224 635 1303 (o.
654 1214 723 1300 55.)

41 1336 72 1389 10
182 1325 248 1390 Cic.
267 1325 319 1387 ud.
337 1325 425 1388 Fene.
444 1323 472 1401 I,
490 1321 522 1401 9,
540 1320 601 1386 20:
627 1317 702 1384 Cum
719 1318 877 1403 Pompeius
893 1321 934 1382 ita
950 1320 1164 1400 contendisset,
1181 1335 1215 1387 nt

96 1427 168 1490 nibil
185 1448 320 1509 umquam
337 1427 448 1509 magis,
474 1436 506 1488 ut
521 1446 587 1488 cum
604 1421 717 1487 Crasso
733 1422 860 1485 redirem
877 1423 1067 1505 ingratiam,
1086 1419 1216 1489 Caesar-

97 1549 153 1612 que
175 1550 227 1612 per
248 1530 365 1592 litteras
387 1529 518 1593 maxima
540 1548 574 1592 sc
595 1526 731 1590 molestia
747 1546 786 1590 ex
802 1525 854 1587 illa
869 1524 1061 1588 contentione
1078 1526 1215 1592 allectum

96 1633 268 1695 ostenderet
283 1641 357 1694 cett.

589 1737 635 1813 (n.
653 1731 722 1816 bl.)

40 1844 72 1897 lb
182 1833 247 1898 Cic.
265 1835 309 1897 ed
322 1834 409 1899 Fam.
430 1834 519 1912 VH,
536 1832 575 1911 5,
593 1834 632 1895 2:
666 1832 742 1897 Cum
767 1833 802 1896 de
825 1832 881 1895 hoe
903 1835 968 1916 ipso
982 1829 1126 1898 Trebatio
1148 1857 1215 1901 cum

94 1933 189 1999 Balbo
206 1946 309 1997 nostro
324 1935 464 2015 loquerer
479 1937 647 1997 accuratius
663 1935 740 1996 domi
756 1954 859 2010 meae,
885 1935 1002 1999 litterae
1019 1935 1089 2000 mibi
1107 1939 1215 2004 dantur

95 2058 113 2100 a
129 2048 171 2113 te,
185 2037 291 2118 quibus
306 2037 337 2099 in
354 2037 499 2099 extremis
515 2039 656 2119 scriptum
675 2045 756 2098 erat:
774 2037 797 2115 †
813 2031 870 2096 ‘db
890 2037 1027 2115 itiiuium,
1041 2060 1127 2120 quom
1144 2041 1215 2105 mihi

95 2138 295 2216 commendas,
314 2139 362 2200 uel
378 2158 477 2221 regem
495 2136 611 2200 Galliae
630 2138 746 2210 inciam,
768 2136 815 2200 uel
832 2137 908 2198 111100
924 2135 1040 2221 Leptae
1056 2141 1172 2224 delega,
1188 2145 1215 2206 si

95 2241 142 2304 nis
160 2251 210 2317 tu3
229 2240 264 2302 ad
281 2261 328 2302 me
343 2240 431 2302 alium
449 2242 544 2317 mitte,
562 2261 646 2321 quem
662 2238 787 2302 orrrem'.

37 2353 71 2407 2⁰
183 2341 250 2404 Cic.
269 2343 313 2404 ad
330 2340 430 2424 (Ην.
448 2342 495 2419 11,
512 2341 563 2420 15,
583 2344 621 2404 l:
646 2343 686 2404 Α.
706 2342 734 2402 d.
754 2351 800 2402 tttt
816 2337 901 2403 Non.
919 2336 1001 2415 lum,
1016 2361 1072 2421 quo
1089 2342 1136 2405 die
1152 2343 1214 2407 tto-

95 2444 284 2520 nemnem,
309 2443 409 2526 accepi
433 2454 497 2507 tuas
520 2445 637 2508 litteras
659 2444 743 2505 datas
759 2439 950 2520 Placentiae,
975 2443 1081 2506 deinde
1103 2446 1214 2512 alteras

96 2546 238 2629 postridie
255 2545 354 2623 [datas
363 2543 559 2610 Blandenone
574 2568 638 2610 cum
657 2544 798 2611 Caesaris
815 2544 922 2608 litteris
939 2545 1058 2608 reiertis
1074 2549 1154 2611 omni
1170 2552 1216 2615 oi·

97 2647 181 2725 licio,
207 2648 379 2733 diligentia,
405 2651 566 2713 suauitate.
599 2646 677 2713 Sunt
698 2649 756 2711 ista
780 2649 895 2730 quidem
919 2668 1026 2733 magna
1046 2649 1095 2710 uel
1116 2653 1215 2733 potius

96 2751 246 2813 maximas
273 2751 383 2814 habent
398 2753 475 2815 enim
492 2753 552 2814 uim
568 2772 704 2835 magnam
721 2752 756 2812 ad
773 2750 897 2833 gloriam
914 2750 995 2811 etad
1011 2770 1154 2814 suramam
1171 2753 1215 2816 di·

38 2861 72 2916 tt
95 2851 250 2934 gnitatem.
278 2851 337 2917 Sed
355 2855 424 2918 milti
441 2854 541 2929 crede,
552 2872 636 2935 quem
654 2853 743 2928 nosti,
757 2853 833 2934 quod
849 2852 878 2914 in
895 2851 961 2914 istis
978 2849 1067 2913 rebus
1083 2873 1139 2935 ego
1151 2856 1216 2938 plu·

96 2954 163 3016 rimi
179 2955 322 3031 aestimo,
349 2957 376 3016 id
392 2957 449 3018 iam
466 2956 579 3031 habeo,
603 2965 632 3018 te
653 2953 767 3017 seilicet
784 2954 908 3036 primum
924 2963 983 3014 tam
1000 2953 1215 3022 inseruientem

96 3057 245 3119 communi
261 3057 415 3137 dignitati,
441 3058 547 3121 deinde
563 3052 705 3119 Caesaris
723 3066 833 3117 tantum
850 3056 880 3116 in
896 3076 943 3118 me
958 3076 1109 3133 eruorem,
1130 3078 1215 3139 quem

96 3158 234 3222 omnibus
256 3159 293 3220 iis
318 3158 500 3232 honoribus,
524 3179 599 3240 quos
622 3177 669 3219 100
685 3176 702 3219 a
717 3177 751 3219 se
767 3166 929 3239 expectare
944 3156 1027 3235 nult,
1051 3167 1213 3242 antepono.

95 3257 234 3322 Litterae
251 3281 322 3322 uero
338 3259 403 3324 eius
419 3281 478 3322 uua
493 3261 579 3323 datae
595 3281 660 3322 cum
677 3261 754 3336 tuis,
773 3280 894 3340 quarum
910 3258 1028 3321 initium
1044 3270 1109 3338 est,
1127 3281 1215 3341 quam

39 3369 73 3422 00
96 3360 197 3423 suauis
214 3361 241 3424 ei
259 3371 327 3425 tuus
344 3363 489 3425 aduentus
506 3362 595 3424 luerit
610 3372 641 3424 et
654 3362 823 3424 recordatio
836 3361 946 3423 ueteris
958 3360 1082 3438 amoris,
1095 3361 1212 3441 deinde,

96 3481 130 3525 se
151 3462 342 3539 effecturum,
366 3477 401 3527 ut
421 3487 477 3548 ego
493 3464 522 3527 in
539 3464 636 3527 medio
652 3462 754 3526 dolore
770 3483 805 3525 ac
821 3462 968 3525 desiderio
985 3462 1027 3524 tui
1044 3472 1092 3541 te,
1116 3484 1215 3529 cuma

206 3673 220 3721 5
232 3671 273 3721 De
285 3670 388 3721 Milone
403 3670 499 3722 Cicero
511 3671 548 3723 ad
563 3672 706 3722 Caesarem
718 3670 829 3721 uidetur
840 3672 997 3735 scripsisse,
1012 3674 1043 3721 ast
1055 3669 1134 3721 iliius
1143 3675 1215 3736 peti·

97 3752 198 3800 tionem
209 3754 356 3816 praeturae
369 3753 395 3799 ei
407 3751 614 3800 commendaret.
628 3747 701 3801 Nem
714 3764 773 3798 enm
783 3749 852 3798 Milo
862 3763 932 3798 enno
944 3746 976 3798 58
984 3749 1155 3798 tribunatum
1163 3752 1217 3802 ini-

97 3830 159 3888 erit,
168 3842 237 3876 enno
251 3827 467 3878 recensitarum
478 3832 597 3892 petierit,
602 3833 796 3892 praetornnno
805 3827 1048 3892 abfueritnecesse
1056 3833 1106 3877 esi.

98 3904 130 3955 lb
143 3917 174 3951 ex
187 3902 233 3950 illa
246 3902 424 3968 contentione]
440 3905 579 3955 Ciceronis
592 3918 652 3954 crem
667 3904 780 3965 Crasso,
796 3917 855 3951 enen
869 3904 914 3951 bie
928 3902 1071 3953 Gabinium
1084 3919 1144 3955 erm
1156 3923 1217 3959 eon·

97 3979 209 4031 tumetra
225 3978 364 4029 Ciceronis
377 3979 551 4044 defendisset.
690 3979 720 4030 tt
734 3994 767 4028 m.
782 3977 890 4028 itliuium
903 3979 1056 4043 Medieeus3
1068 3979 1103 4032 ld.
1118 3982 1214 4036 Orbem

97 4058 245 4117 Victorius,
256 4053 291 4106 Μ.
300 4054 407 4106 Furium
418 4057 580 4119 Cratander,
591 4054 626 4106 bl.
634 4055 727 4106 Reium
735 4057 875 4121 ‘antiquus
883 4056 959 4107 liber'
967 4059 1041 4124 apud
1047 4059 1214 4112 Munatium.

205 4136 234 4188 et
252 4135 401 4186 Placentiae
415 4135 560 4198 Medicam,
579 4133 712 4184 Placentia
725 4133 766 4182 ed.
783 4133 889 4184 Oreiiii.
991 4137 1026 4192 22
1037 4137 1214 4204 Blandenone]

97 4216 185 4267 Laude
198 4214 279 4268 Nonis
291 4215 429 4282 Sigonius.
552 4214 585 4268 23
599 4211 712 4280 quidem]
726 4213 770 4264 nel
782 4213 845 4265 add.
860 4213 1005 4267 Medieeus.
1128 4218 1161 4271 28
1175 4217 1215 4267 his

98 4293 243 4345 Medioeus.
