2692 4688
442 203 940 279 consuescens-m.
1000 294 1007 307 ,
1258 214 1324 285 sas

86 386 90 393 '
144 402 204 468 qne
218 379 257 446 nd
278 379 429 465 legionem
450 380 600 465 reeipite’.
629 377 678 446 lts
697 400 834 466 pugnans
855 392 923 465 post
944 381 1062 466 psnlrn
1087 384 1215 451 ooneidit
1227 407 1266 453 se

144 484 209 551 suis
222 482 315 549 saluti
330 481 397 547 init.
424 480 556 563 Nostri,
577 502 646 547 enm
660 483 790 566 undique
806 494 1034 566 premerentur,
1054 495 1138 550 xnvl
1160 499 1265 554 oestu-
1278 489 1321 561 tl

143 587 281 652 tionibus
296 584 416 649 amissis
431 585 539 649 deieeti
552 595 624 650 sunt
644 585 722 650 loeo.
753 581 816 650 set
837 585 1048 652 intolerantius
1064 587 1169 654 Gallos
1184 591 1266 656 inse·

145 698 275 777 quentes
290 686 370 772 legio
384 686 499 750 deeims
514 675 764 771 t'srdsuitplpuse
785 709 840 772 pro
859 688 993 753 subsidio
1013 689 1102 773 psnlo
1123 693 1266 775 nequiore

108 805 125 856 s
147 793 215 857 loeo
229 789 419 855 ossstiterst
451 788 539 853 liano
554 810 658 855 rursus
679 800 743 854 xttt
764 790 890 875 legionis
911 791 1053 856 solertes
1067 795 1301 877 exceperuntd

146 913 221 979 quse
242 912 286 958 ex
306 892 416 956 eastris
437 891 602 956 minoribus
625 891 750 958 ednotae
770 915 838 958 eum
853 892 926 959 Tito
941 891 1049 959 Sestio
1063 894 1163 978 legato
1178 915 1267 982 oepe-

145 1006 215 1061 runt
234 995 335 1059 mes·
355 994 552 1078 superiorem.
590 991 757 1080 Legiones,
774 995 823 1059 ulti
839 997 965 1080 primunr
980 997 1138 1081 planiciem
1152 998 1301 1084 adfige-d

145 1107 228 1176 rust,
244 1096 363 1162 islestis
378 1107 484 1160 eontra
498 1097 600 1161 hostes
615 1096 708 1181 siguis
723 1098 933 1163 eonstiteruut.
975 1097 1211 1185 Vercingetorix
1227 1099 1302 1168 stt

146 1199 296 1264 rstlieibns
310 1197 398 1263 collis
412 1219 484 1262 snos
499 1197 579 1262 intra
593 1197 774 1263 munitiones
789 1200 923 1263 redusit.
947 1198 994 1265 llo
1009 1202 1058 1266 die
1072 1202 1181 1269 milites
1195 1212 1267 1268 sunt

90 1311 123 1366 to
147 1301 234 1386 paulu
247 1300 346 1365 misus
361 1300 546 1386 septingenti
561 1300 731 1365 desiderati.
774 1297 904 1366 Postero
925 1303 973 1367 die
988 1301 1106 1368 Caesar
1120 1305 1260 1371 sentisne
1274 1304 1320 1377 52

147 1404 292 1468 “unta
312 1404 511 1469 temeritatem
533 1401 784 1486 eupiditatemque
803 1403 928 1469 militnm
950 1405 1162 1488 reprehendit,
1185 1408 1265 1491 qnod

146 1505 205 1571 silei
217 1506 276 1591 ipsi
289 1505 519 1584 ludiosuissent,
535 1525 595 1589 qno
611 1506 828 1589 procedendum
841 1516 895 1570 sut
907 1506 975 1590 quid
983 1507 1131 1590 agendum
1145 1508 1265 1575 uidere·

147 1619 214 1687 tur,
236 1627 335 1691 seque
354 1607 443 1692 signo
464 1607 628 1692 reeipiendi
648 1608 718 1673 dsto
741 1608 950 1673 oonstitissent
972 1618 1068 1692 neque
1082 1609 1119 1674 sl
1135 1610 1279 1677 tribunis

146 1709 273 1775 militum
280 1709 578 1795 legstisqnesetineri
586 1710 764 1795 potuissent.
781 1708 945 1794 Exposuit,
962 1712 1031 1793 quid
1046 1711 1189 1794 iniquitas
1204 1713 1299 1779 loei2

90 1824 123 1876 ts
146 1812 357 1897 posset,.tpnid
370 1811 436 1896 ipse
449 1813 487 1877 ad
502 1813 666 1877 Auariemn
680 1812 843 1890 sensisset,
871 1834 938 1878 enm
960 1813 1027 1879 siue
1048 1814 1124 1878 duee
1145 1825 1176 1878 et
1196 1815 1264 1880 sise

146 1915 282 1997 equitatu
295 1915 489 1999 deprelremis
505 1915 639 1980 hostibus
653 1915 839 1999 exploratam
854 1915 1011 1980 nistorism
1025 1915 1209 1994 dimisisset,
1226 1936 1267 1982 ne

149 2036 275 2100 persn-
287 2017 375 2083 mods
387 2017 598 2083 lenimentum
613 2017 646 2082 in
660 2017 854 2081 sententiose
869 2027 990 2100 propter
1006 2018 1193 2103 iniquitatem
1203 2018 1265 2084 lesi

148 2117 309 2184 sonideret.
336 2116 459 2201 llusuto
474 2140 564 2204 opere
580 2139 684 2184 eorum
699 2117 790 2184 animi
804 2117 1037 2200 magnitudinem
1052 2120 1262 2199 admiraretur,
1279 2122 1299 2187 3

146 2240 221 2304 snos
235 2240 297 2285 sos
310 2232 475 2287 nuaram
490 2222 689 2299 munitiones,
714 2239 775 2286 uon
789 2219 915 2285 altitudo
929 2221 1058 2297 montis,
1080 2238 1141 2285 nou
1161 2243 1265 2287 murus

88 2333 124 2387 st
145 2323 243 2407 oppidi
258 2326 382 2390 tsrdsre
392 2325 552 2410 potuisset,
571 2334 655 2389 tanto
670 2342 761 2409 opere
776 2321 925 2389 licentiam
942 2321 1265 2405 adrogantismquero-

147 2425 346 2509 prehendere,
360 2428 438 2514 qued
454 2427 521 2512 plus
535 2448 570 2492 se
581 2447 668 2510 quam
679 2426 889 2511 imperatorem
898 2425 934 2489 de
943 2423 1169 2508 uictoriantque
1179 2425 1265 2491 exitu

146 2546 249 2595 rerum
263 2530 376 2594 sentire
392 2529 621 2607 existimarent3
645 2549 702 2593 neo
716 2528 815 2592 minus
831 2548 865 2591 se
881 2526 917 2590 ab
933 2527 1027 2592 milite
1041 2528 1218 2597 modestiam
1234 2526 1300 2594 etl

146 2631 360 2697 muniendam
376 2653 464 2714 quam
473 2631 613 2696 uirtutem
623 2640 712 2714 atque
726 2629 819 2696 animi
833 2630 1065 2714 magnitudinem
1079 2631 1263 2697 desiderare.

146 2728 211 2797 llse
225 2733 325 2798 debita
340 2733 481 2800 eontinne
496 2744 527 2797 et
541 2733 578 2797 ad
594 2744 762 2798 extremam
782 2734 951 2797 orationem
966 2734 1146 2797 confirmatis
1162 2733 1262 2797 militi·
1276 2730 1321 2805 58

89 2845 123 2898 25
144 2833 213 2914 ltus,
228 2856 267 2901 ne
282 2835 320 2901 oh
337 2835 412 2901 hano
428 2856 548 2905 causum
563 2836 662 2901 animo
673 2846 926 2921 permonereutur
940 2854 1012 2912 nen,
1030 2834 1105 2916 quod
1121 2834 1264 2918 iniquitss

145 2936 203 3003 loei
216 2937 386 3016 adtulisset,
407 2939 438 3003 id
453 2937 556 3004 uirtuti
572 2937 699 3005 hostium
716 2936 892 3018 tribuerent,
911 2938 1014 3001 eadem
1029 2935 1064 3000 de
1080 2933 1265 3019 proiectione

254 3126 267 3179 1
283 3125 386 3192 psslum
399 3125 444 3176 Be
456 3127 566 3193 reliqui,
580 3123 712 3192 pertulum
725 3125 773 3176 te.
920 3125 936 3175 2
949 3121 1042 3188 nostri]
1057 3121 1107 3172 nisi
1120 3137 1157 3172 m.
1167 3135 1214 3186 pr.
1228 3121 1262 3173 B.

253 3198 419 3254 uersos(
506 3205 580 3270 tpro
593 3202 772 3252 tutassent.
887 3200 1087 3251 dseduetneB.
1202 3186 1264 3250 l'tt·

146 3279 181 3344 B,
193 3279 225 3333 ’1.
238 3297 267 3332 u.
411 3282 495 3334 lenum
508 3274 634 3349 eepersnt
645 3294 706 3330 eum
720 3280 734 3330 1
748 3279 836 3331 emon.
850 3293 879 3329 s.
1029 3278 1044 3332 1
1057 3277 1191 3346 planitiem
1204 3277 1263 3345 (B).

255 3358 404 3424 adtigerunt
415 3360 449 3411 B.
553 3361 683 3413 libentem
696 3375 719 3410 e.
826 3358 1007 3410 extiteruntd.
1111 3357 1264 3408 dmunltls·

147 3447 196 3484 ses
208 3437 306 3504 resepit
318 3437 424 3489 reduxit
437 3439 461 3488 t.
568 3445 630 3490 sunt
640 3430 707 3489 uate
719 3437 863 3490 desidersti
873 3439 957 3502 posit
968 3438 991 3488 1.
1114 3437 1146 3488 111
1160 3435 1262 3501 paulus

146 3513 243 3566 Aac.
347 3518 506 3580 sextingenti
519 3517 552 3568 B.
652 3512 778 3568 'eeutione
791 3516 823 3580 B,
839 3531 892 3566 nou
904 3515 1040 3566 eoneione·
1152 3513 1264 3566 tetsel-

146 3599 250 3642 esssent
262 3591 287 3643 1.
416 3595 709 3646 lteonstitnissentm.
722 3609 767 3660 pr.
780 3593 814 3643 B.
935 3589 1262 3656 authorisamus,

145 3682 200 3718 eos
212 3681 228 3718 s
240 3669 363 3725 ent-nis.
470 3672 502 3723 tt
515 3672 636 3738 exposuit
648 3672 672 3722 B
683 3676 713 3721 st
722 3672 832 3735 rettpue',
847 3669 966 3735 exposito
981 3668 1026 3718 to.
1149 3668 1180 3720 ts
1192 3668 1262 3736 eum]

144 3744 205 3810 qnid
218 3746 243 3797 1.
351 3749 381 3801 to
395 3748 552 3799 dimississet
564 3749 596 3799 B.
703 3746 960 3809 ldseeideretdtll)
970 3745 992 3796 0
999 3744 1078 3806 uto,
1092 3744 1225 3810 seeiperet
1235 3761 1261 3798 e.

254 3831 350 3891 quanto
364 3839 444 3890 opere
456 3829 485 3875 st
494 3826 528 3878 2⁰
540 3832 614 3877 tsnto
626 3840 704 3890 opere
718 3825 743 3875 A
749 3823 798 3891 (B)
807 3823 875 3887 01),
894 3837 948 3872 uon
960 3827 1119 3888 quantopere
1131 3824 1161 3870 et
1177 3827 1264 3875 tueto-

144 3912 217 3965 μη.
356 3901 390 3952 te
402 3915 467 3968 quos
481 3901 547 3953 ded
554 3917 576 3964 e,
591 3901 659 3967 quod
671 3900 695 3950 B
708 3897 841 3964 ‘reliquit
967 3911 1055 3948 muros
1069 3896 1134 3958 BC,
1147 3899 1213 3951 muri
1225 3901 1261 3953 11.

251 3975 285 4028 11)
298 3979 444 4044 potuissent
455 3980 490 4030 1).
594 3977 837 4043 (sdrogustisnrqne
850 3974 887 4041 B)
900 3981 927 4025 et
939 3975 1113 4039 arrogantis·
1127 3975 1152 4027 1.

144 4055 179 4109 22
189 4054 222 4106 slr
234 4055 320 4106 milite
332 4058 356 4108 ll
368 4062 398 4107 et
406 4061 448 4107 sio
460 4058 518 4108 ‘uel
528 4071 544 4108 s
556 4057 639 4108 milite
652 4055 779 4121 retiqus’,
793 4056 819 4105 in
832 4054 915 4105 milite
929 4053 1023 4105 dede.
1139 4063 1168 4107 et
1179 4057 1262 4107 eonti-

144 4132 412 4185 assummum
532 4134 565 4188 11
578 4141 657 4200 utque
670 4149 722 4184 om.
739 4133 764 4182 b.
884 4132 918 4185 21
931 4133 1050 4183 contione
1063 4133 1096 4183 B.
1228 4133 1261 4183 sd

143 4217 287 4262 extrenum
301 4212 446 4263 orationem
459 4212 544 4264 Arc
552 4213 587 4276 D,
601 4213 635 4263 sd
648 4218 791 4262 extremum
804 4211 923 4261 orstione
936 4211 1027 4261 dede.
1139 4212 1172 4262 ‘ts
1185 4211 1258 4262 edts·

143 4283 221 4337 lisset
232 4286 266 4338 B.
372 4288 463 4340 idom.
477 4288 512 4340 D.
616 4288 709 4339 uirtuti
722 4285 846 4354 hostium]
859 4287 926 4337 hosti
939 4300 953 4336 e
965 4286 1036 4337 And.
1051 4285 1140 4337 Osos.

1025 4365 1090 4429 ῃ.
