2692 4688
521 198 666 270 CAPVT
682 196 835 321 bb-bb.
1233 199 1299 270 dus

120 379 229 456 leetae,
246 376 387 439 numiam
403 396 463 439 non
475 377 565 459 longe
580 397 597 439 a
612 370 865 460 portulluspiuae
880 370 1032 448 abessent,
1049 372 1241 458 conspicatae

118 475 322 544 Caesarianas
337 498 443 553 naues,
453 498 530 561 quae
545 478 576 540 iu
591 477 721 540 statione
736 475 813 560 apud
821 472 977 558 Thapsum
992 471 1124 554 stabant,
1141 477 1240 554 ueriti,

120 603 159 645 ue
179 581 210 643 iu
235 580 476 642 aduersariorum
498 589 532 642 ut
554 578 713 643 insidiandi
733 576 831 661 gratia
845 575 887 639 ibi
902 574 1149 639 commorantium
1167 578 1244 642 olas·

119 704 181 745 seur
198 680 377 758 inciderent,
394 680 588 765 inprudentes
603 682 672 745 uela
685 678 717 742 iu
733 677 824 742 altum
833 677 978 741 dederunt
992 697 1027 740 ao
1042 677 1092 740 diu
1108 677 1244 742 multum·

83 798 98 847 tt
122 803 179 865 que
201 782 305 847 iactati
327 783 444 848 taudem
467 782 567 847 multis
589 793 657 866 post
677 781 780 846 diebus
802 781 852 844 siti
873 779 1032 864 inopiaque
1054 780 1184 844 eunieeti
1206 780 1244 845 ad

119 882 282 949 Caesarem
298 885 487 967 perueniunt.
525 882 642 967 Quibus
658 882 824 968 legionibus
838 882 988 967 expositis
1003 902 1118 946 memor
1131 882 1163 946 iu
1178 880 1239 947 lta·
1254 881 1301 955 54

119 988 159 1052 lia
177 986 321 1071 pristinae
344 986 484 1051 licentiae
506 987 644 1052 militaris
667 1006 703 1049 ae
724 986 897 1070 rapinarum
920 995 1069 1048 certorum
1093 984 1242 1050 bominum

119 1089 273 1172 paruulam
290 1089 377 1151 modo
392 1091 542 1153 eausulam
559 1100 665 1154 uaetus
680 1083 810 1165 Caesar,
833 1086 911 1170 quod
926 1082 965 1150 C.
982 1086 1133 1165 Auienus,
1149 1086 1244 1151 tribu·

121 1212 178 1255 nus
193 1189 318 1253 militum
330 1200 357 1252 x
368 1190 509 1275 legionis,
521 1212 626 1256 nauem
641 1201 821 1268 eommeatu,
836 1189 946 1254 familia
958 1208 1014 1253 sua
1028 1191 1243 1272 atque‘iumen·

65 1303 98 1357 tu
120 1292 178 1370 tis,
203 1291 416 1375 oeeupauisset
438 1314 534 1377 neque
558 1294 681 1358 militem
697 1312 787 1356 unum
802 1291 839 1354 ab
854 1288 960 1356 Sicilia
974 1291 1167 1367 sustulisset,
1191 1291 1279 1376 po-2

121 1404 203 1457 steru
219 1393 267 1457 die
282 1393 319 1457 de
334 1405 478 1477 suggestu
494 1396 670 1460 conuocatis
685 1395 816 1458 omnium
831 1393 979 1478 legdonum
996 1392 1124 1456 tribunis
1139 1404 1243 1458 eentu-

122 1497 328 1579 riouibusque,
355 1493 503 1560 ‘Maxime
525 1497 656 1576 uellem',
679 1496 786 1580 inquit,
811 1496 959 1560 ‘homiues
975 1515 1048 1558 suae
1063 1494 1260 1579 petulantiae

121 1599 290 1682 nimiaeque
312 1597 460 1663 libertatis
481 1599 641 1684 aliquando
662 1599 749 1664 liuem
774 1597 916 1663 iecissent
936 1617 1080 1681 meaeque
1095 1598 1242 1677 lenitatis,

123 1701 288 1765 modestiae
312 1700 531 1784 patientiaeque
552 1702 700 1765 rationem
724 1700 909 1765 habuissent.
956 1695 1016 1764 Sed
1032 1701 1170 1783 quoniam
1185 1698 1279 1786 ipsid

65 1813 97 1865 tt
119 1801 177 1866 sibi
200 1822 297 1885 neque
320 1805 436 1867 modum
457 1822 552 1886 neque
567 1804 725 1867 terminum
740 1803 947 1879 eonstitunnt,
972 1823 1030 1885 quo
1046 1803 1139 1866 eeteri
1155 1803 1245 1867 dissi-

121 1903 233 1966 militer
253 1923 287 1967 se
308 1916 434 1988 gerant,
459 1916 579 1988 egomet
593 1905 656 1989 ipse
672 1907 880 1970 documentum
896 1923 980 1968 more
994 1903 1117 1967 militari
1132 1906 1244 1969 eonsti-

121 2016 214 2069 tuam.
262 2003 300 2071 C.
317 2006 457 2086 Auioue,
482 2008 559 2091 quod
582 2008 613 2071 in
631 2004 718 2070 ltalia
741 2007 850 2071 milites
872 2005 971 2090 populi
987 2003 1117 2070 Romani
1139 2008 1279 2073 eaubad

123 2107 332 2193 rempublicam
354 2109 507 2194 instigasti
529 2109 709 2193 rapinasque
731 2130 784 2193 per
805 2107 965 2190 municipia
988 2109 1085 2173 leeisti
1108 2111 1245 2193 quodque

121 2210 194 2274 mibi
217 2212 322 2294 reique
345 2211 480 2296 publicae
502 2211 617 2276 inutilis
637 2212 719 2276 fuisti
733 2221 765 2274 et
779 2232 832 2295 pro
847 2210 990 2273 militibus
1005 2219 1086 2272 tuam
1101 2210 1243 2275 familiam

65 2323 99 2378 20
122 2313 312 2397 iumentaque
334 2314 367 2378 iu
384 2335 477 2379 naues
493 2315 673 2398 inposuisti,
698 2325 809 2396 tuaque
831 2332 923 2396 opera
944 2309 1088 2375 militibus
1112 2322 1245 2398 temporo

122 2417 295 2479 necessario
310 2417 477 2501 respublica
493 2427 590 2495 earet,
615 2417 652 2481 ob
668 2437 720 2481 eas
735 2435 785 2481 res
800 2413 982 2499 ignominiae
996 2433 1085 2477 eausa
1102 2413 1138 2477 ab
1154 2432 1245 2479 exer·

123 2516 184 2579 eitu
199 2538 266 2580 meo
282 2527 311 2580 te
326 2537 467 2582 remoneo
483 2518 628 2604 bodieque
649 2540 689 2584 ex
704 2518 810 2583 Atrion
830 2516 938 2583 abesse
959 2527 990 2582 et
1012 2526 1153 2600 quantum
1176 2528 1245 2604 pote

122 2619 271 2704 proficisci
286 2618 387 2684 iubeo.
417 2618 552 2705 Itemque
568 2631 610 2700 te,
631 2620 711 2686 Aule
725 2618 848 2699 Fontei,
871 2621 950 2704 quod
964 2620 1102 2684 tribunus
1118 2619 1245 2685 militum

123 2722 286 2787 seditiosus
302 2724 455 2807 malusque
471 2724 546 2788 niuis
561 2724 662 2803 luisti,
687 2734 718 2787 te
732 2722 768 2786 ab
789 2724 926 2786 exereitu
941 2723 1068 2785 dimitto.
1099 2721 1170 2786 Tite
1188 2719 1280 2788 seb

66 2833 100 2888 m
123 2822 213 2902 liene,
236 2823 282 2888 Μ.
299 2825 387 2905 Tiro,
413 2823 452 2890 C.
470 2824 624 2907 Clusinus,
650 2847 716 2889 oum
732 2823 855 2888 ordines
869 2823 901 2888 in
916 2843 984 2886 meo
999 2824 1138 2887 exercitu
1152 2821 1246 2888 bene·

124 2926 191 2990 lieio
207 2949 266 2993 uon
283 2929 395 2993 uirtute
411 2931 563 2994 uonseeuti
578 2931 620 2994 ita
637 2951 691 2993 uus
707 2927 874 3013 gesseritis,
897 2936 931 2990 ut
945 2945 1041 3008 neque
1057 2924 1134 2988 bello
1151 2926 1245 2991 torres

125 3049 223 3110 neque
243 3050 317 3112 pace
338 3031 407 3093 boui
424 3042 476 3093 aut
491 3032 579 3096 utiles
595 3032 712 3096 fueritis
729 3040 760 3093 et
775 3030 869 3112 magis
884 3028 915 3091 in
930 3026 1078 3091 seditione
1093 3028 1248 3092 eoueitan·

124 3128 227 3210 disque
243 3129 384 3193 militibus
400 3132 558 3196 aduersum
573 3144 707 3196 uestrum
723 3132 933 3215 imperatorem
946 3149 1033 3211 quam
1046 3130 1166 3214 pudoris
1182 3152 1246 3196 mo·

125 3229 297 3313 destiaeque
313 3231 431 3296 fueritis
446 3233 652 3312 studiosiores,
675 3233 816 3318 indiguus
832 3253 887 3297 uos
902 3252 971 3296 esse
987 3231 1128 3313 arbitror,
1147 3236 1245 3317 quiin

231 3420 433 3475 leaesarinnas
448 3439 528 3475 naues
541 3439 569 3488 a,
584 3438 664 3476 naues
677 3423 851 3477 Caesarianae
864 3422 923 3474 edd.
1048 3422 1208 3476 binaidiauti
1218 3439 1245 3477 a.

232 3498 423 3563 linprudentea
433 3516 460 3551 a.
565 3499 696 3567 bmemor]
707 3498 953 3552 auditCaesaresae
961 3515 1104 3552 moerorem
1113 3516 1136 3551 e.

123 3572 256 3637 dparuula
265 3588 292 3623 a.
399 3577 545 3626 easnlame.
650 3584 742 3627 nactus
755 3577 822 3643 quod
836 3574 1059 3628 Caesar-Auienus
1071 3591 1089 3627 a
1104 3578 1178 3628 ‘maa
1186 3575 1246 3644 ple·

123 3651 210 3716 re'qae'
223 3651 264 3716 (C.
279 3651 560 3721 adiecitStepbaaaa).
664 3654 791 3722 tainqnid
804 3670 831 3705 a.
937 3655 1096 3720 petulantiae
1108 3669 1135 3705 a.

122 3729 399 3796 ltpaeientiaequea.
504 3729 565 3798 ipsi]
578 3732 701 3786 usiobe.
808 3732 1002 3799 lbipseom.b.
1110 3732 1246 3785 ldmaaol-

122 3807 202 3873 piab.
310 3810 376 3876 quod
390 3811 451 3860 mibi
465 3811 490 3860 b.
598 3811 633 3864 20
646 3810 784 3877 inposuisti
796 3826 823 3862 a.
928 3809 1108 3877 militibusque
1122 3812 1195 3862 ‘mam
1208 3810 1244 3873 β’,

123 3886 249 3937 militibus
262 3904 327 3954 qnae
340 3905 368 3939 a.
472 3890 506 3944 22
519 3890 648 3956 bodieque
661 3897 687 3941 te
700 3905 733 3940 ex
747 3892 772 3940 b.
878 3895 937 3956 pote
948 3887 1245 3959 Oudendorpa'u83peto

121 3978 138 4012 a
153 3964 177 4026 b,
191 3978 238 4029 pro
251 3979 282 4014 eo
295 3982 325 4027 ος
339 3973 425 4031 potest
438 3966 496 4016 eod.
511 3965 612 4018 Vana.
717 3966 825 4018 mula
838 3981 865 4028 a,
879 3965 947 4017 Aa.
1053 3967 1120 4021 alte
1132 3967 1244 4033 ababa,

122 4043 195 4093 abu.
300 4043 360 4096 'l'ite
373 4061 401 4108 a,
414 4044 446 4095 Τ.
461 4060 488 4095 u.
592 4047 719 4101 25meo.
824 4043 1154 4111 bbuirtute1sitisudd.o
1170 4048 1243 4098 ‘maa

122 4120 157 4175 l'.
275 4123 307 4176 at
321 4123 428 4175 sediune
441 4139 468 4174 a.
585 4123 620 4178 28
632 4123 770 4175 aduersum
781 4129 896 4174 oestrum
908 4123 1089 4191 inperatorem
1104 4123 1243 4175 deusdet.

123 4197 183 4261 (aad
193 4200 352 4266 aduerano)‚·
366 4201 578 4254 aduersariorum
591 4207 736 4254 uestrorum
750 4201 916 4269 imperaturis
928 4218 968 4254 ae
979 4208 1016 4266 et,
1027 4206 1077 4269 qut
1088 4209 1247 4266 nostrorum,

122 4276 233 4343 reliqui.
