2692 4688
475 204 796 285 -ttd—f-

83 385 233 473 plectitur.
264 379 432 466 Abruptum
448 389 549 443 antem
564 378 723 444 exordium
737 377 880 442 librorum
896 377 933 441 de
947 376 1025 442 bello
1040 375 1123 442 oiuili
1137 397 1207 443 euro

82 509 144 553 non
159 485 308 562 offendet,
330 483 379 566 qui
394 477 559 546 Caesarem
574 500 625 544 res
640 481 766 545 duorum
781 480 967 565 superiorum
984 501 1131 545 annornm
1146 502 1209 549 non

82 589 336 678 praetermisisse,
352 585 404 649 sed
421 584 572 649 distulisse
588 583 787 668 reputanerit,
806 604 901 667 coque
915 584 1028 665 minus,
1045 584 1207 667 siquidem,

82 705 116 758 ut
130 692 216 757 nobis
230 691 328 755 uisum
344 698 409 765 cst,
432 682 551 751 Caesar
564 688 619 751 bos
642 686 679 749 de
700 685 778 751 bello
800 685 880 750 ciuili
897 686 1128 752 commentarios
1144 687 1210 772 ipse

82 816 144 861 non
159 794 262 859 edidit.
294 789 399 875 ltaque
413 800 498 854 recte
511 786 619 853 Morus
633 787 780 853 indicauit
793 808 896 853 eorum
911 789 996 854 initio
1011 789 1087 854 nibil
1101 790 1211 855 deesse

82 897 193 965 uideri.

168 997 240 1064 Lib.
258 994 273 1062 1
288 997 325 1060 de
340 995 370 1060 b.
387 995 448 1058 eiu.
466 1015 494 1057 c.
511 991 552 1071 2,
576 992 615 1072 3,
639 992 690 1057 ubi
704 991 748 1058 ita
762 993 879 1057 editur:
906 995 1026 1060 ‘umere
1041 990 1210 1063 Caesarem

84 1103 217 1187 abreptis
234 1099 270 1164 ab
286 1120 322 1162 eo
338 1096 451 1161 duabus
466 1094 652 1179 legionibus,
677 1116 715 1159 ne
736 1096 773 1158 ad
789 1097 853 1161 eins
870 1098 1033 1181 pericnlum
1047 1118 1211 1165 resernnre

85 1218 116 1270 ct
131 1206 263 1270 retinere
278 1222 330 1265 eas
357 1199 394 1263 ad
417 1197 520 1262 urbem
535 1195 695 1281 Pompeius
711 1198 884 1274 uideretur',
908 1201 979 1263 illud
1006 1200 1160 1285 ‘abreptis'
1176 1202 1210 1267 in

84 1308 149 1373 solo
164 1305 251 1372 Leid.
271 1324 333 1369 sec.
351 1302 472 1384 legitur.
503 1299 540 1364 Iu
556 1300 679 1384 reliquis
693 1300 781 1364 codd.
798 1302 939 1386 scriptum
956 1314 1003 1367 ast
1026 1304 1210 1389 ‘correptis'

85 1416 248 1495 peruagata
264 1425 369 1470 erroro
384 1425 438 1488 pro
461 1403 623 1485 ‘creptis’,
648 1424 716 1466 eum
732 1403 932 1487 praepositio,
955 1426 1032 1488 qnae
1051 1416 1099 1471 est
1113 1410 1208 1487 ‘eon’,

85 1511 186 1575 littera
201 1531 217 1572 c
236 1507 417 1592 superducta
431 1504 541 1569 bucula
557 1514 726 1569 notaretur.
744 1504 831 1591 Eripi
846 1507 956 1590 aliquid
970 1508 1118 1593 abaliquo
1133 1510 1213 1575 dixit

87 1610 155 1678 cic.
173 1607 265 1676 Verr.
283 1605 312 1685 l,
329 1607 383 1682 41,
401 1603 475 1670 106.
492 1602 549 1683 IV,
565 1605 599 1683 7,
617 1605 814 1685 143invar.
833 1609 886 1685 12,
903 1608 957 1673 29.

173 1708 251 1789 (1.3,
268 1710 335 1775 2in
351 1709 471 1794 optimis
486 1707 570 1773 codd.
588 1709 662 1773 baec
677 1709 788 1794 scripta
803 1721 891 1775 sunt:
910 1711 1013 1777 ‘Multi
1025 1712 1156 1802 undique
1169 1732 1213 1779 ex

88 1816 243 1882 ueteribus
252 1812 385 1898 Pompeii
401 1811 584 1876 exercitibus
600 1832 652 1895 spe
670 1814 867 1895 praemiorum
884 1824 972 1897 atque
987 1816 1124 1879 ordinum
1139 1835 1213 1882 eno·

89 1930 209 1996 cantur,
226 1917 311 1981 multi
328 1936 369 1978 ex
384 1913 497 1978 duabus
514 1913 692 1997 legionibus,
709 1935 784 1997 quae
799 1927 868 1979 sunt
885 1917 1012 1982 traditae
1026 1939 1044 1983 a
1060 1915 1211 1999 Caesare,

89 2030 295 2086 arcessuutur.
320 2012 495 2101 Completur
511 2015 582 2081 urbs
596 2026 628 2080 et
642 2016 689 2079 ins
705 2017 853 2080 comitium
871 2029 910 2082 tr.
927 2022 968 2103 pl.
986 2020 1123 2084 centurio
1140 2040 1215 2085 eno·

90 2123 161 2191 eat'.
187 2121 245 2187 llic
260 2120 318 2185 tria
334 2131 471 2185 extrema
485 2118 577 2183 uerba
593 2139 653 2182 ooo
669 2129 769 2203 potest
783 2119 902 2183 dubium
918 2141 987 2187 esse
1002 2124 1074 2207 quio
1089 2120 1213 2189 Oudon·

90 2228 211 2312 dorpius
226 2236 309 2290 recte
325 2225 366 2289 ita
382 2221 604 2287 emendauerit=
623 2222 777 2299 ‘tribunis,
794 2222 1033 2302 centurionibus,
1051 2227 1211 2292 cuneatis'.

89 2328 171 2396 Nam
187 2351 250 2393 uox
266 2326 382 2410 ‘plebis'
399 2326 514 2389 adiecta
529 2323 628 2405 potius
643 2344 660 2384 a
675 2323 811 2403 librario,
828 2346 915 2408 qnam
932 2328 1089 2392 ‘militum’
1104 2351 1159 2414 pro
1175 2350 1215 2397 es

90 2432 257 2517 ponendum
274 2428 367 2492 uideri
383 2426 482 2491 debet.
522 2422 583 2491 Sed
599 2428 675 2510 quod
691 2427 768 2489 idem
785 2448 837 2511 pro
852 2428 911 2492 illis
929 2436 973 2494 ‘et
987 2430 1035 2497 ius
1050 2433 1215 2499 comitium·

90 2533 251 2598 editionem
269 2528 347 2594 Ven.
370 2549 399 2592 a.
426 2524 510 2592 1⁴94
532 2539 653 2592 secutus
678 2539 728 2592 ‘et
748 2529 813 2593 eins
829 2531 998 2597 comitinm'
1021 2536 1215 2601 scribendum

92 2632 289 2708 existimauit,
307 2631 427 2717 probari
442 2650 502 2693 non
518 2639 627 2714 potest.
650 2626 732 2694 Nam
747 2645 800 2695 ant
814 2635 965 2699 comitium
981 2636 1012 2699 iu
1027 2637 1102 2703 urbe
1118 2638 1215 2705 inisse

91 2737 191 2821 inepte
208 2736 478 2810 demonstraretur,
495 2742 547 2795 eut
561 2730 644 2795 urbis
661 2734 810 2797 comitium
821 2735 858 2798 ab
874 2736 1212 2823 alterodisoerneretur,

91 2840 168 2922 qnod
185 2837 297 2903 nullum
313 2847 390 2903 erat.
428 2833 536 2918 Neque
560 2834 682 2897 omnino
703 2846 787 2899 recte
803 2836 875 2901 urbs
884 2841 1026 2906 euocatis
1042 2854 1073 2907 et
1087 2845 1215 2910 duarum

91 2943 242 3025 legionum
266 2939 394 3005 tribunis
414 2948 503 3022 atque
525 2937 751 3002 centurionibus
773 2942 914 3024 compleri
937 2943 1063 3021 dicitnr,
1087 2950 1233 3030 quornm'

91 3044 241 3109 bominum
259 3065 319 3107 non
334 3063 461 3124 magnus
476 3061 617 3105 numerus
633 3051 709 3104 eret.
741 3038 845 3124 ltaque
859 3043 910 3107 illa
935 3051 979 3108 ‘et
994 3047 1050 3109 ins’
1072 3050 1215 3133 reliquias

91 3169 159 3215 csse
175 3148 265 3213 uredo
280 3145 421 3211 uocabuli
438 3143 613 3220 ‘militibus',
631 3144 717 3208 cuins
733 3144 862 3228 priorem
876 3159 991 3230 partem
1002 3152 1142 3232 superior
1152 3172 1217 3218 nox

93 3250 301 3327 absorbuerit,
318 3258 351 3312 et
366 3248 439 3311 baec
453 3248 496 3311 ita
511 3246 669 3311 scribenda
684 3267 751 3310 esse
767 3248 913 3312 arbitrorr
943 3251 1127 3334 ‘completur
1142 3252 1215 3318 urbs

93 3352 254 3428 militibus,
280 3349 432 3414 comitium
447 3349 593 3423 tribunis,
617 3348 862 3425 centurionibus,
887 3351 1049 3416 euocatis’.
1082 3351 1213 3421 Tribuni

93 3456 184 3530 euim,
203 3452 407 3526 centuriones,
425 3452 555 3525 euocati,
571 3461 606 3513 ut
621 3451 821 3530 honestiores,
840 3466 1035 3537 campartem
1052 3457 1108 3521 iuri
1124 3478 1216 3523 oecu-

95 3563 250 3639 pnuerant,
268 3572 344 3636 quae
359 3552 460 3616 curiae
476 3552 611 3637 proxime
627 3563 705 3615 erat.

180 3650 219 3719 C.
237 3655 275 3735 5,
298 3653 408 3719 3bnee
423 3656 499 3739 apud
516 3651 758 3739 Oudendorpium
774 3655 933 3742 legunturr
962 3656 1165 3726 ‘Decurritur
1178 3663 1215 3727 nd

95 3758 165 3825 illud
183 3770 349 3823 extremum
366 3768 489 3823 senatus
510 3760 696 3836 consultum,
719 3778 777 3841 quo
800 3759 858 3823 nisi
882 3782 974 3845 paene
998 3763 1028 3826 in
1052 3765 1117 3849 ipso
1133 3764 1218 3830 urbis

94 3861 232 3926 incendio
254 3872 342 3942 atquc
365 3861 396 3923 iu
426 3862 637 3946 desperatione
660 3861 792 3925 omnium
815 3863 920 3927 salutis
941 3867 1068 3929 latorum
1091 3866 1218 3932 audacio

96 3984 253 4046 numquam
269 3974 338 4026 ante
353 3962 517 4026 discessum
538 3974 603 4043 est,
629 3966 700 4028 dent
720 3987 840 4051 operam
864 3967 1021 4043 consules,
1046 3979 1215 4051 praetores,

96 4065 204 4129 tribuni
222 4067 315 4150 plebis
330 4066 440 4149 quique
455 4067 629 4132 consulares
645 4069 766 4131 suntad
782 4069 906 4146 urbem,
925 4090 963 4133 nc
987 4070 1054 4153 quid
1070 4072 1217 4156 respubli-

95 4190 131 4232 ca
147 4169 315 4233 detrimenti
332 4167 452 4252 capiat'.
484 4164 542 4231 ilic
558 4169 615 4233 duo
632 4172 703 4234 uitia
720 4181 801 4234 reete
817 4171 933 4234 sublata
950 4183 1039 4250 sunt,
1057 4173 1219 4239 alternma

95 4269 216 4353 lioblio,
238 4273 288 4357 qui
305 4274 497 4339 ‘descensum
510 4271 572 4336 est'
595 4273 762 4356 ponendum
778 4274 871 4353 dixit,
890 4275 1016 4339 alterum
1031 4299 1049 4342 a
1065 4272 1217 4363 Pantaga-
