2692 4688
532 207 838 276 4.oe-

125 383 269 468 scriptuta
285 383 412 462 fuisset,
436 380 504 445 inde
525 381 558 445 lu
579 380 709 466 integris
722 380 808 444 codd.
835 385 990 463 ‘puguant
1010 376 1086 461 quo’
1108 378 1247 443 ellemari

126 506 194 550 esse
210 485 384 549 incredibile
400 493 459 549 est.
489 479 595 566 ltaque
612 483 704 547 uerba
720 489 874 568 ‘puguant
886 483 960 565 quo’
975 482 1007 546 iu
1022 481 1126 546 codice
1140 482 1248 545 arsbe-

126 597 197 673 tyqo
212 586 342 671 ascripta
357 607 425 650 esse
440 585 572 650 arbitror
585 585 622 648 ud
638 583 774 669 proxima
789 585 946 669 superiora
970 583 1126 647 ‘omuibus
1148 583 1181 647 iu
1202 583 1248 647 lo⁴

125 689 179 755 cis'
191 688 380 774 explicanda,
397 688 524 752 barbara
533 689 670 753 oratioue
678 688 806 773 probisa
825 686 888 750 ‘ubi
903 684 1059 772 pugnent’3
1073 686 1142 750 inde
1156 704 1246 749 ema·

125 791 233 877 gisus,
250 792 436 875 elegantiore
452 791 584 868 bomine,
602 790 756 854 ‘omuibus
771 788 846 853 locis
861 788 992 874 puguae'
1008 787 1148 853 ellectum
1162 807 1244 853 esse.

124 890 205 958 Idem
222 893 370 957 accidisse
386 889 456 971 Vll,
473 890 515 957 38
529 890 681 957 Wbittius
695 892 856 957 intellexit.
894 889 939 956 lbi
956 894 986 976 5.
1003 890 1021 954 1
1038 891 1165 955 relatam
1180 898 1248 955 crat

124 995 297 1062 Litauieum
314 995 447 1059 Haeduis
462 993 630 1058 affirmasse
647 1015 763 1058 omnem
779 1014 883 1059 eorum
898 994 1062 1078 equitatum
1076 1014 1095 1058 a
1108 989 1247 1058 camme

124 1099 305 1165 trucidatum
320 1117 388 1162 esse
403 1107 492 1183 atque
507 1095 564 1159 boc
579 1115 632 1160 ecs
647 1096 684 1161 ab
700 1096 756 1176 iis,
773 1097 824 1180 qui
843 1117 885 1160 ex
900 1097 992 1161 caede
1010 1095 1179 1179 fugissent,
1195 1115 1245 1159 co·

124 1223 272 1287 gnoscere
292 1200 429 1264 iussisse.
477 1195 592 1261 Deinde
607 1198 637 1280 ἓ.
654 1197 721 1261 lia
741 1199 870 1284 integris
890 1199 976 1263 codd.
994 1198 1068 1262 baec
1082 1199 1241 1282 leguntur

127 1304 346 1390 ‘producuntur
360 1302 394 1381 ii,
411 1320 486 1383 quos
501 1299 551 1363 ille
561 1299 735 1376 edocuerat,
752 1300 895 1383 quaedici
905 1299 1008 1378 uellet,
1026 1309 1116 1382 atque
1127 1299 1243 1375 eadem,

124 1403 368 1489 quaeLitauicus
379 1401 639 1488 pronuntiauerat,
657 1401 838 1467 multitudini
851 1412 1024 1486 cxpouuute
1041 1401 1152 1465 multos
1163 1399 1247 1488 equi·

124 1516 171 1570 tes
195 1503 386 1569 llaeduorun
414 1503 601 1569 interfectus'
630 1513 723 1582 cett,
754 1505 786 1568 iu
816 1502 1001 1588 interpolatis
1030 1503 1176 1586 seriptum
1198 1511 1248 1565 est

125 1615 243 1671 ‘omncs
258 1605 396 1689 equites’.
428 1603 488 1670 Sed
504 1605 561 1669 boc
576 1606 719 1691 magistro
735 1605 847 1683 deberi,
875 1607 924 1688 qui
939 1604 1166 1690 repugnantiam
1180 1603 1247 1668 aui·

124 1709 346 1787 maduerterat‚
363 1709 432 1771 iude
448 1717 565 1771 certum
580 1719 646 1785 est,
670 1708 746 1792 quod
762 1708 791 1771 iu
808 1729 867 1772 uno
881 1708 1146 1792 interpolatorum,
1171 1703 1246 1772 Sca-

124 1812 278 1896 liger-auo,
297 1807 429 1874 ‘multos’
445 1819 599 1872 seruatum
615 1819 663 1872 est
677 1809 763 1892 eique
781 1810 907 1874 ‘omnes’
923 1811 1096 1893 ascriptum.
1141 1805 1247 1892 Quare

125 1924 153 1978 et
170 1914 211 1977 ibi
226 1924 310 1977 recte
325 1910 479 1976 Wbittius
496 1911 624 1992 ‘equites
639 1908 842 1975 Haeducrnm'
864 1911 1053 1976 scribendu-
1069 1931 1138 1976 esse
1152 1909 1247 1994 sigui·

126 2016 238 2094 bcauit,
256 2024 288 2078 et
303 2035 339 2078 ec
354 2013 433 2090 loco,
451 2031 469 2073 a
484 2033 543 2095 quc
557 2013 813 2096 digressimus,
831 2015 988 2101 legendum
996 2025 1045 2079 est
1058 2014 1247 2080 ‘omuibosin

125 2116 201 2182 locis
216 2139 251 2182 se
266 2114 439 2202 legionariis
454 2113 597 2179 militibus
613 2115 823 2200 prememut'.

209 2320 282 2387 Lib.
306 2317 371 2400 ΙΙΙ,
401 2317 433 2398 b,
466 2315 486 2382 3
516 2318 775 2404 interpolationem
804 2320 911 2384 dudum
941 2320 1095 2405 explosam
1123 2319 1247 2385 reduxit

126 2421 341 2488 Schneidcrus.
383 2419 426 2484 lbi
442 2421 485 2484 ita
499 2420 529 2483 in
546 2422 632 2484 codd.
650 2424 874 2506 scriptumest:
908 2422 1039 2490 ‘Veneti
1053 2423 1246 2507 reliquaeque

125 2526 197 2589 item
213 2526 352 2588 ciuitates
367 2523 488 2606 cognitu
496 2517 639 2586 Caesaris
654 2524 785 2588 aduentu
795 2526 942 2591 certiores
957 2527 1039 2603 iacti,
1057 2526 1143 2590 simul
1155 2527 1244 2610 quod,

126 2638 267 2710 quantum
286 2626 318 2689 in
333 2643 367 2686 se
382 2624 498 2687 lacinus
515 2624 725 2705 admisissent,
752 2626 969 2712 intellegebant
988 2631 1144 2713 (legatos,
1168 2629 1248 2713 quod

127 2748 237 2792 nomeu
257 2725 296 2791 ad
315 2747 420 2790 omues
442 2726 580 2790 nationes
596 2737 729 2790 sanctam
745 2728 978 2814 inuiolatamque
993 2750 1113 2816 semqer
1126 2732 1245 2810 luisset,

126 2841 262 2895 retentos
283 2851 303 2894 a
323 2849 358 2893 se
373 2839 404 2892 et
418 2828 449 2892 iu
465 2829 583 2893 uincula
600 2829 795 2912 coniectos),
821 2852 874 2916 pro
896 2834 1101 2919 magnitudine
1121 2833 1248 2917 periculi

126 2933 235 2997 bellum
251 2953 359 3017 parare
373 2931 554 2996 institauut'.
581 2929 683 2997 Verba
698 2943 797 2998 sutem
813 2934 864 3000 illa
882 2936 1040 3000 ‘cerb‘ores
1052 2933 1133 3000 lacti'
1148 2935 1180 2999 iu
1196 2936 1244 3000 ed.

126 3033 266 3101 Floreat.
290 3059 321 3101 ιι.
346 3032 430 3100 1508
449 3056 504 3120 pro
525 3035 635 3119 spuriis
658 3045 762 3099 notata
783 3037 851 3100 inde
874 3037 910 3100 ab
931 3037 1011 3100 atto
1038 3038 1134 3102 eiecta
1160 3049 1244 3102 sunt.

129 3136 334 3204 Schneiderus
349 3139 438 3222 longa
453 3137 589 3201 oratioue
605 3138 754 3202 defendit:
772 3140 825 3202 sed
839 3161 953 3203 summa
965 3141 1057 3204 totius
1072 3137 1248 3224 disputatio·

129 3241 176 3303 nis
192 3241 265 3302 baec
281 3252 346 3317 est,
370 3251 404 3303 ut
425 3241 572 3306 certiores
588 3242 683 3305 lactus
700 3237 836 3306 Venetos
851 3245 892 3306 ita
908 3243 966 3307 dici
981 3253 1082 3327 putet,
1107 3243 1247 3327 quemad-

128 3341 248 3405 modum
264 3343 425 3404 ueruucule
441 3342 559 3405 dicatur
575 3343 637 3407 ‘sie
652 3343 815 3421 erlubren,
839 3363 943 3407 wora·
960 3346 1007 3410 sie
1022 3347 1151 3410 waren’.
1182 3342 1245 3425 En,

88 3508 91 3514 ,
128 3443 246 3526 quicum
262 3440 566 3505 micesintenebrisl
600 3439 969 3522 ‘Sicerlubren'uideo,
987 3446 1246 3527 atubi,cbone,

130 3555 176 3609 est
192 3543 265 3608 illud
283 3550 405 3608 ‘worun
420 3544 466 3608 sie
480 3545 618 3608 waren't
653 3542 856 3610 Grammatico
869 3545 975 3611 borum
990 3550 1152 3615 uerborum
1168 3552 1247 3616 ratic

129 3646 246 3711 delendi
263 3657 373 3731 potest,
389 3646 415 3711 si
432 3646 532 3732 priora
549 3647 682 3731 ‘cognito
699 3641 841 3712 Caesaris
856 3649 1004 3717 aduentu'
1020 3673 1081 3716 nou
1094 3653 1131 3717 ed
1147 3652 1249 3717 Vene-

128 3749 361 3824 munierimus,
378 3749 431 3812 sed
447 3768 500 3832 per
514 3769 549 3813 se
564 3749 641 3815 dicta
656 3751 816 3816 statuimus
832 3758 879 3833 (ut
894 3753 961 3817 bor.
978 3774 1085 3817 comm.
1102 3751 1153 3832 ΙΙ,
1170 3753 1208 3830 b,
1225 3754 1249 3819 2

129 3851 223 3915 uerba
239 3851 332 3915 ‘omui
347 3848 447 3914 Gallia
463 3851 584 3915 uexata*
599 3865 632 3918 et
646 3853 676 3917 b.
694 3854 753 3917 ciu.
770 3851 827 3934 lll,
844 3854 898 3934 38,
915 3857 936 3921 4
961 3856 1102 3938 ‘coguitis
1116 3856 1246 3920 insidiis'

128 3973 190 4017 uon
205 3952 240 4015 ad
256 3953 391 4017 subiecta
407 3953 552 4018 enuntiati
566 3954 662 4020 relata
676 3962 774 4043 saut),
791 3958 946 4024 intellecto
957 3969 1055 4022 sotem
1071 3958 1248 4041 pronomine

130 4055 366 4120 demonstratiuo
387 4055 531 4120 certiores
555 4058 649 4122 iactos
673 4057 807 4125 Venetos
831 4063 867 4125 de
889 4063 954 4145 ipsc
969 4061 1021 4125 illo
1037 4056 1180 4125 Caesaris
1196 4062 1248 4124 atl-

129 4166 222 4220 uentu
244 4157 471 4236 existimamus,
495 4157 551 4221 boc
572 4163 679 4240 modo,
701 4175 734 4227 ut
757 4163 918 4228 uernacule
940 4163 1055 4240 dican,
1082 4162 1245 4226 ‘nacbdem

129 4254 262 4325 Caesare
278 4261 405 4326 mtmtt
419 4260 548 4327 bekannt
569 4265 733 4345 gewordeu
754 4286 833 4346 war,
856 4265 954 4329 dauon
975 4263 1244 4349 beuacbt'icbtigt'.
