2684 4694
516 208 948 311 -us--·

111 382 257 448 tnrlraeos
276 387 444 464 ‘uanusque
455 380 581 444 eurum'.
605 378 692 463 Quae
707 381 774 446 siue
788 383 821 445 in
836 403 897 446 unu
912 394 944 447 at
954 383 1051 449 alteru
1059 383 1242 450 deteriorum

111 486 199 551 audd.
220 485 287 550 siue
307 483 338 546 iu
361 483 508 566 impressu
529 482 608 547 libra
631 483 757 568 primunr
775 484 873 568 posita
895 497 984 560 sunt,
1013 500 1125 551 eertum
1142 497 1190 551 est
1204 488 1241 552 de

111 588 288 653 wnieetnra
308 585 345 649 ad
367 585 561 669 supplendam
583 584 748 649 orationem
764 587 882 651 adiecta
898 607 978 652 esse.
1008 587 1121 673 Neque
1143 600 1241 652 tanen

111 712 151 755 eu
174 689 375 754 additamento
398 688 554 770 quisquam
575 688 612 750 ad
635 709 671 752 ea
694 688 787 751 uerba
804 690 989 754 emendanda
1003 693 1167 775 protectum
1183 701 1241 755 est

110 791 206 858 Nulla
226 791 307 855 enirn
329 791 416 854 mudu
440 789 487 853 hie
509 790 609 873 plures
632 791 787 854 exereitus
810 787 984 876 Pompeiani
1013 794 1241 858 commemorari

110 903 286 982 putuerunt.
309 891 389 956 Nam
406 913 473 956 eum
489 890 840 974 cohonesPumpr-iunae
856 896 1153 980 numerosexaginta
1170 895 1238 978 (δι,

110 997 148 1082 2)
162 999 195 1061 iu
210 991 503 1060 aduersasCaesuris
520 996 700 1060 munitiones
718 995 858 1077 impetum
874 998 1019 1074 laterent,
1038 1008 1069 1061 ει
1083 998 1171 1061 simul
1186 997 1241 1062 mi·

111 1102 181 1166 lites
194 1099 271 1163 leuis
285 1107 458 1162 armaturas
473 1096 680 1180 sagittariique
695 1098 822 1162 nauibus
838 1099 1031 1164 uiruumueeti
1051 1120 1069 1163 a
1085 1111 1171 1185 targu
1187 1100 1242 1163 in·

112 1210 292 1289 pugnarent,
310 1199 366 1263 hae
382 1201 458 1263 duas
474 1199 628 1263 exereitus
643 1211 759 1283 partes,
775 1221 915 1289 quave
930 1204 1108 1267 euninnutae
1123 1201 1239 1285 quidem

111 1303 245 1389 Punpeii
270 1303 439 1366 exereitum
463 1300 631 1365 efficiebant
654 1302 695 1381 (is
718 1303 797 1367 enim
820 1323 927 1366 nouem
950 1303 1100 1388 legionum
1120 1315 1238 1369 ersten

114 1420 259 1493 tempure,
276 1406 338 1469 uid.
356 1426 384 1468 u.
401 1404 450 1488 4),
474 1424 617 1488 peruerse
640 1404 777 1488 singulae
791 1402 968 1489 Pompeiani
989 1409 1144 1472 exereitus
1159 1408 1240 1491 apel·

112 1510 261 1575 latentur.
290 1506 400 1571 lumin
417 1506 504 1570 uudd.
522 1507 692 1590 scriptura,
715 1529 802 1590 quam
823 1529 914 1592 supra
935 1509 1039 1592 posui,
1061 1521 1147 1576 reeta
1167 1521 1239 1574 sunt

114 1613 188 1677 lraea
202 1611 306 1676 nerbas
326 1618 496 1674 ‘arcessere
504 1609 605 1672 subite
613 1609 706 1694 prima
723 1610 995 1696 lueePonrpeiani’,
1011 1612 1125 1696 reliqua
1137 1619 1239 1677 ‘exer-

112 1716 191 1779 eitus
206 1715 352 1779 aduentus
367 1712 478 1777 extitit'
495 1732 591 1795 neque
606 1713 667 1776 nlla
680 1713 798 1777 ratione
806 1734 872 1777 eum
883 1713 941 1777 illis
950 1707 1113 1778 eufiaerent
1121 1725 1162 1792 et,
1180 1735 1237 1797 quo
1336 1703 1338 1708 ’

112 1818 212 1881 minus
228 1828 366 1899 surrupta
383 1816 553 1888 uideantur,
577 1813 710 1897 ipsorum
726 1815 886 1881 uerborum
902 1816 1061 1901 integritas
1076 1827 1236 1901 repugnat.

112 1916 678 2002 Atqnieuuerbaeandemsententium
687 1918 833 1994 referunt,
851 1941 939 2005 quarn
948 1925 1104 2004 superiora
1114 1921 1235 1986 habent.

110 2019 190 2087 Neu
206 2017 397 2082 dubitandum
413 2028 461 2080 est
474 2016 577 2101 igitur,
592 2019 663 2099 quin
679 2018 726 2082 hie
741 2018 886 2101 duplicem
897 2022 1153 2106 deprehendamus
1162 2024 1238 2088 seri·

111 2134 253 2209 pturam,
276 2131 307 2184 ει
328 2119 487 2203 genuinam
511 2127 542 2181 et
564 2129 760 2182 uumnrantuua
784 2140 802 2182 a
824 2122 969 2204 magistre
989 2127 1235 2211 suprascriptum.

113 2221 193 2289 Cum
216 2223 296 2288 eninr
318 2218 434 2287 Caesar
454 2219 627 2306 scripsisset
650 2228 824 2286 ‘aenessere
844 2223 943 2286 subito
959 2225 1053 2307 prinus
1067 2228 1135 2290 lure
1149 2226 1238 2292 Pum-

113 2329 239 2415 peiaui’,
261 2327 403 2410 magistro
424 2345 478 2409 pru
494 2324 541 2389 his
557 2322 725 2408 ponendum
742 2325 836 2389 nisum
860 2335 909 2390 εει
930 2326 1041 2391 ‘subito
1060 2329 1154 2413 prima
1171 2330 1239 2394 lues

113 2429 291 2517 Pompeiani
318 2429 473 2494 exereitus
500 2427 647 2491 aduentus
669 2424 799 2491 extitit's
828 2448 916 2493 easus
937 2440 1059 2504 autem,
1084 2431 1163 2513 quud
1185 2450 1238 2496 ne·

115 2553 174 2618 qne
192 2535 257 2619 ipse
281 2532 404 2596 uerbum
428 2531 608 2596 ‘arcessere’
633 2530 760 2602 deleuit,
786 2550 881 2612 aequa
902 2532 1057 2596 consilinm
1079 2533 1145 2597 eius
1167 2535 1238 2600 ali·

115 2637 225 2702 brar-iis
241 2645 427 2721 perspectum
442 2644 500 2712 εει,
518 2634 671 2716 antiquam
681 2633 859 2716 scripturam
873 2636 1017 2699 seruauit.
1037 2632 1117 2699 Idem
1134 2638 1239 2703 euenit

115 2740 179 2805 lrui.
196 2741 218 2806 l.
236 2763 264 2805 e.
280 2739 315 2818 9,
331 2735 364 2815 6,
389 2737 439 2801 ubi
454 2736 484 2800 in
500 2737 586 2801 eodd.
606 2737 678 2800 lraeu
693 2737 851 2819 leguntur:
879 2743 965 2800 ‘eum
980 2737 1036 2814 iis,
1053 2759 1128 2819 quus
1143 2760 1239 2822 nuper

116 2844 239 2908 maximi
261 2837 485 2907 liberauerant':
511 2839 689 2914 ‘maxime’‚
714 2838 790 2920 quud
807 2838 916 2917 editur,
941 2859 1036 2921 neque
1052 2839 1089 2902 ad
1106 2843 1237 2923 ‘nuper’

117 2945 265 3028 nequead
283 2941 510 3008 ‘liberauerant’
526 2943 652 3005 relatum
668 2951 766 3023 aptum
785 2951 842 3005 est.
877 2938 1042 3004 ‘Maximi'
1058 2941 1123 3004 siue
1139 2942 1237 3026 potius

118 3048 272 3111 ‘maxumi’
289 3056 386 3110 ortum
401 3055 449 3109 est
464 3065 505 3107 en
521 3042 702 3119 ‘manumis’,
725 3063 800 3124 quas
815 3042 945 3126 syllabas
968 3042 1060 3105 uerbo
1079 3042 1239 3109 ‘liberaue-

115 3149 203 3215 rant'
218 3150 471 3233 suprascripserat
486 3147 647 3231 magister,
670 3154 703 3207 ut
720 3142 976 3208 ‘manumiserant'
992 3144 1149 3228 legandum
1170 3168 1238 3212 esse

115 3251 313 3337 significaret.
338 3249 415 3316 ltem
431 3273 459 3315 e.
478 3248 530 3329 13,
547 3248 567 3312 5
581 3247 612 3313 in
629 3247 675 3310 his
691 3245 802 3310 uerbisr
815 3242 943 3312 ‘Caesar
958 3259 1173 3333 praeoccupato
1189 3250 1238 3314 iti-

116 3374 192 3418 uere
206 3356 244 3418 ud
252 3352 473 3440 Dyrrhachium
489 3354 576 3417 linem
593 3349 770 3434 properandi
786 3347 865 3413 laeit'
882 3351 912 3412 in
928 3351 1014 3414 codd.
1032 3351 1174 3435 seriptum
1191 3363 1239 3416 est

118 3458 283 3539 ‘praelecto
298 3457 452 3540 uueupatu'
469 3457 518 3520 uel
536 3454 690 3539 ‘perfeeto’
706 3451 754 3517 uel
772 3453 939 3535 proiectu,
963 3474 1087 3537 quarum
1108 3453 1237 3519 medium

116 3560 189 3643 puni
211 3560 331 3623 ualebat
353 3559 506 3643 magister.
536 3555 617 3622 Nam
640 3576 706 3621 uuna
729 3554 966 3638 praepositiones
991 3556 1066 3641 ‘par'
1089 3568 1120 3622 et
1142 3558 1237 3643 ‘prae’

117 3661 222 3725 eudem
246 3661 420 3745 compendio
444 3669 639 3736 nutarentur,
676 3657 749 3720 duas
781 3667 893 3721 ιειιιιιιιι
916 3669 1083 3741 postremas
1105 3660 1238 3745 syllabas

117 3773 378 3847 supranotanerat.
412 3758 499 3842 Quod
522 3771 620 3824 autem
644 3761 797 3845 ‘perlecto
811 3759 938 3825 itinere’
959 3781 995 3824 en
1011 3761 1077 3825 lueu
1093 3762 1162 3847 puni
1177 3782 1238 3826 nun

119 3876 247 3949 poterat,
265 3867 395 3950 ineptiae
410 3884 427 3926 a
442 3873 546 3926 nostru
562 3862 680 3925 humine
695 3884 754 3926 non
770 3862 943 3927 abhorrent.

206 3964 243 4033 C.
263 3966 317 4046 65,
334 3967 355 4031 4
371 3969 444 4031 lraee
459 3966 492 4027 in
507 3963 592 4027 codd.
611 3963 769 4048 leguntur:
797 3964 915 4049 ‘Neque
930 3966 1023 4031 multu
1040 3977 1109 4051 post
1122 3963 1239 4034 Caesar

118 4069 336 4154 significatione
353 4089 406 4153 per
421 4066 543 4132 castella
559 4067 640 4128 sumu
655 4066 753 4143 lauta,
777 4075 809 4130 ut
830 4079 895 4132 erat
916 4069 1079 4152 superioris
1095 4071 1238 4155 temporis

120 4174 321 4250 consuetudo,
348 4171 482 4235 deductis
504 4167 677 4251 quibusdam
701 4167 873 4233 cohortibus
894 4190 936 4234 en
956 4170 1114 4254 praesidiis
1134 4172 1238 4235 eodem

121 4273 217 4338 uenit.
255 4269 315 4354 Qui
343 4274 465 4360 cognitu
494 4271 673 4337 detrimento
695 4292 762 4335 eum
784 4273 1047 4339 animaduertisset
1066 4271 1244 4358 Pompeiana
