<?xml version="1.0" encoding="UTF-8"?>
<!DOCTYPE html PUBLIC "-//W3C//DTD XHTML 1.0 Transitional//EN"
    "http://www.w3.org/TR/xhtml1/DTD/xhtml1-transitional.dtd">
<html xmlns="http://www.w3.org/1999/xhtml" xml:lang="en" lang="en">
 <head>
  <title>
</title>
<meta http-equiv="Content-Type" content="text/html;charset=utf-8" />
  <meta name='ocr-system' content='tesseract 3.04.00' />
  <meta name='ocr-capabilities' content='ocr_page ocr_carea ocr_par ocr_line ocrx_word'/>
</head>
<body>
  <div class='ocr_page' id='page_1' title='image "./civliicaesarisc02hirtgoog_0036.png"; bbox 0 0 2684 4694; ppageno 0'>
   <div class='ocr_carea' id='block_1_1' title="bbox 517 201 817 268">
    <p class='ocr_par' dir='ltr' id='par_1_1' title="bbox 517 201 817 268">
     <span class='ocr_line' id='line_1_1' title="bbox 517 201 817 268; baseline 0.003 -16"><span class='ocrx_word' id='word_1_1' title='bbox 517 201 817 268; x_wconf 75' lang='lat'>-29-</span> 
     </span>
    </p>
   </div>
   <div class='ocr_carea' id='block_1_2' title="bbox 19 371 1229 4341">
    <p class='ocr_par' dir='ltr' id='par_1_2' title="bbox 19 371 1229 4341">
     <span class='ocr_line' id='line_1_2' title="bbox 19 371 1228 459; baseline 0.005 -20"><span class='ocrx_word' id='word_1_2' title='bbox 19 440 23 444; x_wconf 76' lang='grc'><strong>,</strong></span> <span class='ocrx_word' id='word_1_3' title='bbox 103 393 220 458; x_wconf 91' lang='lat' dir='ltr'><strong>naeque</strong></span> <span class='ocrx_word' id='word_1_4' title='bbox 235 371 367 445; x_wconf 89' lang='lat' dir='ltr'><strong>omnium</strong></span> <span class='ocrx_word' id='word_1_5' title='bbox 383 371 615 451; x_wconf 79' lang='lat' dir='ltr'><strong>deducerentur,</strong></span> <span class='ocrx_word' id='word_1_6' title='bbox 639 383 690 447; x_wconf 93' lang='lat' dir='ltr'><strong>ut,</strong></span> <span class='ocrx_word' id='word_1_7' title='bbox 714 373 854 458; x_wconf 92' lang='lat' dir='ltr'><strong>quidquid</strong></span> <span class='ocrx_word' id='word_1_8' title='bbox 870 384 937 459; x_wconf 91' lang='lat' dir='ltr'><strong>post</strong></span> <span class='ocrx_word' id='word_1_9' title='bbox 952 375 1054 439; x_wconf 88' lang='lat' dir='ltr'><strong>boram</strong></span> <span class='ocrx_word' id='word_1_10' title='bbox 1070 397 1157 443; x_wconf 83' lang='lat' dir='ltr'><strong>casus</strong></span> <span class='ocrx_word' id='word_1_11' title='bbox 1173 381 1228 446; x_wconf 91' lang='lat' dir='ltr'><strong>tri-</strong></span> 
     </span>
     <span class='ocr_line' id='line_1_3' title="bbox 102 470 1227 560; baseline 0.007 -22"><span class='ocrx_word' id='word_1_12' title='bbox 102 476 237 551; x_wconf 88' lang='lat' dir='ltr'><strong>buisset,</strong></span> <span class='ocrx_word' id='word_1_13' title='bbox 261 475 293 538; x_wconf 91' lang='lat' dir='ltr'><strong>in</strong></span> <span class='ocrx_word' id='word_1_14' title='bbox 309 475 397 539; x_wconf 94' lang='lat' dir='ltr'><strong>dubio</strong></span> <span class='ocrx_word' id='word_1_15' title='bbox 413 485 575 560; x_wconf 87' lang='lat' dir='ltr'><strong>poneretur</strong></span> <span class='ocrx_word' id='word_1_16' title='bbox 583 475 603 553; x_wconf 73' lang='grc' dir='ltr'><strong>’ς</strong></span> <span class='ocrx_word' id='word_1_17' title='bbox 628 472 689 552; x_wconf 92' lang='grc'><strong>31,</strong></span> <span class='ocrx_word' id='word_1_18' title='bbox 712 470 734 537; x_wconf 88' lang='grc'><strong>6</strong></span> <span class='ocrx_word' id='word_1_19' title='bbox 751 477 811 539; x_wconf 88' lang='lat' dir='ltr'><strong>‘ita</strong></span> <span class='ocrx_word' id='word_1_20' title='bbox 825 499 892 540; x_wconf 91' lang='lat' dir='ltr'><strong>cum</strong></span> <span class='ocrx_word' id='word_1_21' title='bbox 908 479 1020 542; x_wconf 93' lang='lat' dir='ltr'><strong>clamor</strong></span> <span class='ocrx_word' id='word_1_22' title='bbox 1035 491 1118 543; x_wconf 88' lang='lat' dir='ltr'><strong>esset</strong></span> <span class='ocrx_word' id='word_1_23' title='bbox 1131 482 1227 546; x_wconf 88' lang='lat' dir='ltr'><strong>inter-</strong></span> 
     </span>
     <span class='ocr_line' id='line_1_4' title="bbox 101 576 1226 665; baseline 0.005 -25"><span class='ocrx_word' id='word_1_24' title='bbox 101 579 214 641; x_wconf 82' lang='lat' dir='ltr'><strong>mixtus</strong></span> <span class='ocrx_word' id='word_1_25' title='bbox 230 577 342 660; x_wconf 82' lang='lat' dir='ltr'><strong>gemitu</strong></span> <span class='ocrx_word' id='word_1_26' title='bbox 356 576 581 662; x_wconf 79' lang='lat' dir='ltr'><strong>gladiorumque</strong></span> <span class='ocrx_word' id='word_1_27' title='bbox 597 578 728 658; x_wconf 83' lang='lat' dir='ltr'><strong>crepitus</strong></span> <span class='ocrx_word' id='word_1_28' title='bbox 740 578 861 640; x_wconf 90' lang='lat' dir='ltr'><strong>auribus</strong></span> <span class='ocrx_word' id='word_1_29' title='bbox 876 578 1004 654; x_wconf 88' lang='lat' dir='ltr'><strong>oblatus,</strong></span> <span class='ocrx_word' id='word_1_30' title='bbox 1021 582 1226 665; x_wconf 88' lang='lat' dir='ltr'><strong>imperitorum</strong></span> 
     </span>
     <span class='ocr_line' id='line_1_5' title="bbox 102 677 1226 765; baseline 0.004 -21"><span class='ocrx_word' id='word_1_31' title='bbox 102 690 217 745; x_wconf 88' lang='lat' dir='ltr'><strong>mentes</strong></span> <span class='ocrx_word' id='word_1_32' title='bbox 240 681 330 743; x_wconf 89' lang='lat' dir='ltr'><strong>timor</strong></span> <span class='ocrx_word' id='word_1_33' title='bbox 354 679 585 765; x_wconf 86' lang='lat' dir='ltr'><strong>praepediebat&#39;.</strong></span> <span class='ocrx_word' id='word_1_34' title='bbox 632 677 811 742; x_wconf 86' lang='lat' dir='ltr'><strong>Huiusmodi</strong></span> <span class='ocrx_word' id='word_1_35' title='bbox 834 679 908 742; x_wconf 90' lang='lat' dir='ltr'><strong>locis</strong></span> <span class='ocrx_word' id='word_1_36' title='bbox 931 681 1022 744; x_wconf 89' lang='lat' dir='ltr'><strong>etiam</strong></span> <span class='ocrx_word' id='word_1_37' title='bbox 1044 682 1161 749; x_wconf 86' lang='lat' dir='ltr'><strong>Ennius</strong></span> <span class='ocrx_word' id='word_1_38' title='bbox 1188 685 1226 748; x_wconf 96' lang='lat' dir='ltr'><strong>ad</strong></span> 
     </span>
     <span class='ocr_line' id='line_1_6' title="bbox 103 779 1226 870; baseline 0.004 -24"><span class='ocrx_word' id='word_1_39' title='bbox 103 794 202 868; x_wconf 89' lang='lat' dir='ltr'><strong>partes</strong></span> <span class='ocrx_word' id='word_1_40' title='bbox 217 792 361 845; x_wconf 77' lang='lat' dir='ltr'><strong>uocatur:</strong></span> <span class='ocrx_word' id='word_1_41' title='bbox 377 780 438 859; x_wconf 87' lang='grc'><strong>23,</strong></span> <span class='ocrx_word' id='word_1_42' title='bbox 454 781 476 845; x_wconf 92' lang='grc'><strong>2</strong></span> <span class='ocrx_word' id='word_1_43' title='bbox 494 781 554 844; x_wconf 86' lang='lat' dir='ltr'><strong>‘hic</strong></span> <span class='ocrx_word' id='word_1_44' title='bbox 571 792 644 858; x_wconf 91' lang='lat' dir='ltr'><strong>tum,</strong></span> <span class='ocrx_word' id='word_1_45' title='bbox 661 792 695 844; x_wconf 93' lang='lat' dir='ltr'><strong>ut</strong></span> <span class='ocrx_word' id='word_1_46' title='bbox 709 781 752 845; x_wconf 90' lang='lat' dir='ltr'><strong>ait</strong></span> <span class='ocrx_word' id='word_1_47' title='bbox 769 779 906 858; x_wconf 89' lang='lat' dir='ltr'><strong>Ennius,</strong></span> <span class='ocrx_word' id='word_1_48' title='bbox 925 783 1022 845; x_wconf 90' lang='lat' dir='ltr'><strong>nostri</strong></span> <span class='ocrx_word' id='word_1_49' title='bbox 1039 804 1159 850; x_wconf 81' lang='lat' dir='ltr'><strong>cessere</strong></span> <span class='ocrx_word' id='word_1_50' title='bbox 1174 808 1226 870; x_wconf 88' lang='lat' dir='ltr'><strong>pa·</strong></span> 
     </span>
     <span class='ocr_line' id='line_1_7' title="bbox 102 880 1226 967; baseline 0.004 -19"><span class='ocrx_word' id='word_1_51' title='bbox 102 884 250 967; x_wconf 69' lang='lat' dir='ltr'><strong>mmper&#39;,</strong></span> <span class='ocrx_word' id='word_1_52' title='bbox 267 880 321 961; x_wconf 84' lang='lat'><strong>31,</strong></span> <span class='ocrx_word' id='word_1_53' title='bbox 338 882 360 946; x_wconf 90' lang='grc'><strong>7</strong></span> <span class='ocrx_word' id='word_1_54' title='bbox 377 884 449 957; x_wconf 91' lang='lat' dir='ltr'><strong>‘bic,</strong></span> <span class='ocrx_word' id='word_1_55' title='bbox 467 894 500 946; x_wconf 93' lang='lat' dir='ltr'><strong>ut</strong></span> <span class='ocrx_word' id='word_1_56' title='bbox 514 884 556 947; x_wconf 91' lang='lat' dir='ltr'><strong>ait</strong></span> <span class='ocrx_word' id='word_1_57' title='bbox 571 881 709 959; x_wconf 88' lang='lat' dir='ltr'><strong>Ennius,</strong></span> <span class='ocrx_word' id='word_1_58' title='bbox 736 904 789 966; x_wconf 91' lang='lat' dir='ltr'><strong>pes</strong></span> <span class='ocrx_word' id='word_1_59' title='bbox 806 884 880 966; x_wconf 88' lang='lat' dir='ltr'><strong>pede</strong></span> <span class='ocrx_word' id='word_1_60' title='bbox 895 885 1052 967; x_wconf 87' lang='lat' dir='ltr'><strong>premitur,</strong></span> <span class='ocrx_word' id='word_1_61' title='bbox 1075 889 1166 950; x_wconf 89' lang='lat' dir='ltr'><strong>armis</strong></span> <span class='ocrx_word' id='word_1_62' title='bbox 1181 901 1226 952; x_wconf 88' lang='lat' dir='ltr'><strong>te·</strong></span> 
     </span>
     <span class='ocr_line' id='line_1_8' title="bbox 102 983 1227 1063; baseline 0.003 -14"><span class='ocrx_word' id='word_1_63' title='bbox 102 996 209 1049; x_wconf 89' lang='lat' dir='ltr'><strong>ruotur</strong></span> <span class='ocrx_word' id='word_1_64' title='bbox 223 985 335 1062; x_wconf 78' lang='lat' dir='ltr'><strong>arma&#39;3</strong></span> <span class='ocrx_word' id='word_1_65' title='bbox 353 995 385 1048; x_wconf 90' lang='lat' dir='ltr'><strong>et</strong></span> <span class='ocrx_word' id='word_1_66' title='bbox 400 984 516 1049; x_wconf 80' lang='lat' dir='ltr'><strong>fabulae</strong></span> <span class='ocrx_word' id='word_1_67' title='bbox 532 997 820 1048; x_wconf 88' lang='lat' dir='ltr'><strong>commemorantur:</strong></span> <span class='ocrx_word' id='word_1_68' title='bbox 845 983 905 1061; x_wconf 79' lang='lat'><strong>25,</strong></span> <span class='ocrx_word' id='word_1_69' title='bbox 930 985 951 1048; x_wconf 99' lang='grc'>4</span> <span class='ocrx_word' id='word_1_70' title='bbox 976 987 1060 1063; x_wconf 85' lang='lat' dir='ltr'><strong>‘hic,</strong></span> <span class='ocrx_word' id='word_1_71' title='bbox 1084 999 1118 1050; x_wconf 91' lang='lat' dir='ltr'><strong>ut</strong></span> <span class='ocrx_word' id='word_1_72' title='bbox 1132 991 1227 1053; x_wconf 77' lang='lat' dir='ltr'><strong>lemur</strong></span> 
     </span>
     <span class='ocr_line' id='line_1_9' title="bbox 102 1084 1226 1173; baseline 0.004 -23"><span class='ocrx_word' id='word_1_73' title='bbox 102 1087 229 1151; x_wconf 81' lang='lat' dir='ltr'><strong>Achillis</strong></span> <span class='ocrx_word' id='word_1_74' title='bbox 250 1085 481 1170; x_wconf 84' lang='lat' dir='ltr'><strong>Memnonisque</strong></span> <span class='ocrx_word' id='word_1_75' title='bbox 507 1107 709 1172; x_wconf 85' lang='lat' dir='ltr'><strong>congressus,</strong></span> <span class='ocrx_word' id='word_1_76' title='bbox 742 1084 783 1169; x_wconf 83' lang='lat' dir='ltr'><strong>Q.</strong></span> <span class='ocrx_word' id='word_1_77' title='bbox 807 1084 969 1169; x_wconf 90' lang='lat' dir='ltr'><strong>Pompeios</strong></span> <span class='ocrx_word' id='word_1_78' title='bbox 991 1086 1109 1170; x_wconf 77' lang='lat' dir='ltr'><strong>Niger,</strong></span> <span class='ocrx_word' id='word_1_79' title='bbox 1135 1111 1226 1173; x_wconf 86' lang='lat' dir='ltr'><strong>eques</strong></span> 
     </span>
     <span class='ocr_line' id='line_1_10' title="bbox 101 1185 1229 1274; baseline 0.003 -22"><span class='ocrx_word' id='word_1_80' title='bbox 101 1187 274 1267; x_wconf 84' lang='lat' dir='ltr'><strong>Romanus,</strong></span> <span class='ocrx_word' id='word_1_81' title='bbox 296 1185 482 1266; x_wconf 84' lang='lat' dir='ltr'><strong>Italicensis,</strong></span> <span class='ocrx_word' id='word_1_82' title='bbox 506 1211 547 1252; x_wconf 86' lang='lat' dir='ltr'><strong>ex</strong></span> <span class='ocrx_word' id='word_1_83' title='bbox 568 1191 634 1253; x_wconf 90' lang='lat' dir='ltr'><strong>acie</strong></span> <span class='ocrx_word' id='word_1_84' title='bbox 650 1198 753 1251; x_wconf 90' lang='lat' dir='ltr'><strong>nostra</strong></span> <span class='ocrx_word' id='word_1_85' title='bbox 769 1187 805 1250; x_wconf 93' lang='lat' dir='ltr'><strong>ad</strong></span> <span class='ocrx_word' id='word_1_86' title='bbox 822 1189 1071 1271; x_wconf 82' lang='lat' dir='ltr'><strong>congrediendum</strong></span> <span class='ocrx_word' id='word_1_87' title='bbox 1087 1212 1229 1274; x_wconf 77' lang='lat' dir='ltr'><strong>progres-</strong></span> 
     </span>
     <span class='ocr_line' id='line_1_11' title="bbox 103 1288 1223 1376; baseline 0.003 -21"><span class='ocrx_word' id='word_1_88' title='bbox 103 1312 153 1355; x_wconf 89' lang='lat' dir='ltr'><strong>sus</strong></span> <span class='ocrx_word' id='word_1_89' title='bbox 166 1291 233 1354; x_wconf 85' lang='lat' dir='ltr'><strong>est&#39;.</strong></span> <span class='ocrx_word' id='word_1_90' title='bbox 260 1288 460 1355; x_wconf 87' lang='lat' dir='ltr'><strong>0scitantiam</strong></span> <span class='ocrx_word' id='word_1_91' title='bbox 477 1291 632 1376; x_wconf 88' lang='lat' dir='ltr'><strong>scriptoris</strong></span> <span class='ocrx_word' id='word_1_92' title='bbox 648 1290 764 1375; x_wconf 81' lang='lat' dir='ltr'><strong>arguit,</strong></span> <span class='ocrx_word' id='word_1_93' title='bbox 789 1291 865 1371; x_wconf 90' lang='lat' dir='ltr'><strong>quod</strong></span> <span class='ocrx_word' id='word_1_94' title='bbox 882 1312 909 1353; x_wconf 94' lang='lat' dir='ltr'><strong>c.</strong></span> <span class='ocrx_word' id='word_1_95' title='bbox 927 1289 970 1353; x_wconf 86' lang='grc'><strong>28</strong></span> <span class='ocrx_word' id='word_1_96' title='bbox 985 1302 1066 1355; x_wconf 82' lang='lat' dir='ltr'><strong>extr.</strong></span> <span class='ocrx_word' id='word_1_97' title='bbox 1080 1293 1164 1358; x_wconf 75' lang='lat'><strong>0129</strong></span> <span class='ocrx_word' id='word_1_98' title='bbox 1179 1295 1223 1357; x_wconf 86' lang='lat' dir='ltr'><strong>iu.</strong></span> 
     </span>
     <span class='ocr_line' id='line_1_12' title="bbox 103 1390 1225 1478; baseline 0.003 -22"><span class='ocrx_word' id='word_1_99' title='bbox 103 1394 147 1458; x_wconf 92' lang='lat' dir='ltr'><strong>bis</strong></span> <span class='ocrx_word' id='word_1_100' title='bbox 163 1394 266 1457; x_wconf 89' lang='lat' dir='ltr'><strong>eadem</strong></span> <span class='ocrx_word' id='word_1_101' title='bbox 289 1402 457 1478; x_wconf 89' lang='lat' dir='ltr'><strong>ponuntur,</strong></span> <span class='ocrx_word' id='word_1_102' title='bbox 480 1405 561 1457; x_wconf 90' lang='lat' dir='ltr'><strong>et·c.</strong></span> <span class='ocrx_word' id='word_1_103' title='bbox 585 1390 629 1457; x_wconf 80' lang='grc'><strong>26</strong></span> <span class='ocrx_word' id='word_1_104' title='bbox 650 1392 809 1454; x_wconf 83' lang='lat' dir='ltr'><strong>identidem</strong></span> <span class='ocrx_word' id='word_1_105' title='bbox 832 1392 998 1455; x_wconf 91' lang='lat' dir='ltr'><strong>inculcatur</strong></span> <span class='ocrx_word' id='word_1_106' title='bbox 1021 1393 1225 1459; x_wconf 84' lang='lat' dir='ltr'><strong>Caesarianos</strong></span> 
     </span>
     <span class='ocr_line' id='line_1_13' title="bbox 103 1493 1223 1581; baseline 0.002 -23"><span class='ocrx_word' id='word_1_107' title='bbox 103 1496 306 1579; x_wconf 82' lang='lat' dir='ltr'><strong>processisse,</strong></span> <span class='ocrx_word' id='word_1_108' title='bbox 330 1493 529 1580; x_wconf 88' lang='lat' dir='ltr'><strong>Pompeianos</strong></span> <span class='ocrx_word' id='word_1_109' title='bbox 550 1495 580 1556; x_wconf 94' lang='lat' dir='ltr'><strong>iu</strong></span> <span class='ocrx_word' id='word_1_110' title='bbox 596 1514 720 1581; x_wconf 90' lang='lat' dir='ltr'><strong>aequum</strong></span> <span class='ocrx_word' id='word_1_111' title='bbox 737 1493 920 1557; x_wconf 88' lang='lat' dir='ltr'><strong>descendere</strong></span> <span class='ocrx_word' id='word_1_112' title='bbox 936 1495 1079 1559; x_wconf 86' lang='lat' dir='ltr'><strong>noluisse.</strong></span> <span class='ocrx_word' id='word_1_113' title='bbox 1113 1493 1150 1561; x_wconf 85' lang='lat' dir='ltr'><strong>G.</strong></span> <span class='ocrx_word' id='word_1_114' title='bbox 1171 1497 1223 1576; x_wconf 88' lang='grc'><strong>12,</strong></span> 
     </span>
     <span class='ocr_line' id='line_1_14' title="bbox 101 1595 1226 1682; baseline 0.001 -21"><span class='ocrx_word' id='word_1_115' title='bbox 101 1595 133 1675; x_wconf 89' lang='grc'><strong>6,</strong></span> <span class='ocrx_word' id='word_1_116' title='bbox 150 1597 275 1663; x_wconf 85' lang='lat' dir='ltr'><strong>sirecte</strong></span> <span class='ocrx_word' id='word_1_117' title='bbox 291 1598 327 1661; x_wconf 90' lang='lat' dir='ltr'><strong>de</strong></span> <span class='ocrx_word' id='word_1_118' title='bbox 342 1618 379 1661; x_wconf 93' lang='lat' dir='ltr'><strong>eo</strong></span> <span class='ocrx_word' id='word_1_119' title='bbox 394 1597 460 1660; x_wconf 93' lang='lat' dir='ltr'><strong>loco</strong></span> <span class='ocrx_word' id='word_1_120' title='bbox 476 1597 701 1682; x_wconf 84' lang='lat' dir='ltr'><strong>disputabimus,</strong></span> <span class='ocrx_word' id='word_1_121' title='bbox 718 1595 782 1678; x_wconf 89' lang='lat' dir='ltr'><strong>ipse</strong></span> <span class='ocrx_word' id='word_1_122' title='bbox 797 1595 925 1678; x_wconf 89' lang='lat' dir='ltr'><strong>scriptor</strong></span> <span class='ocrx_word' id='word_1_123' title='bbox 941 1597 1143 1663; x_wconf 84' lang='lat' dir='ltr'><strong>emendandae</strong></span> <span class='ocrx_word' id='word_1_124' title='bbox 1158 1619 1226 1662; x_wconf 85' lang='lat' dir='ltr'><strong>ora·</strong></span> 
     </span>
     <span class='ocr_line' id='line_1_15' title="bbox 102 1697 1225 1783; baseline 0.003 -22"><span class='ocrx_word' id='word_1_125' title='bbox 102 1699 192 1763; x_wconf 85' lang='lat' dir='ltr'><strong>tionis</strong></span> <span class='ocrx_word' id='word_1_126' title='bbox 207 1720 309 1777; x_wconf 89' lang='lat' dir='ltr'><strong>causa,</strong></span> <span class='ocrx_word' id='word_1_127' title='bbox 327 1719 403 1782; x_wconf 86' lang='lat' dir='ltr'><strong>quae</strong></span> <span class='ocrx_word' id='word_1_128' title='bbox 418 1700 505 1761; x_wconf 93' lang='lat' dir='ltr'><strong>modo</strong></span> <span class='ocrx_word' id='word_1_129' title='bbox 520 1700 679 1775; x_wconf 87' lang='lat' dir='ltr'><strong>retulerat,</strong></span> <span class='ocrx_word' id='word_1_130' title='bbox 695 1697 786 1761; x_wconf 87' lang='lat' dir='ltr'><strong>aliter</strong></span> <span class='ocrx_word' id='word_1_131' title='bbox 801 1699 986 1762; x_wconf 82' lang='lat' dir='ltr'><strong>conformata</strong></span> <span class='ocrx_word' id='word_1_132' title='bbox 1003 1700 1125 1764; x_wconf 90' lang='lat' dir='ltr'><strong>uidetur</strong></span> <span class='ocrx_word' id='word_1_133' title='bbox 1138 1720 1225 1783; x_wconf 89' lang='lat' dir='ltr'><strong>repe·</strong></span> 
     </span>
     <span class='ocr_line' id='line_1_16' title="bbox 101 1798 1224 1884; baseline 0 -19"><span class='ocrx_word' id='word_1_134' title='bbox 101 1802 186 1867; x_wconf 88' lang='lat' dir='ltr'><strong>tisse.</strong></span> <span class='ocrx_word' id='word_1_135' title='bbox 220 1799 258 1868; x_wconf 85' lang='lat' dir='ltr'><strong>C.</strong></span> <span class='ocrx_word' id='word_1_136' title='bbox 283 1799 341 1874; x_wconf 89' lang='grc'><strong>16,</strong></span> <span class='ocrx_word' id='word_1_137' title='bbox 367 1801 384 1864; x_wconf 89' lang='grc'><strong>1</strong></span> <span class='ocrx_word' id='word_1_138' title='bbox 407 1801 651 1884; x_wconf 85' lang='lat' dir='ltr'><strong>praetermissum</strong></span> <span class='ocrx_word' id='word_1_139' title='bbox 667 1798 778 1882; x_wconf 85' lang='lat' dir='ltr'><strong>aliquid</strong></span> <span class='ocrx_word' id='word_1_140' title='bbox 793 1799 1042 1883; x_wconf 86' lang='lat' dir='ltr'><strong>reprehenditur:</strong></span> <span class='ocrx_word' id='word_1_141' title='bbox 1069 1809 1141 1864; x_wconf 87' lang='lat' dir='ltr'><strong>‘suo</strong></span> <span class='ocrx_word' id='word_1_142' title='bbox 1157 1803 1224 1865; x_wconf 92' lang='lat' dir='ltr'><strong>loco</strong></span> 
     </span>
     <span class='ocr_line' id='line_1_17' title="bbox 102 1898 1222 1987; baseline -0.002 -20"><span class='ocrx_word' id='word_1_143' title='bbox 102 1905 295 1987; x_wconf 89' lang='lat' dir='ltr'><strong>praeteritum</strong></span> <span class='ocrx_word' id='word_1_144' title='bbox 312 1914 371 1980; x_wconf 88' lang='lat' dir='ltr'><strong>est,</strong></span> <span class='ocrx_word' id='word_1_145' title='bbox 393 1903 470 1985; x_wconf 93' lang='lat' dir='ltr'><strong>quod</strong></span> <span class='ocrx_word' id='word_1_146' title='bbox 486 1903 601 1985; x_wconf 89' lang='lat' dir='ltr'><strong>equites</strong></span> <span class='ocrx_word' id='word_1_147' title='bbox 617 1923 659 1965; x_wconf 77' lang='lat' dir='ltr'><strong>cn</strong></span> <span class='ocrx_word' id='word_1_148' title='bbox 672 1898 759 1964; x_wconf 90' lang='lat' dir='ltr'><strong>ltalia</strong></span> <span class='ocrx_word' id='word_1_149' title='bbox 776 1921 841 1962; x_wconf 91' lang='lat' dir='ltr'><strong>cum</strong></span> <span class='ocrx_word' id='word_1_150' title='bbox 859 1899 1029 1985; x_wconf 82' lang='lat' dir='ltr'><strong>Asprenate</strong></span> <span class='ocrx_word' id='word_1_151' title='bbox 1044 1903 1222 1967; x_wconf 87' lang='lat' dir='ltr'><strong>uenissent’.</strong></span> 
     </span>
     <span class='ocr_line' id='line_1_18' title="bbox 100 2003 1224 2089; baseline 0 -21"><span class='ocrx_word' id='word_1_152' title='bbox 100 2003 264 2069; x_wconf 82' lang='lat' dir='ltr'><strong>Difficilem</strong></span> <span class='ocrx_word' id='word_1_153' title='bbox 288 2016 319 2069; x_wconf 90' lang='lat' dir='ltr'><strong>et</strong></span> <span class='ocrx_word' id='word_1_154' title='bbox 339 2005 469 2068; x_wconf 89' lang='lat' dir='ltr'><strong>hiantem</strong></span> <span class='ocrx_word' id='word_1_155' title='bbox 492 2003 736 2089; x_wconf 90' lang='lat' dir='ltr'><strong>compositionem</strong></span> <span class='ocrx_word' id='word_1_156' title='bbox 761 2003 807 2066; x_wconf 93' lang='lat' dir='ltr'><strong>his</strong></span> <span class='ocrx_word' id='word_1_157' title='bbox 831 2003 906 2066; x_wconf 91' lang='lat' dir='ltr'><strong>locis</strong></span> <span class='ocrx_word' id='word_1_158' title='bbox 929 2006 1097 2089; x_wconf 89' lang='lat' dir='ltr'><strong>perspicere</strong></span> <span class='ocrx_word' id='word_1_159' title='bbox 1120 2026 1224 2088; x_wconf 90' lang='lat' dir='ltr'><strong>possu-</strong></span> 
     </span>
     <span class='ocr_line' id='line_1_19' title="bbox 100 2106 1225 2184; baseline 0 -13"><span class='ocrx_word' id='word_1_160' title='bbox 100 2128 187 2171; x_wconf 80' lang='lat' dir='ltr'><strong>mus=</strong></span> <span class='ocrx_word' id='word_1_161' title='bbox 213 2106 246 2184; x_wconf 90' lang='lat'><strong>7,</strong></span> <span class='ocrx_word' id='word_1_162' title='bbox 270 2106 293 2171; x_wconf 90' lang='grc'><strong>2</strong></span> <span class='ocrx_word' id='word_1_163' title='bbox 309 2108 403 2170; x_wconf 88' lang='lat' dir='ltr'><strong>‘baec</strong></span> <span class='ocrx_word' id='word_1_164' title='bbox 417 2107 482 2169; x_wconf 88' lang='lat' dir='ltr'><strong>loca</strong></span> <span class='ocrx_word' id='word_1_165' title='bbox 497 2117 568 2170; x_wconf 80' lang='lat' dir='ltr'><strong>suunt</strong></span> <span class='ocrx_word' id='word_1_166' title='bbox 581 2115 739 2169; x_wconf 89' lang='lat' dir='ltr'><strong>montuosa</strong></span> <span class='ocrx_word' id='word_1_167' title='bbox 753 2117 785 2168; x_wconf 91' lang='lat' dir='ltr'><strong>et</strong></span> <span class='ocrx_word' id='word_1_168' title='bbox 801 2116 906 2169; x_wconf 90' lang='lat' dir='ltr'><strong>natura</strong></span> <span class='ocrx_word' id='word_1_169' title='bbox 922 2106 1001 2171; x_wconf 89' lang='lat' dir='ltr'><strong>edita</strong></span> <span class='ocrx_word' id='word_1_170' title='bbox 1016 2107 1052 2170; x_wconf 90' lang='lat' dir='ltr'><strong>ad</strong></span> <span class='ocrx_word' id='word_1_171' title='bbox 1068 2128 1131 2171; x_wconf 90' lang='lat' dir='ltr'><strong>rem</strong></span> <span class='ocrx_word' id='word_1_172' title='bbox 1146 2107 1225 2171; x_wconf 91' lang='lat' dir='ltr'><strong>mili-</strong></span> 
     </span>
     <span class='ocr_line' id='line_1_20' title="bbox 102 2205 1224 2293; baseline -0.001 -20"><span class='ocrx_word' id='word_1_173' title='bbox 102 2221 218 2286; x_wconf 90' lang='lat' dir='ltr'><strong>tarem,</strong></span> <span class='ocrx_word' id='word_1_174' title='bbox 245 2230 320 2292; x_wconf 90' lang='lat' dir='ltr'><strong>qnae</strong></span> <span class='ocrx_word' id='word_1_175' title='bbox 341 2209 464 2292; x_wconf 82' lang='lat' dir='ltr'><strong>planitie</strong></span> <span class='ocrx_word' id='word_1_176' title='bbox 489 2208 668 2287; x_wconf 87' lang='lat' dir='ltr'><strong>diuiduntur,</strong></span> <span class='ocrx_word' id='word_1_177' title='bbox 696 2205 784 2272; x_wconf 91' lang='lat' dir='ltr'><strong>Salso</strong></span> <span class='ocrx_word' id='word_1_178' title='bbox 801 2208 940 2286; x_wconf 68' lang='lat' dir='ltr'><strong>llo-inc,</strong></span> <span class='ocrx_word' id='word_1_179' title='bbox 972 2209 1107 2293; x_wconf 77' lang='lat' dir='ltr'><strong>proxime</strong></span> <span class='ocrx_word' id='word_1_180' title='bbox 1123 2219 1224 2272; x_wconf 88' lang='lat' dir='ltr'><strong>tamen</strong></span> 
     </span>
     <span class='ocr_line' id='line_1_21' title="bbox 102 2310 1223 2397; baseline -0.001 -22"><span class='ocrx_word' id='word_1_181' title='bbox 102 2313 251 2397; x_wconf 80' lang='lat' dir='ltr'><strong>Ateguam</strong></span> <span class='ocrx_word' id='word_1_182' title='bbox 266 2323 299 2375; x_wconf 91' lang='lat' dir='ltr'><strong>ut</strong></span> <span class='ocrx_word' id='word_1_183' title='bbox 314 2312 422 2375; x_wconf 85' lang='lat' dir='ltr'><strong>humen</strong></span> <span class='ocrx_word' id='word_1_184' title='bbox 437 2312 488 2387; x_wconf 92' lang='lat' dir='ltr'><strong>sit,</strong></span> <span class='ocrx_word' id='word_1_185' title='bbox 506 2311 629 2374; x_wconf 87' lang='lat' dir='ltr'><strong>circiter</strong></span> <span class='ocrx_word' id='word_1_186' title='bbox 644 2330 780 2395; x_wconf 89' lang='lat' dir='ltr'><strong>passuum</strong></span> <span class='ocrx_word' id='word_1_187' title='bbox 797 2310 854 2372; x_wconf 91' lang='lat' dir='ltr'><strong>duo</strong></span> <span class='ocrx_word' id='word_1_188' title='bbox 870 2311 987 2389; x_wconf 82' lang='lat' dir='ltr'><strong>milia&#39;3</strong></span> <span class='ocrx_word' id='word_1_189' title='bbox 1012 2311 1048 2387; x_wconf 91' lang='lat'><strong>8,</strong></span> <span class='ocrx_word' id='word_1_190' title='bbox 1067 2310 1086 2372; x_wconf 85' lang='lat'>5</span> <span class='ocrx_word' id='word_1_191' title='bbox 1111 2311 1172 2373; x_wconf 85' lang='lat' dir='ltr'><strong>‘ita</strong></span> <span class='ocrx_word' id='word_1_192' title='bbox 1186 2311 1223 2374; x_wconf 89' lang='lat' dir='ltr'><strong>ab</strong></span> 
     </span>
     <span class='ocr_line' id='line_1_22' title="bbox 103 2411 1223 2500; baseline 0.002 -24"><span class='ocrx_word' id='word_1_193' title='bbox 103 2414 368 2500; x_wconf 86' lang='lat' dir='ltr'><strong>oppugnationibus</strong></span> <span class='ocrx_word' id='word_1_194' title='bbox 385 2411 560 2476; x_wconf 87' lang='lat' dir='ltr'><strong>naturaloci</strong></span> <span class='ocrx_word' id='word_1_195' title='bbox 577 2412 768 2488; x_wconf 86' lang='lat' dir='ltr'><strong>distineatur,</strong></span> <span class='ocrx_word' id='word_1_196' title='bbox 786 2423 818 2474; x_wconf 92' lang='lat' dir='ltr'><strong>ut</strong></span> <span class='ocrx_word' id='word_1_197' title='bbox 834 2413 973 2478; x_wconf 89' lang='lat' dir='ltr'><strong>ciuitates</strong></span> <span class='ocrx_word' id='word_1_198' title='bbox 988 2414 1149 2498; x_wconf 81' lang='lat' dir='ltr'><strong>Hispaniae</strong></span> <span class='ocrx_word' id='word_1_199' title='bbox 1163 2436 1223 2478; x_wconf 90' lang='lat' dir='ltr'><strong>non</strong></span> 
     </span>
     <span class='ocr_line' id='line_1_23' title="bbox 103 2513 1224 2598; baseline 0 -18"><span class='ocrx_word' id='word_1_200' title='bbox 103 2518 189 2581; x_wconf 83' lang='lat' dir='ltr'><strong>facilc</strong></span> <span class='ocrx_word' id='word_1_201' title='bbox 205 2518 242 2580; x_wconf 92' lang='lat' dir='ltr'><strong>ah</strong></span> <span class='ocrx_word' id='word_1_202' title='bbox 255 2518 341 2580; x_wconf 92' lang='lat' dir='ltr'><strong>hoste</strong></span> <span class='ocrx_word' id='word_1_203' title='bbox 353 2515 536 2598; x_wconf 77' lang='lat' dir='ltr'><strong>capiantur&#39;3</strong></span> <span class='ocrx_word' id='word_1_204' title='bbox 556 2515 606 2588; x_wconf 82' lang='lat'><strong>15,</strong></span> <span class='ocrx_word' id='word_1_205' title='bbox 624 2514 645 2578; x_wconf 91' lang='grc'>4</span> <span class='ocrx_word' id='word_1_206' title='bbox 663 2514 772 2578; x_wconf 88' lang='lat' dir='ltr'><strong>‘nostri</strong></span> <span class='ocrx_word' id='word_1_207' title='bbox 788 2516 956 2580; x_wconf 89' lang='lat' dir='ltr'><strong>ceciderunt</strong></span> <span class='ocrx_word' id='word_1_208' title='bbox 970 2513 1033 2579; x_wconf 85' lang='lat' dir='ltr'><strong>llI:</strong></span> <span class='ocrx_word' id='word_1_209' title='bbox 1050 2518 1144 2581; x_wconf 87' lang='lat' dir='ltr'><strong>saucii</strong></span> <span class='ocrx_word' id='word_1_210' title='bbox 1160 2514 1224 2581; x_wconf 83' lang='grc' dir='ltr'><strong>ΧΗ</strong></span> 
     </span>
     <span class='ocr_line' id='line_1_24' title="bbox 104 2616 1223 2702; baseline -0.001 -19"><span class='ocrx_word' id='word_1_211' title='bbox 104 2620 216 2702; x_wconf 88' lang='lat' dir='ltr'><strong>pedites</strong></span> <span class='ocrx_word' id='word_1_212' title='bbox 239 2630 270 2683; x_wconf 88' lang='lat' dir='ltr'><strong>et</strong></span> <span class='ocrx_word' id='word_1_213' title='bbox 291 2619 405 2701; x_wconf 85' lang='lat' dir='ltr'><strong>equites</strong></span> <span class='ocrx_word' id='word_1_214' title='bbox 428 2616 492 2694; x_wconf 83' lang='lat' dir='ltr'><strong>V’;</strong></span> <span class='ocrx_word' id='word_1_215' title='bbox 522 2627 660 2681; x_wconf 87' lang='lat' dir='ltr'><strong>extremo</strong></span> <span class='ocrx_word' id='word_1_216' title='bbox 681 2617 783 2681; x_wconf 92' lang='lat' dir='ltr'><strong>codem</strong></span> <span class='ocrx_word' id='word_1_217' title='bbox 807 2639 893 2702; x_wconf 81' lang='lat' dir='ltr'><strong>cap:</strong></span> <span class='ocrx_word' id='word_1_218' title='bbox 920 2619 1091 2702; x_wconf 87' lang='lat' dir='ltr'><strong>‘bospites,</strong></span> <span class='ocrx_word' id='word_1_219' title='bbox 1122 2620 1223 2702; x_wconf 94' lang='lat' dir='ltr'><strong>quiin</strong></span> 
     </span>
     <span class='ocr_line' id='line_1_25' title="bbox 104 2719 1221 2806; baseline 0.001 -22"><span class='ocrx_word' id='word_1_220' title='bbox 104 2723 208 2806; x_wconf 91' lang='lat' dir='ltr'><strong>oppido</strong></span> <span class='ocrx_word' id='word_1_221' title='bbox 231 2732 336 2798; x_wconf 90' lang='lat' dir='ltr'><strong>erant,</strong></span> <span class='ocrx_word' id='word_1_222' title='bbox 358 2720 492 2804; x_wconf 77' lang='lat' dir='ltr'><strong>iugulare</strong></span> <span class='ocrx_word' id='word_1_223' title='bbox 514 2729 545 2782; x_wconf 89' lang='lat' dir='ltr'><strong>et</strong></span> <span class='ocrx_word' id='word_1_224' title='bbox 565 2720 602 2783; x_wconf 91' lang='lat' dir='ltr'><strong>de</strong></span> <span class='ocrx_word' id='word_1_225' title='bbox 617 2740 701 2782; x_wconf 91' lang='lat' dir='ltr'><strong>muro</strong></span> <span class='ocrx_word' id='word_1_226' title='bbox 715 2719 893 2802; x_wconf 89' lang='lat' dir='ltr'><strong>praccipites</strong></span> <span class='ocrx_word' id='word_1_227' title='bbox 909 2723 1028 2785; x_wconf 88' lang='lat' dir='ltr'><strong>mittere</strong></span> <span class='ocrx_word' id='word_1_228' title='bbox 1044 2733 1221 2806; x_wconf 88' lang='lat' dir='ltr'><strong>coeperunt,</strong></span> 
     </span>
     <span class='ocr_line' id='line_1_26' title="bbox 104 2821 1224 2909; baseline 0 -22"><span class='ocrx_word' id='word_1_229' title='bbox 104 2825 189 2888; x_wconf 85' lang='lat' dir='ltr'><strong>sicuti</strong></span> <span class='ocrx_word' id='word_1_230' title='bbox 204 2826 278 2909; x_wconf 89' lang='lat' dir='ltr'><strong>apud</strong></span> <span class='ocrx_word' id='word_1_231' title='bbox 294 2823 456 2886; x_wconf 82' lang='lat' dir='ltr'><strong>barbaros:</strong></span> <span class='ocrx_word' id='word_1_232' title='bbox 475 2821 552 2906; x_wconf 94' lang='lat' dir='ltr'><strong>quod</strong></span> <span class='ocrx_word' id='word_1_233' title='bbox 568 2831 636 2906; x_wconf 89' lang='lat' dir='ltr'><strong>post</strong></span> <span class='ocrx_word' id='word_1_234' title='bbox 652 2821 802 2884; x_wconf 89' lang='lat' dir='ltr'><strong>hominum</strong></span> <span class='ocrx_word' id='word_1_235' title='bbox 814 2823 984 2885; x_wconf 89' lang='lat' dir='ltr'><strong>memoriam</strong></span> <span class='ocrx_word' id='word_1_236' title='bbox 1002 2845 1157 2904; x_wconf 90' lang='lat' dir='ltr'><strong>numquam</strong></span> <span class='ocrx_word' id='word_1_237' title='bbox 1175 2836 1224 2887; x_wconf 88' lang='lat' dir='ltr'><strong>est</strong></span> 
     </span>
     <span class='ocr_line' id='line_1_27' title="bbox 104 2923 1225 3008; baseline -0.002 -19"><span class='ocrx_word' id='word_1_238' title='bbox 104 2927 240 3003; x_wconf 78' lang='lat' dir='ltr'><strong>lactum&#39;3</strong></span> <span class='ocrx_word' id='word_1_239' title='bbox 262 2925 303 2988; x_wconf 91' lang='grc'><strong>23</strong></span> <span class='ocrx_word' id='word_1_240' title='bbox 319 2934 400 2987; x_wconf 81' lang='lat' dir='ltr'><strong>extr.</strong></span> <span class='ocrx_word' id='word_1_241' title='bbox 420 2931 472 2987; x_wconf 83' lang='lat' dir='ltr'><strong>‘cx</strong></span> <span class='ocrx_word' id='word_1_242' title='bbox 490 2934 615 3006; x_wconf 88' lang='lat' dir='ltr'><strong>utroque</strong></span> <span class='ocrx_word' id='word_1_243' title='bbox 629 2944 741 3006; x_wconf 79' lang='lat' dir='ltr'><strong>genere</strong></span> <span class='ocrx_word' id='word_1_244' title='bbox 757 2945 873 3007; x_wconf 85' lang='lat' dir='ltr'><strong>pugnae</strong></span> <span class='ocrx_word' id='word_1_245' title='bbox 889 2923 1056 3008; x_wconf 86' lang='lat' dir='ltr'><strong>complures</strong></span> <span class='ocrx_word' id='word_1_246' title='bbox 1072 2936 1141 2987; x_wconf 89' lang='lat' dir='ltr'><strong>sunt</strong></span> <span class='ocrx_word' id='word_1_247' title='bbox 1159 2924 1225 2988; x_wconf 91' lang='lat' dir='ltr'><strong>uul-</strong></span> 
     </span>
     <span class='ocr_line' id='line_1_28' title="bbox 103 3023 1224 3112; baseline -0.002 -20"><span class='ocrx_word' id='word_1_248' title='bbox 103 3028 223 3092; x_wconf 89' lang='lat' dir='ltr'><strong>neribus</strong></span> <span class='ocrx_word' id='word_1_249' title='bbox 246 3027 364 3106; x_wconf 84' lang='lat' dir='ltr'><strong>allecti,</strong></span> <span class='ocrx_word' id='word_1_250' title='bbox 389 3026 420 3089; x_wconf 93' lang='lat' dir='ltr'><strong>in</strong></span> <span class='ocrx_word' id='word_1_251' title='bbox 443 3026 508 3112; x_wconf 92' lang='lat' dir='ltr'><strong>quis</strong></span> <span class='ocrx_word' id='word_1_252' title='bbox 532 3026 621 3089; x_wconf 90' lang='lat' dir='ltr'><strong>etiam</strong></span> <span class='ocrx_word' id='word_1_253' title='bbox 643 3023 765 3089; x_wconf 81' lang='lat' dir='ltr'><strong>Clodius</strong></span> <span class='ocrx_word' id='word_1_254' title='bbox 781 3026 958 3108; x_wconf 81' lang='lat' dir='ltr'><strong>Arquitius:</strong></span> <span class='ocrx_word' id='word_1_255' title='bbox 983 3025 1063 3089; x_wconf 89' lang='lat' dir='ltr'><strong>inter</strong></span> <span class='ocrx_word' id='word_1_256' title='bbox 1084 3047 1158 3107; x_wconf 89' lang='lat' dir='ltr'><strong>quos</strong></span> <span class='ocrx_word' id='word_1_257' title='bbox 1181 3027 1224 3090; x_wconf 90' lang='lat' dir='ltr'><strong>ita</strong></span> 
     </span>
     <span class='ocr_line' id='line_1_29' title="bbox 104 3128 1224 3215; baseline -0.001 -22"><span class='ocrx_word' id='word_1_258' title='bbox 104 3130 266 3194; x_wconf 87' lang='lat' dir='ltr'><strong>comminus</strong></span> <span class='ocrx_word' id='word_1_259' title='bbox 282 3141 329 3194; x_wconf 88' lang='lat' dir='ltr'><strong>est</strong></span> <span class='ocrx_word' id='word_1_260' title='bbox 340 3139 513 3215; x_wconf 85' lang='lat' dir='ltr'><strong>pugnatum,</strong></span> <span class='ocrx_word' id='word_1_261' title='bbox 532 3138 564 3190; x_wconf 92' lang='lat' dir='ltr'><strong>ut</strong></span> <span class='ocrx_word' id='word_1_262' title='bbox 579 3149 619 3190; x_wconf 87' lang='lat' dir='ltr'><strong>ex</strong></span> <span class='ocrx_word' id='word_1_263' title='bbox 633 3128 745 3189; x_wconf 90' lang='lat' dir='ltr'><strong>nostris</strong></span> <span class='ocrx_word' id='word_1_264' title='bbox 762 3137 880 3210; x_wconf 88' lang='lat' dir='ltr'><strong>praeter</strong></span> <span class='ocrx_word' id='word_1_265' title='bbox 891 3128 964 3189; x_wconf 91' lang='lat' dir='ltr'><strong>duos</strong></span> <span class='ocrx_word' id='word_1_266' title='bbox 977 3128 1166 3191; x_wconf 88' lang='lat' dir='ltr'><strong>centuriones</strong></span> <span class='ocrx_word' id='word_1_267' title='bbox 1183 3129 1224 3192; x_wconf 90' lang='lat' dir='ltr'><strong>sit</strong></span> 
     </span>
     <span class='ocr_line' id='line_1_30' title="bbox 104 3228 1223 3314; baseline 0.001 -19"><span class='ocrx_word' id='word_1_268' title='bbox 104 3253 189 3295; x_wconf 90' lang='lat' dir='ltr'><strong>nemo</strong></span> <span class='ocrx_word' id='word_1_269' title='bbox 206 3234 394 3297; x_wconf 90' lang='lat' dir='ltr'><strong>desideratus</strong></span> <span class='ocrx_word' id='word_1_270' title='bbox 410 3230 507 3314; x_wconf 86' lang='lat' dir='ltr'><strong>gloria</strong></span> <span class='ocrx_word' id='word_1_271' title='bbox 529 3250 562 3292; x_wconf 86' lang='lat' dir='ltr'><strong>se</strong></span> <span class='ocrx_word' id='word_1_272' title='bbox 584 3228 774 3305; x_wconf 80' lang='lat' dir='ltr'><strong>efferentcs’3</strong></span> <span class='ocrx_word' id='word_1_273' title='bbox 797 3229 852 3307; x_wconf 89' lang='grc'><strong>27,</strong></span> <span class='ocrx_word' id='word_1_274' title='bbox 873 3229 896 3292; x_wconf 91' lang='grc'>4</span> <span class='ocrx_word' id='word_1_275' title='bbox 921 3230 980 3292; x_wconf 87' lang='lat' dir='ltr'><strong>‘ita</strong></span> <span class='ocrx_word' id='word_1_276' title='bbox 1004 3231 1111 3295; x_wconf 86' lang='lat' dir='ltr'><strong>castris</strong></span> <span class='ocrx_word' id='word_1_277' title='bbox 1133 3231 1223 3296; x_wconf 88' lang='lat' dir='ltr'><strong>motis</strong></span> 
     </span>
     <span class='ocr_line' id='line_1_31' title="bbox 105 3330 1221 3419; baseline 0 -22"><span class='ocrx_word' id='word_1_278' title='bbox 105 3330 231 3397; x_wconf 90' lang='lat' dir='ltr'><strong>chbim</strong></span> <span class='ocrx_word' id='word_1_279' title='bbox 242 3333 403 3419; x_wconf 86' lang='lat' dir='ltr'><strong>Pompeios</strong></span> <span class='ocrx_word' id='word_1_280' title='bbox 419 3332 609 3416; x_wconf 90' lang='lat' dir='ltr'><strong>praesidium,</strong></span> <span class='ocrx_word' id='word_1_281' title='bbox 627 3331 702 3412; x_wconf 88' lang='lat' dir='ltr'><strong>quod</strong></span> <span class='ocrx_word' id='word_1_282' title='bbox 717 3331 849 3413; x_wconf 89' lang='lat' dir='ltr'><strong>reliquit,</strong></span> <span class='ocrx_word' id='word_1_283' title='bbox 868 3332 957 3395; x_wconf 89' lang='lat' dir='ltr'><strong>iussit</strong></span> <span class='ocrx_word' id='word_1_284' title='bbox 970 3343 1003 3395; x_wconf 88' lang='lat' dir='ltr'><strong>ut</strong></span> <span class='ocrx_word' id='word_1_285' title='bbox 1018 3333 1221 3398; x_wconf 71' lang='lat' dir='ltr'><strong>incenderent*</strong></span> 
     </span>
     <span class='ocr_line' id='line_1_32' title="bbox 106 3432 1222 3519; baseline 0.003 -22"><span class='ocrx_word' id='word_1_286' title='bbox 106 3435 159 3500; x_wconf 93' lang='lat' dir='ltr'><strong>boc</strong></span> <span class='ocrx_word' id='word_1_287' title='bbox 174 3445 223 3501; x_wconf 89' lang='lat' dir='ltr'><strong>est</strong></span> <span class='ocrx_word' id='word_1_288' title='bbox 239 3433 385 3500; x_wconf 84' lang='lat' dir='ltr'><strong>‘chbim</strong></span> <span class='ocrx_word' id='word_1_289' title='bbox 401 3457 419 3499; x_wconf 89' lang='lat' dir='ltr'><strong>a</strong></span> <span class='ocrx_word' id='word_1_290' title='bbox 434 3433 581 3518; x_wconf 90' lang='lat' dir='ltr'><strong>praesidio</strong></span> <span class='ocrx_word' id='word_1_291' title='bbox 596 3433 685 3496; x_wconf 88' lang='lat' dir='ltr'><strong>iussit</strong></span> <span class='ocrx_word' id='word_1_292' title='bbox 700 3434 847 3512; x_wconf 70' lang='lat' dir='ltr'><strong>incendi&#39;q</strong></span> <span class='ocrx_word' id='word_1_293' title='bbox 866 3433 924 3514; x_wconf 79' lang='lat'><strong>39,</strong></span> <span class='ocrx_word' id='word_1_294' title='bbox 949 3432 969 3497; x_wconf 99' lang='grc'><strong>3</strong></span> <span class='ocrx_word' id='word_1_295' title='bbox 994 3433 1172 3519; x_wconf 85' lang='lat' dir='ltr'><strong>‘Pompeios</strong></span> <span class='ocrx_word' id='word_1_296' title='bbox 1187 3456 1222 3500; x_wconf 89' lang='lat' dir='ltr'><strong>se</strong></span> 
     </span>
     <span class='ocr_line' id='line_1_33' title="bbox 105 3536 1222 3623; baseline -0.001 -23"><span class='ocrx_word' id='word_1_297' title='bbox 105 3539 255 3603; x_wconf 86' lang='lat' dir='ltr'><strong>occultare</strong></span> <span class='ocrx_word' id='word_1_298' title='bbox 277 3540 393 3623; x_wconf 91' lang='lat' dir='ltr'><strong>coepit,</strong></span> <span class='ocrx_word' id='word_1_299' title='bbox 418 3549 450 3600; x_wconf 92' lang='lat' dir='ltr'><strong>ut</strong></span> <span class='ocrx_word' id='word_1_300' title='bbox 472 3558 490 3599; x_wconf 88' lang='lat' dir='ltr'><strong>a</strong></span> <span class='ocrx_word' id='word_1_301' title='bbox 512 3537 625 3599; x_wconf 91' lang='lat' dir='ltr'><strong>nostris</strong></span> <span class='ocrx_word' id='word_1_302' title='bbox 648 3557 707 3598; x_wconf 94' lang='lat' dir='ltr'><strong>non</strong></span> <span class='ocrx_word' id='word_1_303' title='bbox 724 3536 813 3599; x_wconf 86' lang='lat' dir='ltr'><strong>lacile</strong></span> <span class='ocrx_word' id='word_1_304' title='bbox 828 3537 1025 3614; x_wconf 91' lang='lat' dir='ltr'><strong>inueniretur,</strong></span> <span class='ocrx_word' id='word_1_305' title='bbox 1048 3538 1105 3600; x_wconf 93' lang='lat' dir='ltr'><strong>nisi</strong></span> <span class='ocrx_word' id='word_1_306' title='bbox 1128 3536 1222 3620; x_wconf 91' lang='lat' dir='ltr'><strong>capti-</strong></span> 
     </span>
     <span class='ocr_line' id='line_1_34' title="bbox 104 3637 1221 3716; baseline -0.003 -14"><span class='ocrx_word' id='word_1_307' title='bbox 104 3661 207 3705; x_wconf 89' lang='lat' dir='ltr'><strong>uorum</strong></span> <span class='ocrx_word' id='word_1_308' title='bbox 223 3641 345 3706; x_wconf 89' lang='lat' dir='ltr'><strong>indicio.</strong></span> <span class='ocrx_word' id='word_1_309' title='bbox 375 3640 423 3703; x_wconf 93' lang='lat' dir='ltr'><strong>lta</strong></span> <span class='ocrx_word' id='word_1_310' title='bbox 437 3640 478 3704; x_wconf 89' lang='lat' dir='ltr'><strong>ibi</strong></span> <span class='ocrx_word' id='word_1_311' title='bbox 493 3638 694 3703; x_wconf 85' lang='lat' dir='ltr'><strong>interficitur&#39;.</strong></span> <span class='ocrx_word' id='word_1_312' title='bbox 727 3637 764 3701; x_wconf 88' lang='lat' dir='ltr'><strong>C.</strong></span> <span class='ocrx_word' id='word_1_313' title='bbox 783 3637 836 3716; x_wconf 86' lang='lat'><strong>35,</strong></span> <span class='ocrx_word' id='word_1_314' title='bbox 853 3639 874 3701; x_wconf 82' lang='lat'>2</span> <span class='ocrx_word' id='word_1_315' title='bbox 889 3641 920 3703; x_wconf 94' lang='lat' dir='ltr'><strong>in</strong></span> <span class='ocrx_word' id='word_1_316' title='bbox 936 3641 982 3704; x_wconf 88' lang='lat' dir='ltr'><strong>bis</strong></span> <span class='ocrx_word' id='word_1_317' title='bbox 998 3639 1115 3702; x_wconf 83' lang='lat' dir='ltr'><strong>uerbis:</strong></span> <span class='ocrx_word' id='word_1_318' title='bbox 1133 3639 1221 3700; x_wconf 88' lang='lat' dir='ltr'><strong>‘clam</strong></span> 
     </span>
     <span class='ocr_line' id='line_1_35' title="bbox 104 3738 1222 3825; baseline -0.001 -18"><span class='ocrx_word' id='word_1_319' title='bbox 104 3744 248 3825; x_wconf 91' lang='lat' dir='ltr'><strong>quendam</strong></span> <span class='ocrx_word' id='word_1_320' title='bbox 262 3742 437 3821; x_wconf 88' lang='lat' dir='ltr'><strong>Philonem,</strong></span> <span class='ocrx_word' id='word_1_321' title='bbox 453 3743 555 3819; x_wconf 94' lang='lat' dir='ltr'><strong>illum,</strong></span> <span class='ocrx_word' id='word_1_322' title='bbox 573 3742 621 3824; x_wconf 92' lang='lat' dir='ltr'><strong>qui</strong></span> <span class='ocrx_word' id='word_1_323' title='bbox 637 3738 881 3824; x_wconf 89' lang='lat' dir='ltr'><strong>Pompeianarum</strong></span> <span class='ocrx_word' id='word_1_324' title='bbox 904 3743 1030 3824; x_wconf 89' lang='lat' dir='ltr'><strong>partium</strong></span> <span class='ocrx_word' id='word_1_325' title='bbox 1047 3742 1156 3805; x_wconf 90' lang='lat' dir='ltr'><strong>luisset</strong></span> <span class='ocrx_word' id='word_1_326' title='bbox 1171 3741 1222 3806; x_wconf 92' lang='lat' dir='ltr'><strong>de·</strong></span> 
     </span>
     <span class='ocr_line' id='line_1_36' title="bbox 105 3841 1221 3928; baseline 0.001 -22"><span class='ocrx_word' id='word_1_327' title='bbox 105 3846 206 3910; x_wconf 89' lang='lat' dir='ltr'><strong>lenscr</strong></span> <span class='ocrx_word' id='word_1_328' title='bbox 221 3847 385 3910; x_wconf 91' lang='lat' dir='ltr'><strong>acerrimus</strong></span> <span class='ocrx_word' id='word_1_329' title='bbox 409 3848 422 3928; x_wconf 81' lang='grc'><strong><em>&lt;</em></strong></span> <span class='ocrx_word' id='word_1_330' title='bbox 429 3845 454 3908; x_wconf 91' lang='lat' dir='ltr'><strong>is</strong></span> <span class='ocrx_word' id='word_1_331' title='bbox 470 3854 532 3907; x_wconf 91' lang='lat' dir='ltr'><strong>tota</strong></span> <span class='ocrx_word' id='word_1_332' title='bbox 548 3841 703 3907; x_wconf 89' lang='lat' dir='ltr'><strong>Lusitania</strong></span> <span class='ocrx_word' id='word_1_333' title='bbox 725 3843 900 3907; x_wconf 89' lang='lat' dir='ltr'><strong>notissimus</strong></span> <span class='ocrx_word' id='word_1_334' title='bbox 922 3849 1008 3926; x_wconf 84' lang='lat' dir='ltr'><strong>erat)</strong></span> <span class='ocrx_word' id='word_1_335' title='bbox 1025 3881 1067 3891; x_wconf 91' lang='lat'>—</span> <span class='ocrx_word' id='word_1_336' title='bbox 1083 3844 1129 3905; x_wconf 93' lang='lat' dir='ltr'><strong>bic</strong></span> <span class='ocrx_word' id='word_1_337' title='bbox 1145 3843 1221 3907; x_wconf 89' lang='lat' dir='ltr'><strong>clam</strong></span> 
     </span>
     <span class='ocr_line' id='line_1_37' title="bbox 103 3944 1220 4031; baseline -0.001 -21"><span class='ocrx_word' id='word_1_338' title='bbox 103 3949 251 4031; x_wconf 89' lang='lat' dir='ltr'><strong>praesidia</strong></span> <span class='ocrx_word' id='word_1_339' title='bbox 265 3949 296 4011; x_wconf 91' lang='lat' dir='ltr'><strong>in</strong></span> <span class='ocrx_word' id='word_1_340' title='bbox 311 3946 499 4011; x_wconf 87' lang='lat' dir='ltr'><strong>Lusitaniam</strong></span> <span class='ocrx_word' id='word_1_341' title='bbox 516 3944 721 4030; x_wconf 85' lang='lat' dir='ltr'><strong>proficiscitur&#39;</strong></span> <span class='ocrx_word' id='word_1_342' title='bbox 740 3945 837 4008; x_wconf 88' lang='lat' dir='ltr'><strong>oratic</strong></span> <span class='ocrx_word' id='word_1_343' title='bbox 852 3946 937 4009; x_wconf 90' lang='lat' dir='ltr'><strong>initio</strong></span> <span class='ocrx_word' id='word_1_344' title='bbox 952 3947 993 4007; x_wconf 90' lang='lat' dir='ltr'><strong>ita</strong></span> <span class='ocrx_word' id='word_1_345' title='bbox 1009 3946 1145 4009; x_wconf 87' lang='lat' dir='ltr'><strong>instituta</strong></span> <span class='ocrx_word' id='word_1_346' title='bbox 1161 3957 1220 4025; x_wconf 84' lang='lat' dir='ltr'><strong>est,</strong></span> 
     </span>
     <span class='ocr_line' id='line_1_38' title="bbox 103 4046 1221 4136; baseline -0.003 -23"><span class='ocrx_word' id='word_1_347' title='bbox 103 4050 189 4136; x_wconf 88' lang='lat' dir='ltr'><strong>quasi</strong></span> <span class='ocrx_word' id='word_1_348' title='bbox 205 4051 345 4135; x_wconf 88' lang='lat' dir='ltr'><strong>deinceps</strong></span> <span class='ocrx_word' id='word_1_349' title='bbox 363 4050 512 4113; x_wconf 88' lang='lat' dir='ltr'><strong>‘mittunt&#39;</strong></span> <span class='ocrx_word' id='word_1_350' title='bbox 530 4050 577 4112; x_wconf 87' lang='lat' dir='ltr'><strong>uel</strong></span> <span class='ocrx_word' id='word_1_351' title='bbox 592 4047 688 4111; x_wconf 90' lang='lat' dir='ltr'><strong>simile</strong></span> <span class='ocrx_word' id='word_1_352' title='bbox 703 4046 826 4110; x_wconf 86' lang='lat' dir='ltr'><strong>uerbum</strong></span> <span class='ocrx_word' id='word_1_353' title='bbox 842 4058 1035 4130; x_wconf 89' lang='lat' dir='ltr'><strong>sequeretur,</strong></span> <span class='ocrx_word' id='word_1_354' title='bbox 1058 4050 1110 4111; x_wconf 88' lang='lat' dir='ltr'><strong>sed</strong></span> <span class='ocrx_word' id='word_1_355' title='bbox 1127 4049 1221 4111; x_wconf 88' lang='lat' dir='ltr'><strong>iuter-</strong></span> 
     </span>
     <span class='ocr_line' id='line_1_39' title="bbox 102 4144 1217 4235; baseline -0.004 -20"><span class='ocrx_word' id='word_1_356' title='bbox 102 4152 190 4216; x_wconf 90' lang='lat' dir='ltr'><strong>iectis</strong></span> <span class='ocrx_word' id='word_1_357' title='bbox 213 4153 385 4235; x_wconf 90' lang='lat' dir='ltr'><strong>quibusdam</strong></span> <span class='ocrx_word' id='word_1_358' title='bbox 407 4151 496 4216; x_wconf 90' lang='lat' dir='ltr'><strong>rebus</strong></span> <span class='ocrx_word' id='word_1_359' title='bbox 520 4171 555 4214; x_wconf 92' lang='lat' dir='ltr'><strong>ea</strong></span> <span class='ocrx_word' id='word_1_360' title='bbox 579 4151 673 4211; x_wconf 80' lang='lat' dir='ltr'><strong>forma</strong></span> <span class='ocrx_word' id='word_1_361' title='bbox 689 4149 807 4212; x_wconf 90' lang='lat' dir='ltr'><strong>deserta</strong></span> <span class='ocrx_word' id='word_1_362' title='bbox 823 4159 881 4211; x_wconf 90' lang='lat' dir='ltr'><strong>est.</strong></span> <span class='ocrx_word' id='word_1_363' title='bbox 914 4144 952 4213; x_wconf 85' lang='lat' dir='ltr'><strong>C.</strong></span> <span class='ocrx_word' id='word_1_364' title='bbox 969 4147 1009 4227; x_wconf 89' lang='grc'><strong>6,</strong></span> <span class='ocrx_word' id='word_1_365' title='bbox 1036 4153 1050 4211; x_wconf 92' lang='grc'><strong>1</strong></span> <span class='ocrx_word' id='word_1_366' title='bbox 1070 4160 1101 4211; x_wconf 91' lang='lat' dir='ltr'><strong>et</strong></span> <span class='ocrx_word' id='word_1_367' title='bbox 1115 4148 1175 4226; x_wconf 81' lang='lat'><strong>25,</strong></span> <span class='ocrx_word' id='word_1_368' title='bbox 1201 4148 1217 4211; x_wconf 92' lang='lat'>1</span> 
     </span>
     <span class='ocr_line' id='line_1_40' title="bbox 104 4249 1219 4341; baseline -0.01 -22"><span class='ocrx_word' id='word_1_369' title='bbox 104 4255 186 4320; x_wconf 84' lang='lat' dir='ltr'><strong>‘eius</strong></span> <span class='ocrx_word' id='word_1_370' title='bbox 202 4256 398 4341; x_wconf 85' lang='lat' dir='ltr'><strong>praesidium’</strong></span> <span class='ocrx_word' id='word_1_371' title='bbox 421 4254 543 4341; x_wconf 84' lang='lat' dir='ltr'><strong>ponitur</strong></span> <span class='ocrx_word' id='word_1_372' title='bbox 563 4249 725 4336; x_wconf 89' lang='lat' dir='ltr'><strong>Pompeio,</strong></span> <span class='ocrx_word' id='word_1_373' title='bbox 757 4250 805 4333; x_wconf 90' lang='lat' dir='ltr'><strong>qui</strong></span> <span class='ocrx_word' id='word_1_374' title='bbox 826 4250 1002 4334; x_wconf 89' lang='lat' dir='ltr'><strong>pronomine</strong></span> <span class='ocrx_word' id='word_1_375' title='bbox 1023 4249 1219 4333; x_wconf 80' lang='lat' dir='ltr'><strong>significatur,</strong></span> 
     </span>
    </p>
   </div>
   <div class='ocr_carea' id='block_1_3' title="bbox 0 0 1346 4694">
    <p class='ocr_par' dir='ltr' id='par_1_3' title="bbox 0 0 1346 4694">
     <span class='ocr_line' id='line_1_41' title="bbox 0 0 1346 4694; baseline 0 0"><span class='ocrx_word' id='word_1_376' title='bbox 0 0 1346 4694; x_wconf 95' lang='lat' dir='ltr'><strong> </strong></span> 
     </span>
    </p>
   </div>
  </div>
 </body>
</html>
