2684 4694
513 244 794 308 -4-

91 434 127 477 ea
143 416 179 477 de
195 437 304 493 eausa,
328 416 404 499 qnod
419 413 580 500 Pompeius
601 427 633 480 et
647 414 802 480 Labienus
819 436 963 499 nusquam
979 437 1044 479 cum
1062 427 1215 480 contume-

89 516 141 594 lia,
159 519 213 581 sed
229 530 260 582 et
275 518 321 582 bie
337 540 425 602 saepe
442 530 471 583 et
487 520 537 582 ille
552 514 614 595 Vl,
635 517 664 596 l,
682 519 704 580 t
719 530 750 581 et
764 516 841 596 Vll,
858 515 895 597 6,
915 518 931 580 1
950 541 1017 582 cum
1034 519 1146 582 bonore
1161 539 1214 602 ap-

89 619 239 702 pellantur
260 624 376 704 (neque
399 621 478 684 enim
499 622 570 684 illud
592 621 679 683 etiam
703 631 770 703 post
785 622 903 684 ciuilem
920 622 1136 684 dissensionem
1153 620 1211 684 nisi

89 721 125 783 ab
148 721 267 785 bomine
294 724 390 806 pusilli
422 724 535 806 ingenii
562 744 660 804 neque
684 722 841 785 admodum
863 722 1071 806 circumspecti
1101 724 1210 785 lactum

89 827 211 906 esset),
229 825 280 887 sed
297 826 374 906 quod
391 821 506 889 Caesar
522 845 571 887 res
588 824 701 886 duobus
719 824 828 886 ultimis
844 825 930 887 annis
946 826 976 886 in
994 822 1093 888 Gallia
1108 835 1209 907 gestas

89 946 186 1007 neque
203 928 378 1010 perscripsit
393 948 487 1009 neque
504 937 601 989 tamen
618 947 652 989 se
668 925 799 988 noluisse
815 926 899 1009 plura
914 925 1046 989 seribere
1058 926 1210 1009 signitica-

89 1028 143 1090 uit.
182 1027 263 1091 Nam
288 1029 404 1112 sipost
427 1029 642 1092 dissensionem
667 1028 784 1090 ciuilem
802 1028 855 1090 bos
872 1029 963 1091 libros
979 1029 1207 1112 composuisset,

87 1130 167 1192 nulla
184 1152 274 1193 eausa
295 1142 376 1206 erat,
401 1153 454 1194 eur
475 1131 557 1215 prius
579 1131 614 1193 de
636 1130 717 1192 ciuili
737 1131 815 1193 bello
831 1131 964 1194 seribere
979 1132 1206 1214 aggrederetur,

86 1253 172 1313 quam
189 1232 256 1296 illos
273 1234 309 1295 ad
325 1233 411 1295 linem
427 1233 631 1316 perduxisset.
671 1231 758 1294 Hane
778 1254 842 1296 rem
858 1228 1059 1295 Schneiderns
1076 1233 1142 1295 ideo
1158 1253 1208 1294 ac·

86 1334 195 1396 cidisse
210 1345 306 1417 putat,
324 1337 400 1416 quod
417 1337 445 1398 bi
461 1335 666 1399 commentarii
682 1335 739 1397 iam
756 1334 955 1417 prioreparte
979 1334 1049 1396 anni
1072 1333 1111 1395 bi
1137 1333 1208 1397 editi

86 1446 201 1513 essent,
218 1436 306 1518 idque
321 1458 339 1498 a
356 1433 489 1501 Caesare
506 1440 614 1501 laetum
632 1437 798 1512 existimat,
816 1436 885 1517 quia
896 1434 941 1498 Μ.
955 1433 1120 1500 Marcellus
1136 1457 1208 1499 con-

86 1539 134 1600 sul
148 1549 210 1600 tum
226 1539 356 1600 maxime
377 1539 581 1615 incubuisset,
605 1548 637 1600 nt
652 1533 780 1600 Caesari
795 1538 1026 1600 succederetur:
1050 1538 1078 1601 ei
1093 1533 1207 1603 Caesa-

85 1659 149 1702 rem
166 1639 220 1702 bos
235 1640 329 1703 libros
346 1641 430 1723 quasi
447 1642 588 1719 quosdam
604 1641 810 1716 uerecundos,
828 1639 881 1701 sed
897 1640 1016 1702 eosdem
1032 1640 1208 1705 luculentis-

86 1741 179 1804 simos
194 1742 368 1805 meritorum
384 1764 503 1806 suorum
517 1753 610 1806 testes
623 1741 807 1824 opposuisse.
835 1736 921 1821 Quae
937 1741 1007 1804 mibi
1023 1762 1113 1805 causa
1125 1742 1207 1806 nulla

85 1843 215 1906 uidetur.
245 1841 326 1906 Nam
343 1845 390 1926 qni
407 1864 457 1906 res
473 1847 537 1908 eius
554 1844 737 1908 extollerent
751 1853 782 1906 et
796 1842 826 1904 iu
843 1854 949 1905 senatu
972 1853 1003 1906 et
1023 1844 1099 1926 apud
1116 1863 1207 1927 popu·

84 1945 155 2022 lum,
173 1943 288 2008 Romae
304 1947 404 2009 idonei
420 1947 553 2010 homines
570 1943 695 2010 Caesari
711 1947 817 2009 deesse
833 1967 892 2008 non
908 1955 1063 2028 poterant,
1081 1966 1207 2027 quorum

85 2047 182 2110 oratio
198 2047 278 2111 etad
295 2049 395 2131 plures
411 2049 606 2131 perueniebat
628 2071 714 2132 quarn
737 2048 765 2111 bi
788 2048 857 2111 libri
873 2068 969 2130 neque
986 2047 1044 2111 ulla
1060 2068 1207 2110 uerecun-

84 2148 132 2212 dia
146 2150 372 2234 impediebatur.
412 2150 559 2226 Aecedit,
583 2152 660 2232 quod
682 2146 798 2214 Caesar
820 2150 890 2213 inde
910 2149 947 2212 ab
970 2150 1055 2213 initio
1078 2151 1148 2212 anni
1164 2149 1207 2213 52

84 2253 230 2334 usquead
246 2272 355 2315 aunum
371 2250 459 2315 utin
476 2249 576 2315 Gallia
591 2251 735 2316 ulteriore
752 2250 998 2334 occupatissimus
1015 2251 1087 2327 luit,
1113 2252 1154 2314 ita
1172 2262 1206 2314 ut

83 2375 122 2418 ne
138 2355 292 2418 hibernum
310 2353 426 2435 quidem
444 2363 558 2436 tempus
574 2355 753 2419 acontinuis
769 2353 854 2417 belbe
870 2351 1130 2416 intermitteretur.
1162 2355 1207 2417 At

83 2479 179 2521 annus
195 2456 256 2535 50,
281 2457 332 2540 qui
353 2456 408 2518 tuit
428 2466 614 2539 postremus,
641 2478 698 2539 quo
722 2452 838 2519 Caesar
858 2454 1041 2536 prouinciam
1063 2454 1202 2533 obtinuit,

83 2569 188 2643 pacata
203 2569 266 2622 tota
282 2557 380 2621 Gallia
400 2559 437 2620 ab
459 2559 540 2620 omni
564 2568 646 2621 motu
669 2558 799 2621 uacauit.
830 2554 936 2637 Itaque
950 2557 1204 2640 appropinquante

83 2662 229 2740 decessu,
255 2682 321 2723 cunr
345 2681 440 2742 neque
465 2660 618 2742 quiequam
635 2682 668 2724 se
684 2661 741 2724 iam
758 2661 789 2722 in
804 2656 903 2722 Gallia
919 2669 1072 2740 gesturum
1088 2661 1206 2722 uideret

83 2774 113 2826 et
128 2784 272 2826 summum
289 2763 380 2825 otium
397 2772 503 2824 nactus
520 2774 612 2838 esset,
631 2784 691 2825 non
706 2772 805 2845 potest
820 2761 960 2838 dubitari,
979 2761 1049 2842 quin
1062 2762 1118 2824 boc
1129 2773 1205 2824 tem-

82 2885 136 2948 pus
152 2860 277 2928 Caesari
295 2864 425 2927 maxime
440 2863 578 2925 idoneum
595 2863 690 2926 uisum
707 2864 764 2940 sit,
790 2885 848 2946 quo
863 2885 913 2927 res
929 2864 960 2926 in
976 2863 1130 2947 prouincia
1152 2885 1204 2947 ge·

83 2977 145 3030 stas
161 2968 373 3050 perscriberet.
396 2965 497 3047 Atque
513 2964 577 3028 eius
593 2965 650 3042 rei,
667 2985 752 3047 quam
769 2967 857 3048 paulo
873 2976 942 3029 ante
958 2967 1201 3044 commemoraui,

82 3070 161 3150 quod
176 3070 301 3133 duorum
318 3067 488 3131 ultimorum
503 3087 650 3130 annorum
666 3087 716 3130 res
731 3090 748 3130 a
765 3064 900 3132 Caesare
915 3068 1029 3132 relatae
1046 3089 1106 3131 nou
1121 3079 1202 3148 sunt,

81 3170 124 3232 ita
147 3171 217 3233 mibi
239 3171 359 3232 uidetur
379 3168 531 3252 aptissime
554 3169 631 3231 ratio
654 3170 755 3248 reddi,
779 3181 812 3232 ut
831 3190 898 3234 eum
921 3171 1001 3234 ciuili
1024 3170 1150 3234 tumultu
1171 3170 1204 3233 in

82 3272 241 3335 scribendo
257 3272 490 3354 interpellatum,
508 3292 575 3333 cum
591 3271 649 3334 sibi
663 3271 700 3334 ob
717 3272 781 3335 eius
798 3273 867 3336 belli
883 3275 1094 3357 occupationes
1111 3275 1203 3336 otium

83 3394 144 3436 uon
160 3376 225 3438 lore
240 3375 447 3456 intellegeret,
469 3373 676 3455 imperfectum
699 3394 772 3456 opus
792 3375 913 3438 interim
938 3376 1065 3439 edidisse
1088 3386 1203 3439 statua-

82 3497 160 3552 mus,
178 3477 355 3558 praesertim
370 3475 418 3538 cui
435 3495 490 3536 nec
506 3476 598 3537 multa
614 3495 670 3537 nec
683 3477 781 3558 magni
793 3477 934 3539 momenti
947 3477 1103 3556 deessent,
1121 3487 1202 3561 post-

83 3599 169 3660 quam
186 3589 284 3641 autem
300 3598 405 3640 rursus
421 3577 514 3639 otium
529 3577 721 3659 suppetebat,
745 3577 828 3661 prins
844 3600 892 3642 res
909 3580 990 3642 eiuili
1004 3580 1083 3642 bello
1099 3589 1202 3660 gestas

83 3681 301 3762 componendas
318 3680 528 3756 constituisse,
556 3700 631 3761 quae
654 3690 685 3742 et
706 3681 794 3763 longe
817 3682 944 3745 maiores
968 3691 1071 3745 essent
1086 3689 1117 3741 et
1132 3699 1203 3741 acu·
1282 3729 1288 3735 .

83 3783 161 3844 tiore
177 3782 246 3844 stilo
262 3782 450 3845 scribendae.
479 3778 719 3845 Commentarios
735 3783 828 3866 igitur
840 3786 875 3847 de
895 3785 973 3846 bello
994 3779 1110 3843 Gallico
1133 3801 1202 3863 pro·

83 3883 165 3944 ximo
179 3894 248 3946 ante
265 3884 372 3946 bellum
389 3884 476 3947 ciuile
492 3895 626 3969 tempore
642 3887 769 3969 scriptos
786 3897 817 3949 et
831 3887 916 3948 initio
931 3885 996 3947 eius
1012 3882 1081 3945 belli
1097 3883 1202 3965 uulga-

83 3995 130 4047 tos
153 4006 221 4049 esse
244 3987 395 4050 existimo.
442 3984 528 4049 Libri
549 3998 648 4050 autem
670 3989 706 4051 de
727 3988 807 4051 bello
828 3987 908 4051 ciuili
932 3995 1014 4048 certe
1038 4005 1097 4046 non
1118 3983 1201 4066 prius

83 4087 153 4148 editi
170 4098 257 4165 sunt,
283 4111 368 4172 quam
384 4086 430 4152 M.
447 4087 564 4152 Tullius
581 4086 690 4153 Cicero
706 4087 833 4153 Brutum
857 4109 941 4151 suum
957 4086 1139 4169 scripsisset.
1170 4083 1201 4149 Is

83 4190 160 4252 enim
184 4191 215 4253 in
236 4212 272 4255 eo
293 4191 368 4254 libro
391 4213 419 4254 e.
437 4190 496 4269 75,
521 4192 585 4256 262
605 4193 646 4254 ita
663 4193 699 4255 de
714 4190 935 4254 commentariis
951 4184 1093 4252 Caesaris
1110 4189 1200 4252 dicite

85 4289 197 4374 ‘Atque
213 4293 302 4357 etiam
318 4294 547 4359 commentarios
563 4294 706 4376 quosdam
721 4293 843 4379 scripsit
856 4313 957 4356 rerum
973 4312 1105 4356 suarum.
1128 4288 1202 4355 Val-
