2692 4688
551 208 695 281 CAPVT
710 210 798 278 31-
808 212 862 279 35.
1260 212 1323 279 513

148 384 310 452 Caesarem
328 385 418 448 mittit
433 385 543 449 litteris
559 388 624 450 eius
640 395 781 449 euocatos
792 407 800 461 3
813 403 936 467 quarum
949 384 1043 448 altero
1065 384 1182 451 inbello
1195 385 1266 450 Ale·

147 491 297 556 xandrino
311 510 370 551 uon
381 489 523 564 occurrit,
533 489 609 574 quod
622 487 730 551 itinere
740 486 878 549 terrestri
890 507 943 570 per
953 482 1072 571 Syriam
1086 498 1152 551 erat
1162 490 1264 554 missa.

146 592 294 674 Adiungit
311 589 401 674 [Cn]
418 587 565 653 Domitius
589 589 700 674 legioni
723 598 835 652 xxxvl
858 589 930 652 dnus
953 587 989 651 ab
1006 585 1169 669 Deiotaro,
1194 594 1302 673 quasi

147 695 198 758 ille
220 693 375 778 disciplina
399 703 487 775 atque
511 702 661 755 armatura
678 701 780 754 nostra
797 691 963 774 complures
980 711 1074 754 annos
1091 692 1268 756 constitutas

108 812 123 861 a
149 797 296 872 babebat,
321 795 529 881 equitesquec
552 795 733 877 totidemque
755 793 791 855 ab
806 792 1016 856 Ariobarzane
1039 795 1139 857 sumit.
1171 792 1302 860 Mittitb

144 896 181 962 Ρ.
200 895 333 962 Sestium
349 897 385 958 ad
402 894 439 960 C.
457 893 639 960 Plaetorium
657 905 863 979 quaestorem,
882 905 914 958 ut
929 895 1076 978 legionem
1092 898 1265 976 adduceret,

146 1021 220 1084 quae
237 1021 277 1062 ex
292 997 493 1061 tumultuariis
508 999 647 1063 militibus
663 999 693 1061 iu
708 995 806 1061 Ponto
821 999 957 1062 conlecta
973 1008 1050 1076 erat,
1066 994 1268 1083 Quintumque

146 1101 292 1166 Patisium
308 1099 340 1161 in
356 1095 493 1163 Ciliciam
510 1101 546 1164 ad
563 1100 674 1164 auxilia
690 1101 879 1164 arcessenda.
908 1097 993 1182 Qttae
1010 1101 1112 1185 copiae
1128 1101 1269 1166 celeriter

147 1225 249 1269 omnes
264 1205 348 1267 iussu
363 1198 487 1265 Domitii
504 1199 637 1266 Comana
653 1213 871 1266 conuenerunt.
895 1199 1017 1266 iuterim
1035 1203 1126 1287 legati
1142 1225 1158 1266 a
1174 1201 1269 1268 Pbar·
1280 1202 1324 1273 35

91 1319 124 1371 tu
147 1328 220 1371 nace
235 1325 378 1390 responsa
396 1306 550 1368 referunt:
570 1300 756 1388 Cappadocia
775 1326 807 1368 se
824 1306 1003 1378 decessisse,
1024 1306 1197 1369 Armeniam
1214 1306 1267 1369 mi·

148 1429 252 1472 norem
283 1408 453 1492 recepisse,
486 1428 572 1488 quam
596 1418 719 1491 paterno
742 1409 861 1471 nomine
884 1409 949 1471 iure
972 1408 1106 1471 obtinere
1130 1407 1264 1472 deberet.

148 1508 285 1593 Denique
313 1511 377 1573 eius
404 1510 491 1593 regui
516 1530 604 1573 causa
627 1511 744 1595 integra
769 1506 893 1573 Caesari
916 1519 1106 1573 seruaretur:
1133 1520 1267 1593 paratum

148 1612 225 1676 euim
242 1632 274 1675 se
291 1614 401 1690 lacere,
420 1612 497 1695 quod
512 1612 538 1674 is
556 1612 720 1677 statuisset.
753 1610 914 1686 Domitius,
933 1634 997 1675 cum
1015 1611 1304 1677 animaduertenti

147 1733 214 1778 eum
231 1711 418 1799 Cappadocia
439 1714 605 1778 decessisse
622 1737 680 1777 nou
698 1714 850 1778 uoluntate
866 1716 1040 1792 adductum,
1066 1715 1117 1778 sed
1135 1715 1268 1778 uecessi-

94 1826 125 1878 rs
148 1826 226 1894 tate,
252 1817 329 1900 quod
352 1816 467 1880 facilius
483 1816 657 1880 Armeniam
680 1817 840 1881 defendere
863 1828 966 1901 posset
987 1817 1150 1881 subiectam
1173 1838 1267 1900 regno

149 1938 204 1981 suo
227 1938 314 2000 qnam
331 1916 546 2003 Cappadociam
572 1920 689 2002 lougius
715 1930 859 1982 remotam
876 1920 1011 2002 quodque
1029 1938 1132 1982 omnes
1149 1929 1210 1982 tres
1225 1918 1267 1981 le-

149 2017 256 2102 giones
278 2020 470 2085 adducturum
487 2019 650 2085 Domitium
675 2032 827 2105 putasset;
853 2040 893 2084 ex
915 2021 1110 2104 quibuscum
1132 2021 1206 2085 duas
1230 2021 1267 2084 ad

148 2116 312 2186 Caesarem
328 2125 434 2188 missas
450 2124 592 2197 audisset,
610 2124 750 2187 audacius
766 2125 796 2186 in
810 2120 954 2186 Armenia
971 2123 1151 2199 substitisse,
1166 2144 1267 2205 perse-

148 2246 257 2288 uerare
280 2227 394 2310 coepit,
421 2236 453 2289 ut
476 2248 511 2289 eo
534 2248 651 2309 quoque
671 2247 766 2310 reguo
782 2225 956 2288 decederet:
982 2243 1078 2307 neque
1094 2223 1172 2286 enim
1188 2222 1303 2287 aliud3

89 2335 124 2389 25
146 2325 194 2389 ius
216 2348 283 2391 esse
299 2323 508 2412 Cappadociae
531 2339 619 2411 atquo
635 2329 817 2406 Armeniae,
842 2348 898 2391 nec
920 2326 999 2390 iuste
1020 2346 1087 2389 eum
1104 2327 1265 2410 postulare,

148 2439 182 2491 ut
203 2428 233 2491 in
250 2426 390 2495 Caesaris
413 2431 572 2495 aduentum
595 2453 644 2497 res
660 2433 778 2517 integra
794 2431 979 2495 differretur:
1004 2429 1032 2493 id
1047 2428 1123 2492 euim
1141 2449 1207 2493 esse
1223 2430 1269 2492 iu-

150 2542 283 2616 tegrum,
307 2533 386 2619 quod
411 2533 453 2596 ita
473 2546 570 2608 osset,
596 2547 628 2598 ut
651 2537 767 2599 luisset.
802 2534 857 2598 llis
880 2533 1031 2619 responsis
1056 2533 1132 2597 datis
1149 2555 1214 2596 oum
1231 2532 1304 2597 iist

148 2635 257 2718 copiis,
276 2655 350 2717 quas
366 2656 455 2719 supra
471 2637 589 2720 scripsi,
608 2640 757 2719 proiectus
774 2649 820 2701 est
836 2638 865 2699 in
882 2638 1055 2699 Armeniam
1072 2635 1202 2718 locisque
1218 2656 1268 2697 su·

136 2735 313 2818 'pertonsus
336 2737 395 2801 iter
417 2739 514 2802 locere
539 2739 686 2802 instituit:
715 2761 780 2803 nam
807 2760 846 2802 ex
862 2736 960 2801 Ponto
976 2759 992 2799 a
1009 2734 1151 2800 Comanis
1167 2739 1267 2820 iugum
1284 2735 1304 2799 5

91 2846 125 2902 25
148 2837 257 2902 editum
274 2839 466 2915 siluestrest,
492 2841 644 2924 pertinens
660 2842 690 2904 iu
707 2841 881 2905 Armeniam
896 2841 1060 2915 minorem,
1079 2860 1136 2920 quo
1152 2834 1269 2921 Cappa·

148 2940 232 3004 dooia
247 2941 350 3004 linitur
365 2941 400 3003 ab
415 2941 579 3023 Armenia3
597 2946 681 3008 cuins
697 2945 813 3007 itineris
830 2945 882 3006 bas
899 2963 965 3006 esse
982 2951 1080 3005 certas
1096 2939 1304 3024 opportuni-li

148 3051 245 3116 tates,
270 3045 345 3126 quod
368 3044 399 3107 in
425 3045 498 3108 locis
522 3047 726 3129 superioribus
743 3046 842 3109 nullus
859 3046 985 3127 impetus
1001 3043 1173 3127 repentinus
1189 3044 1267 3107 acci·

148 3144 371 3209 dere-bostium
394 3158 528 3230 poterat,
554 3158 583 3209 et
605 3148 680 3230 qnod
698 3144 885 3231 Cappadocia
902 3146 947 3210 his
963 3145 1040 3231 iugis
1055 3145 1190 3209 subiecta
1206 3168 1267 3210 ma-

148 3266 237 3330 gnam
254 3244 565 3333 commeatus‘copiam
582 3260 647 3312 erat
660 3250 932 3314 subministratura.
958 3245 1135 3333 Complures
1149 3250 1267 3313 interim
1280 3249 1325 3319 36

89 3358 125 3410 30
146 3348 312 3432 legationes
329 3346 501 3415 Pharnaces
525 3352 560 3415 ad
578 3350 739 3416 Domitium
764 3354 871 3429 mittit,
898 3373 973 3436 qnae
997 3353 1032 3416 de
1056 3372 1128 3435 pace
1144 3363 1267 3432 agerent

146 3449 288 3534 regiaque
310 3475 434 3518 munera
451 3452 583 3517 Domitio
606 3456 731 3518 ferrent.
762 3454 808 3517 Ea
825 3465 997 3518 constanter
1012 3455 1111 3518 omnia
1127 3454 1303 3536 asperus-2

146 3551 237 3617 batur
264 3574 321 3620 uec
343 3556 398 3619 sibi
423 3557 578 3640 quicquam
603 3559 666 3621 lore
689 3557 839 3641 antiquius
863 3579 947 3640 quam
972 3557 1145 3640 dignitatem
1169 3558 1266 3640 populi

253 3718 332 3772 Νι.
347 3735 395 3785 ego
409 3727 485 3772 uncis
499 3724 607 3774 inclusi.
713 3723 851 3774 tiSestium
865 3739 881 3772 a
895 3725 918 3784 b,
933 3722 1047 3772 Sentium
1061 3736 1088 3768 n.
1193 3716 1268 3770 Plae-

146 3797 241 3849 torium
255 3799 312 3849 ‘nel
323 3798 473 3850 Platorium'
487 3801 538 3865 (sic
550 3803 579 3866 a)
593 3801 677 3852 ‘mss‘
822 3801 837 3852 7
851 3800 1023 3867 Quintumque
1037 3814 1062 3862 o,
1078 3796 1267 3864 Quinotumque

143 3875 176 3926 Ρ.
190 3875 334 3927 Manutius
347 3893 374 3927 ιι.
488 3880 517 3930 10
531 3895 654 3947 responsu
668 3895 720 3929 ont.
736 3880 760 3929 b.
874 3879 904 3930 13
919 3878 1045 3929 Domitius
1059 3878 1082 3940 b,
1097 3873 1124 3925 P.
1141 3875 1266 3929 Domitius

142 3968 160 4003 a
172 3952 234 4004 edd.
247 3957 371 4018 priores,-
385 3953 432 4004 Cn.
448 3954 574 4006 Domitius
588 3956 618 4005 P.
634 3957 773 4005 ,llonnte'ns
786 3971 812 4005 ιι.
969 3955 1120 4004 adnecteret
1134 3954 1157 4003 b.

145 4029 179 4083 11
192 4029 356 4098 Cappadooie
368 4049 395 4083 α.
518 4034 680 4085 abscessisse
695 4036 718 4083 b.
843 4034 981 4085 abductum
995 4049 1020 4084 o.
1143 4034 1172 4085 15
1187 4049 1266 4097 regno

144 4123 192 4159 suo
205 4125 232 4172 a,
247 4125 294 4159 suo
308 4125 385 4172 reguo
398 4110 457 4160 edd.
564 4112 595 4163 17
609 4113 753 4178 putauisset
768 4112 792 4160 b.
908 4115 940 4165 te
952 4113 1102 4164 substitisse
1119 4111 1167 4162 Ta.
1185 4113 1266 4162 Bant-

143 4185 229 4249 inos,-
243 4188 405 4238 substitisset
418 4195 445 4239 et
457 4190 496 4239 ab
509 4189 523 4240 3
537 4190 603 4240 dett.
608 4190 784 4253 ‚substltisset
797 4206 823 4240 ιι.
929 4193 959 4246 ‘tt
970 4182 1119 4244 de'lerretur
1133 4192 1156 4240 b.

143 4261 178 4315 2l
191 4264 220 4322 a]
231 4276 263 4312 ex
276 4267 340 4312 onte
353 4279 423 4314 corr.
439 4278 465 4312 o.
571 4267 604 4321 25
618 4265 779 4324 siluestres,
791 4266 936 4317 siluestre‘
939 4283 1003 4318 mss.
1018 4264 1128 4329 omnes'3
1122 4265 1265 4315 siluestre

143 4340 324 4392 estAldnsn.
418 4341 693 4408 bdoportnuitotceo.
788 4342 1072 4411 28Coppatloclsm-
1037 4304 1264 4432 -snbleetamb

252 4418 286 4473 32
300 4419 474 4486 quicqnomo,
488 4434 541 4471 non
555 4419 641 4487 quidq.

1068 4502 1132 4564 tt*
