2692 4688
63 160 127 243 tta
453 176 518 244 <nn
541 176 684 245 senno
707 174 915 244 cumen,
941 202 944 207 ·

85 347 108 412 2
123 344 435 434 Exploratobostinnu
450 348 576 413 consilio
591 350 688 413 nostri
702 349 740 413 sd
756 348 958 432 proeliandum
973 349 1179 441 unimoatque
1194 371 1244 415 ar-

121 449 178 514 mis
201 450 315 534 parati,
339 471 405 512 curn
428 449 678 532 subsequentibus
699 450 867 535 legionibus
890 451 1000 515 nullum
1023 448 1243 516 dimicationem

86 552 107 616 3
122 560 311 626 recusarent,
329 549 478 614 turmatim
494 551 524 614 in
541 572 606 615 enm
622 552 718 616 locum
735 554 934 617 denenernut.
962 548 1097 633 Quorum
1114 555 1243 619 aduentu

122 674 189 718 nunu
211 653 268 717 sibi
284 646 420 716 Correus
442 652 570 719 oblatam
591 656 780 719 occasionem
802 656 846 719 rei
868 655 1019 740 gerendae
1040 655 1241 732 existimaret,

123 756 247 841 primum
263 776 330 818 cum
346 754 449 839 paucis
464 774 498 820 se
513 756 644 821 ostendit
658 768 747 841 atque
762 758 792 821 in
804 757 1239 842 proxumasturmasimpetum
1262 772 1277 822 5

86 858 204 922 tteett.
244 855 352 922 Nostri
374 853 549 923 constanter
571 860 723 923 incursum
745 860 897 924 sustinent
916 859 1123 922 insidiatorum
1147 881 1243 943 neque

122 959 223 1044 plnres
244 959 274 1022 in
297 980 386 1023 unum
410 959 505 1025 lucum
530 961 733 1041 conueniunt,
759 963 836 1045 qnod
860 962 1032 1046 plerumque
1053 963 1242 1044 equestribus

120 1061 577 1146 proeliiscumprcptcraliquem
595 1064 730 1128 timorem
746 1064 867 1142 accidit,
886 1075 946 1127 tum
963 1062 1150 1128 multitudine
1162 1063 1243 1148 ipso·

43 1162 105 1253 119
119 1185 185 1227 rnrn
199 1164 410 1228 detrimentum
425 1165 581 1249 accipitur.
614 1162 692 1231 Cum
714 1166 867 1250 dispositis
891 1165 994 1229 turmis
1017 1164 1048 1228 in
1069 1164 1162 1229 uicem
1178 1167 1242 1231 ruri

121 1266 343 1351 proeliarentur
366 1284 462 1350 neque
482 1267 519 1330 ab
542 1268 687 1334 lateribus
709 1268 918 1333 circumueniri
950 1288 1022 1330 suos
1052 1276 1241 1350 paterentur,
1266 1278 1299 1331 tc

85 1368 106 1431 Β
121 1379 279 1454 erumpunt
294 1368 388 1433 ceteri
404 1363 521 1433 Correo
544 1371 709 1454 proeliante
724 1390 766 1435 ex
779 1370 877 1435 siluis.
916 1366 966 1432 Fit
987 1389 1097 1452 magna
1117 1380 1241 1434 conten·

123 1471 204 1535 tione
220 1470 369 1535 diuersum
386 1470 542 1554 proelium.
576 1469 665 1554 Quod
680 1492 747 1535 cum
763 1472 875 1535 diutius
898 1470 961 1553 pari
977 1467 1078 1533 Morta
1100 1472 1239 1548 iniretur,

121 1571 262 1655 paulatim
279 1592 320 1634 ex
334 1570 422 1635 siluis
437 1571 584 1635 instructu
600 1573 754 1636 multitudo
771 1572 905 1656 procedit
920 1572 1067 1654 peditum,
1096 1591 1171 1653 qnae
1187 1594 1241 1635 no·

121 1682 201 1736 stros
216 1673 316 1757 codgit
330 1673 437 1737 cedere
452 1672 580 1756 equites.
620 1670 738 1755 Quibus
752 1673 892 1737 celeriter
905 1671 1087 1736 subueninnt
1101 1672 1177 1736 lenis
1191 1694 1240 1737 ar-

122 1784 258 1839 maturae
273 1775 405 1858 pedites,
433 1794 507 1859 quos
522 1786 594 1838 ante
609 1775 743 1858 legiones
758 1774 867 1839 missos
881 1774 989 1851 docui,
1006 1773 1173 1859 turmisque
1187 1795 1241 1838 no-
1266 1786 1298 1839 tt

84 1872 249 1940 istrorum
265 1877 436 1961 interpositi
457 1886 632 1941 constanter
651 1876 850 1962 proeliantur.
886 1873 1041 1959 Pugnatur
1061 1874 1242 1958 aliquamdiu

121 1978 183 2062 pari
200 1980 411 2059 cuntmtiuuep
428 1979 551 2057 deindo,
569 1991 603 2043 nt
616 1979 695 2045 ratio
710 1977 878 2064 postulabat
892 1977 1010 2062 proelii,
1028 1977 1077 2060 qui
1092 1977 1241 2041 sustinue-

120 2089 190 2144 rant
204 2081 315 2165 primos
331 2082 457 2166 impetus
473 2080 665 2160 insidiarum,
678 2082 746 2146 -buc
767 2081 833 2167 ipsu
856 2082 932 2146 liunt
951 2079 1140 2164 superiores,
1164 2080 1241 2162 quod

84 2180 107 2246 l
122 2182 231 2247 nullum
246 2184 288 2249 ab·
300 2182 508 2249 insidiantibus
523 2183 716 2269 inprudentes
731 2195 912 2268 acceperant
925 2182 1158 2247 detrimentum
1178 2179 1241 2244 Ac·

85 2286 104 2305 ''
122 2286 231 2351 cedunt
245 2286 366 2371 propius
382 2285 500 2350 interim
516 2285 670 2367 legiones,
692 2286 848 2369 crebrique
873 2286 976 2350 eodem
993 2295 1131 2368 tempore¹
1143 2294 1174 2346 et
1189 2302 1243 2346 no·
1263 2293 1297 2346 2⁰

121 2388 194 2452 stris
210 2399 240 2452 et
256 2388 391 2452 hostibus
405 2388 502 2452 nuntii
517 2389 711 2467 adferuntur,
738 2389 948 2473 imperatorem
971 2386 1125 2451 instructis
1148 2384 1242 2468 copiis

85 2488 238 2554 bedeese.
264 2487 333 2572 Qua
341 2510 374 2553 re
382 2489 503 2574 cognita
518 2492 667 2574 praesidio
683 2491 848 2555 cubortinm
864 2490 969 2554 conlisi
987 2488 1082 2552 nostri
1097 2487 1241 2552 acerrime

121 2591 316 2673 proeliantur,
335 2611 385 2667 ne,
402 2591 427 2653 si
445 2590 557 2656 tardius
572 2612 635 2656 rem
651 2592 839 2676 gessissent,
855 2594 1003 2656 uictoriae
1018 2590 1144 2673 glorium
1160 2609 1241 2651 conr·

84 2690 107 2755 6
121 2691 290 2756 manicasse
305 2712 369 2755 cum
385 2692 553 2778 legionibus
570 2695 764 2776 uiderentur3
782 2696 883 2765 hostes
898 2694 1057 2759 concidunt
1072 2689 1177 2753 animis
1193 2701 1239 2752 at-

122 2816 178 2879 quc
193 2794 352 2860 itineribus
367 2795 496 2859 diuersis
512 2797 610 2881 lugam
627 2809 783 2880 quaerunt.
816 2796 1023 2879 Nequiquamc
1050 2813 1116 2857 nam
1133 2789 1239 2873 quibus
1262 2802 1296 2853 25

120 2896 342 2962 difficultatibus
358 2898 490 2962 locorum
505 2896 659 2962 Romanos
675 2901 814 2964 claudere
829 2901 1005 2973 uoluerant,
1028 2897 1065 2960 iis
1081 2894 1138 2979 ipsi
1155 2903 1239 2955 tene-

84 2998 106 3062 7
121 2998 240 3064 buntur.
272 2998 355 3065 Victi
372 3011 470 3064 tantm
486 3000 672 3086 perculsique
694 3003 807 3066 maiore
831 3014 915 3086 parte
929 2998 1039 3064 amissa
1055 2996 1240 3062 consternati

232 3224 326 3290 lexpl.
342 3225 410 3275 bost.
424 3241 496 3275 cuns.
519 3229 600 3280 nostri
619 3228 748 3290 Atreu,
772 3230 853 3278 nostri
874 3226 943 3293 expl.
965 3226 1024 3275 bost
1054 3236 1126 3272 runs.
1147 3217 1239 3269 bede.

228 3300 453 3353 coaeternorum
467 3303 499 3354 B.
622 3305 637 3356 3
651 3311 830 3355 conuenerunt
844 3305 869 3355 b.
1000 3295 1126 3363 aduentu]
1142 3297 1214 3346 adltu
1228 3310 1242 3345 s

122 3374 297 3428 Anubem.
403 3378 547 3428 scorteos
562 3395 595 3430 m.
608 3395 653 3448 pr.
668 3380 700 3431 B.
819 3372 1242 3447 5prinunn1Abede,pritnusB

121 3453 259 3520 ‘reliqui'.
364 3460 547 3522 proxunruslt.
655 3453 1240 3522 blorrrrsumBntrels'qur',lmpetumubu.

228 3531 503 3582 lttitnoreruorn.br.
608 3535 772 3585 scalditum.
788 3536 812 3585 b.
936 3532 1131 3600 tuchnmbc.

120 3606 290 3658 brnrcbce.
398 3611 494 3660 lbab.
600 3613 850 3663 riu-cumnenirebe.
968 3613 994 3665 ll
1013 3608 1104 3674 ceteri]
1118 3607 1242 3658 celeriter

119 3685 221 3737 udde.
331 3687 547 3739 l2inireutnrll.
656 3689 830 3757 tse11tna.
938 3683 1242 3752 llcubgltB‘msr.ll

119 3764 262 3829 moltures’,
277 3765 348 3831 cogit
361 3782 384 3816 c.
491 3767 523 3818 tt
536 3766 640 3834 missus]
655 3785 713 3820 esse
727 3769 788 3820 add,
805 3771 852 3820 be.
959 3769 990 3820 tu
1004 3764 1150 3831 interpositi
1165 3780 1187 3827 e,
1203 3763 1241 3812 iu-

120 3841 255 3908 tcrpositis
268 3841 292 3892 Β
306 3841 380 3892 ‘nura
391 3841 537 3909 plerique&
647 3846 677 3897 tt
691 3846 860 3912 inprudentes
873 3846 906 3897 Β.
1028 3843 1061 3893 2⁰
1076 3841 1194 3908 proprius
1209 3840 1241 3891 Β.

228 3917 380 3985 crebrisque
395 3919 441 3968 bc.
559 3927 673 3987 tempore
688 3922 784 3973 nustria
798 3938 811 3972 a
824 3922 896 3973 And.
1018 3920 1046 3970 ut
1066 3919 1155 3968 nnntiu
1170 3915 1243 3967 dele·

121 3999 213 4045 ruutur
225 4007 239 4043 c
251 3992 322 4043 And.
340 3995 428 4044 Oxou.
443 3995 609 4060 (adferuntur
622 3997 664 4061 Β).
798 3999 831 4049 bl
845 4004 923 4065 atque
936 3998 960 4046 in
975 3995 1116 4047 itineribus
1130 3994 1154 4044 B
1167 3995 1239 4042 ‘mse

119 4068 170 4122 to‘.
275 4070 307 4124 25
322 4072 474 4138 nequiquam
489 4072 618 4123 ABCD.
722 4072 979 4126 lbilturn.eAnd.
1090 4070 1242 4136 lipereus-

117 4148 191 4216 sique
201 4151 223 4200 b.
328 4150 424 4202 amissa
438 4150 598 4201 consternati
608 4150 632 4200 A
640 4150 805 4218 B‘rels‘qut’;
819 4152 925 4214 amisso,
939 4166 988 4217 quo
999 4150 1052 4200 lora
1059 4150 1167 4212 tulerat,
1182 4162 1243 4198 con·

118 4229 228 4280 sternati
242 4227 330 4280 bede.
