2684 4694
501 178 800 249 ...39—

91 349 321 434 Bongarsianus
342 351 455 433 primus
475 364 614 437 superest
635 365 667 419 et
686 353 820 419 eiusdem
842 356 972 421 familiae
986 357 1065 423 alter
1078 357 1109 423 in
1127 356 1213 427 Vati·

91 475 165 518 cena
180 453 357 518 bibliotheca
379 474 505 519 numero
521 465 569 520 ter
583 455 759 521 millesimus
774 456 1039 541 octingentesimus
1055 465 1212 548 sexagesi-

90 579 156 621 mus
173 567 308 641 quartus,
325 557 373 641 qui
388 568 498 622 nemun
514 558 564 622 uel
579 579 658 622 nono
672 559 794 623 saeculo
809 560 939 645 scriptus
954 562 1075 629 dicitnr.
1104 562 1213 637 Codex

90 670 210 736 autem,
242 681 300 741 quo
321 657 449 724 Orosius
480 682 551 725 usus
573 671 641 738 est,
665 672 748 725 certe
769 682 911 727 numeros
933 665 1074 747 quosdam
1097 670 1211 739 rectius

90 763 218 847 scriptos
234 762 371 838 babebat,
389 783 475 845 quam
490 763 553 840 ille,
570 765 650 828 uude
665 765 762 828 nostri
778 766 932 849 propagati
948 779 1030 831 sunt.
1066 766 1111 833 lta
1127 774 1164 838 de
1178 773 1209 838 b.

91 862 171 929 Gall.
186 861 221 942 1,
237 862 298 942 53,
316 863 348 943 1,
365 864 416 929 nbi
431 867 463 931 in
478 866 589 931 nostris
604 866 690 931 codd.
711 878 759 933 est
775 868 829 931 ‘sd
845 868 953 933 llumen
969 867 1108 937 Rhenum
1131 876 1212 943 milia

90 987 227 1050 pmsuum
244 986 287 1031 ex
301 988 338 1035 eo
353 968 420 1033 loco
435 968 557 1033 circiter
564 969 694 1051 quinque
710 971 933 1052 peruenerunt',
946 967 1076 1039 Orosius
1084 973 1158 1057 (Vl,
1175 975 1212 1059 7)

89 1069 206 1135 inuenit
221 1070 469 1153 ‘quinquaginta'
494 1081 525 1136 et
539 1091 586 1153 ap.
604 1069 686 1133 llirt.
703 1067 797 1149 vllt,
814 1071 875 1150 tl,
894 1073 914 1139 5
932 1076 1105 1141 ‘extruitur
1119 1098 1213 1162 agger

89 1172 122 1237 in
136 1173 322 1237 altitudinem
338 1173 443 1257 pedum
458 1173 637 1258 sexaginta,
660 1172 826 1239 collocatur
839 1176 871 1239 in
887 1196 921 1240 ea
939 1177 1032 1241 turris
1048 1178 1150 1243 decem
1166 1190 1212 1244 ta-

89 1276 285 1353 bulatorum’,
302 1296 363 1339 non
388 1275 511 1359 ‘pedum
531 1276 618 1353 sex’,
635 1287 670 1340 nt
684 1277 715 1341 in
732 1271 876 1343 Caesaris
891 1280 976 1342 codd.
991 1279 1135 1363 scriptum
1150 1293 1210 1362 est,

88 1380 146 1443 etsi
163 1399 318 1463 perperam
334 1378 407 1445 baec
422 1380 465 1443 ita
481 1378 636 1442 contraxit
651 1380 694 1457 (c.
713 1376 788 1459 11>=
816 1381 981 1447 ‘extruitur
995 1402 1088 1465 agger
1102 1393 1134 1446 et
1149 1395 1212 1447 tur·

88 1482 132 1547 ris
154 1483 260 1565 pedum
280 1480 462 1565 sexaginta'.
509 1477 572 1545 lem
592 1500 634 1543 ex
654 1480 758 1545 codice
780 1482 943 1567 archetypo
965 1504 1040 1547 unus
1063 1484 1209 1567 originem

88 1584 194 1662 duxit,
211 1584 262 1666 qui
277 1593 347 1649 octo
361 1593 477 1649 tantum
493 1583 725 1647 commentarios
741 1583 777 1647 de
792 1582 871 1651 bello
887 1581 1005 1653 Gallico
1022 1586 1208 1666 corstinebat,

87 1684 177 1761 alter,
194 1685 244 1767 spui
258 1706 375 1751 omnes.
401 1683 452 1751 Ex
468 1686 550 1753 illius
565 1686 688 1767 generis
703 1686 868 1769 exemplari
884 1687 1067 1755 descendunt
1084 1689 1208 1773 integri,

88 1809 130 1853 ex
145 1787 231 1851 buius
247 1809 305 1851 uno
321 1788 504 1871 interpolati.
552 1784 614 1853 seu
635 1788 746 1872 integri
767 1809 828 1853 non
842 1798 914 1853 sunt
928 1809 1033 1853 omnes
1047 1809 1089 1858 ex
1105 1792 1210 1857 codem

87 1890 251 1973 exemplari
267 1891 420 1973 descripti.
460 1889 624 1957 Proximus
646 1891 690 1958 illi
712 1891 809 1955 codici
830 1891 966 1973 integrae
981 1892 1112 1957 familiae
1129 1894 1210 1978 prin·

87 1993 147 2076 cipi
163 2003 213 2067 est
226 1989 452 2073 bongarsianus
467 1993 599 2076 primus,
624 1994 674 2076 qui
690 1989 903 2076 Oudendorpio
923 2014 1002 2059 enno
1028 1992 1111 2059 1737
1134 2017 1209 2063 non·

86 2106 247 2181 gestorum
264 2115 407 2157 annornm
424 2094 592 2159 uidebatur.
636 2093 808 2177 Antequam
823 2094 1080 2161 Amstelodnmum
1103 2119 1209 2180 perue-

87 2198 178 2274 niret,
198 2195 247 2258 ubi
264 2218 344 2261 nunc
359 2207 512 2274 seruatur,
531 2194 611 2261 Petri
627 2193 780 2274 Danielis,
797 2193 899 2261 lecobi
914 2194 1093 2279 bongarsii,
1111 2198 1208 2265 Sixti-

88 2299 131 2374 ni,
149 2295 231 2363 Sixii
247 2300 313 2362 luit.
349 2297 381 2361 A
396 2296 566 2382 Bongarsio
587 2310 743 2383 acceptum
766 2299 878 2382 primus
901 2320 967 2361 cum
984 2299 1113 2365 editione
1129 2298 1209 2386 Gry-

87 2401 196 2484 pbisna
210 2422 239 2464 a.
259 2398 342 2465 1538
355 2400 483 2465 contulit
497 2396 588 2465 lanus
605 2398 768 2478 Gruterus,
784 2403 839 2467 sed
855 2423 915 2469 nou
926 2412 1038 2465 totumc
1056 2423 1132 2485 quse
1147 2403 1208 2468 eol·

88 2502 160 2567 latio
182 2524 242 2567 nna
263 2524 329 2567 cium
351 2503 476 2567 aliorum
493 2503 628 2569 ecdicum
643 2504 796 2587 excerptis
812 2505 913 2570 nescio
929 2526 1021 2588 aqnc
1037 2506 1131 2590 priori
1145 2506 1208 2572 cdi·

89 2605 162 2671 tinni
176 2603 361 2671 Dauisienae
376 2607 505 2689 ascripta
526 2616 593 2681 est,
619 2627 706 2688 quam
728 2603 776 2669 lo.
792 2607 865 2673 Alo.
881 2604 1040 2673 Fabricius
1060 2609 1206 2692 possedit.

88 2705 136 2773 Eo
150 2708 315 2790 exemplari
323 2705 504 2773 Fabriciano
518 2708 578 2785 (ita
592 2708 672 2773 enim
687 2712 812 2790 nocant)
829 2729 901 2773 usus
916 2720 964 2774 est
978 2708 1207 2793 Oudendorpius

89 2820 138 2888 ct,
162 2831 228 2874 cum
243 2808 393 2875 Hauniam
408 2811 439 2877 in
454 2810 664 2875 bibliothecam
681 2811 889 2875 uniuersitatis
903 2813 1058 2886 uenisset,
1081 2809 1208 2877 Schnei-

89 2913 178 2978 derus
193 2924 281 2997 atque
295 2913 456 2981 Wbittius.
483 2911 716 2998 Oudendorpins
732 2922 888 2998 praeterea
902 2912 998 2994 ipsius
1014 2910 1139 2976 Gruteri
1155 2935 1209 2978 no·

88 3024 133 3081 tas
149 3018 390 3102 manuscriptas,
407 3039 481 3101 quas
493 3015 785 3080 Amstelodamensis
800 3013 981 3078 bibliotheca
995 3015 1139 3096 possidet,
1157 3017 1209 3079 nd·

89 3118 194 3184 bibuit.
224 3119 334 3187 Denuo
348 3119 589 3205 Rongarsianum
604 3118 731 3200 primum
746 3116 872 3179 contulit
886 3116 951 3198 ipse
963 3111 1208 3201 Oudendorpins,

91 3222 208 3287 tertium
224 3221 413 3287 Schneidero
428 3218 640 3291 Pluescblrius,
656 3219 810 3300 professor
818 3217 1117 3285 Amstelodamensis.
1150 3217 1209 3285 llic

89 3325 185 3389 codex
198 3325 331 3389 omnium
346 3334 394 3387 est
408 3320 696 3407 praestantissimus.
719 3318 802 3384 Nam
817 3331 849 3384 et
862 3321 944 3385 solus
960 3321 1111 3406 complura
1125 3331 1208 3386 reete

89 3428 200 3511 scriptu
220 3427 355 3492 seruauit
376 3436 407 3490 et
427 3445 518 3508 saepe
539 3445 605 3489 cum
627 3423 780 3487 codicibus
799 3421 998 3508 interpolatae
1024 3424 1153 3487 familiae
1177 3423 1208 3487 in

88 3527 126 3592 iis
139 3530 299 3613 seripturis
314 3529 478 3607 consentit,
496 3547 572 3611 quae
588 3524 760 3591 necessario
775 3535 847 3589 sunt
857 3528 1038 3610 sequendae.
1060 3525 1091 3589 Α
1103 3546 1209 3591 recen-

88 3631 165 3697 tiore
178 3653 270 3695 mann
285 3632 361 3695 baud
376 3653 470 3717 pauca
483 3630 687 3716 suprascripta
701 3638 784 3706 sunt,
801 3639 832 3692 et
840 3651 881 3693 ex
888 3631 1018 3713 pessimo
1033 3630 1135 3693 codice
1151 3629 1208 3691 duo

89 3732 158 3799 lolia
172 3735 211 3797 ad
226 3736 338 3799 calcem
354 3737 499 3817 suppleta.
547 3732 611 3796 Eas
627 3742 769 3818 quattuor
782 3732 906 3815 paginas
922 3731 1007 3813 (inde
1022 3752 1040 3794 a
1054 3729 1096 3795 ut
1116 3749 1208 3812 usque

89 3837 125 3899 ad
138 3834 180 3902 97
196 3838 358 3903 seeundum
376 3835 494 3903 Vlleob.
512 3836 581 3900 itin.
598 3832 661 3914 lll,
677 3834 756 3918 573)
774 3833 977 3899 Schneiderus
993 3834 1029 3898 ab
1046 3830 1134 3909 Vlll‚
1152 3831 1206 3910 39,

88 3936 256 4024 2incipere
278 3942 390 4014 refert,
415 3949 449 4001 nt
469 3936 711 4022 Oudendorpium
727 3957 847 4003 errasse
862 3936 1053 4001 statuendum
1074 3936 1133 4012 sit,
1158 3936 1207 4017 qui

88 4062 115 4104 c.
132 4040 193 4118 39,
209 4043 230 4105 2
245 4050 395 4107 uetustam
410 4060 528 4105 manum
545 4042 702 4117 desinere,
719 4040 772 4103 sed
787 4040 856 4102 iude
872 4062 889 4102 a
904 4060 933 4100 c.
950 4037 1009 4114 ts,
1027 4036 1047 4098 t
1063 4058 1156 4119 usqne
1172 4037 1208 4101 ad

89 4140 142 4221 52,
161 4144 178 4207 l
193 4165 301 4209 rursus
317 4163 463 4227 apparere
478 4143 578 4205 tradit.
610 4140 661 4205 llx
676 4142 735 4205 alio
751 4142 853 4205 codiee
868 4140 946 4203 ducti
963 4148 1034 4203 sunt
1048 4134 1208 4201 Parisinus

90 4244 203 4333 primus
218 4257 250 4323 et
264 4245 433 4315 Vossianus
449 4244 563 4331 primns
576 4244 648 4311 ctis
663 4245 780 4323 codex,
804 4263 845 4307 ex
860 4264 918 4325 qno
933 4239 1149 4326 Egmoodnuns
1164 4248 1209 4301 at-
