2692 4688
414 234 418 241 ι
620 174 663 244 ae

86 351 137 416 Ad
152 350 253 416 notaui
268 359 370 416 antem
384 347 453 413 libri
467 347 581 412 calcem
605 347 637 412 iu
651 347 756 412 eodem
770 344 911 412 Parisino
926 357 958 412 et
972 346 1208 413 Vratislauienai

86 453 183 538 primo
205 455 261 536 (et
283 453 350 517 sine
371 451 459 517 dnbio
473 452 505 517 iu
521 448 673 514 Vossiauo
688 451 784 534 primo
799 448 1061 535 etldgmondano,
1084 471 1153 515 uam
1176 451 1208 515 in

85 552 297 639 bongarsianc
312 555 407 639 primo
423 563 579 630 extrema,
605 564 640 617 ut
661 552 851 638 supradixi,
877 554 1055 638 perierunt)
1078 554 1151 618 baec
1165 553 1209 619 le·

86 669 219 744 guntur:
260 655 372 720 ‘lulius
393 653 502 722 Celsus
523 652 742 720 Constantinus
758 654 799 721 V.
818 649 857 760 C
882 655 942 740 legi
965 656 1108 721 tantum'.
1140 655 1208 721 ttoo

87 773 225 828 summo
241 761 386 824 uocabulo
401 759 474 823 nibil
490 769 589 843 potest
603 758 681 822 alind
697 757 823 823 indicari
840 758 900 822 nisi
923 779 983 822 nou
1007 759 1108 843 plures
1127 780 1208 824 com·

84 864 250 929 mentarios
265 857 388 927 aCclso
403 879 473 924 esse
487 862 582 925 lectos
597 882 684 944 quam
700 869 768 925 octo
783 861 820 924 do
835 860 912 924 bebo
928 858 1058 940 Gallico,
1075 863 1119 926 ita
1134 874 1168 927 ut
1180 862 1208 927 is

84 964 271 1051 prouinciam
287 985 351 1027 cum
368 964 429 1028 alio
442 963 562 1026 bomine
576 964 714 1027 uideatur
728 964 857 1049 partitus
871 984 960 1042 esse,
984 965 1069 1030 cuius
1084 985 1207 1044 nomen,

85 1088 152 1131 cum
168 1067 339 1151 interpolati
362 1067 481 1130 codices
503 1064 576 1129 nibil
590 1066 620 1128 iu
636 1065 695 1129 bno
710 1067 993 1131 commentariorum
1008 1068 1208 1152 subscriptum

84 1169 232 1248 babeant,
254 1169 291 1232 ad
307 1190 362 1233 noa
379 1191 438 1233 nou
455 1169 603 1254 peruenit.
640 1165 675 1232 ln
692 1167 927 1233 Vratislauieusi
942 1169 1038 1253 primo
1053 1165 1138 1235 Celsi
1153 1190 1210 1234 no-

84 1290 153 1337 meu
168 1273 258 1336 ctiam
281 1272 368 1336 initio
390 1273 482 1336 totius
505 1272 604 1356 operis
619 1271 749 1356 positum
764 1282 812 1335 cst
826 1272 858 1334 in
873 1273 952 1336 bunc
967 1271 1103 1336 motum:
1137 1269 1208 1337 ‘ln-

84 1374 200 1459 cipiunt
221 1374 289 1437 libri
306 1370 375 1438 Gaii
399 1370 542 1438 Caesaris
564 1373 635 1438 belli
655 1370 764 1437 Godici
782 1370 852 1438 Iulii
867 1369 952 1437 Celsi
975 1374 1011 1436 de
1031 1374 1208 1439 narratione

84 1477 279 1561 tempornm',
296 1497 362 1540 cnm
380 1476 411 1538 in
423 1473 633 1560 llougnrsiauo
648 1476 742 1559 primo
757 1486 789 1539 et
798 1473 939 1541 Parisino
955 1475 1050 1560 primo
1064 1477 1207 1562 scriptum

83 1578 126 1645 sit
142 1579 231 1642 ‘belli
246 1576 356 1641 Gallici
371 1575 508 1644 Iuliani’.
545 1578 648 1664 Atque
663 1578 808 1643 eiusmodi
823 1579 1050 1664 inscriptionem
1066 1581 1095 1646 ei
1110 1580 1208 1646 errori

83 1701 191 1748 ansam
206 1680 326 1745 dedisse
340 1692 484 1765 apparet,
501 1702 589 1765 mem
604 1683 681 1768 apud
695 1680 892 1747 Vincentium
907 1693 939 1748 et
952 1681 1147 1749 Petrarcbam
1162 1683 1209 1748 ui·

84 1783 194 1848 durus.
241 1778 304 1847 set
326 1781 374 1846 bic
397 1781 493 1848 lulius
517 1781 627 1850 Celsus
651 1805 749 1869 neque
772 1786 838 1868 quis
859 1787 952 1850 luerit
970 1806 1067 1869 neque
1090 1786 1207 1869 qnando

84 1885 211 1960 aixerit,
227 1884 386 1968 quiequam
402 1899 586 1971 compertum
601 1898 667 1954 esta
685 1888 721 1951 dc
732 1885 841 1952 Flauio
853 1886 978 1952 Licorio
992 1885 1128 1952 Firmino
1141 1884 1208 1951 Lu·

82 1989 183 2074 picino
199 1986 361 2071 probabilis
376 1999 423 2053 ast
436 1987 539 2054 lacobi
554 1986 706 2054 sirmondi
721 1991 895 2056 coniectura
910 1990 953 2071 (is
968 1989 1047 2053 enim
1063 2009 1112 2068 es,
1132 2010 1208 2074 quae

84 2109 176 2174 snpra
192 2091 365 2174 posuimus,
389 2091 422 2176 in
437 2089 587 2157 Vaticano
604 2092 708 2157 codice
722 2092 884 2158 inuenerat
897 2111 1042 2170 numero,
1060 2093 1091 2156 ui
1107 2091 1206 2168 ledor,

85 2201 132 2257 ter
145 2192 303 2258 millesimo
317 2192 568 2278 octingentesimo
583 2195 774 2279 sexagesimo
790 2197 936 2277 quarto),
960 2196 1054 2257 fuisse
1069 2214 1137 2257 eum
1152 2194 1207 2257 lili·

82 2315 133 2359 um
148 2292 337 2378 Euprepian,
354 2295 469 2360 sororis
483 2294 634 2374 Ennodii,
651 2295 783 2381 episcopi
797 2293 988 2374 Ticineusis,
1005 2293 1130 2360 Arelate
1146 2295 1208 2360 ori·

82 2398 205 2471 undum,
231 2407 321 2480 atque
342 2398 416 2461 adeo
432 2399 488 2462 sub
511 2398 629 2464 initium
651 2398 733 2462 sexti
749 2395 860 2460 saeculi
876 2396 1005 2461 uixisse.
1051 2396 1124 2464 Vid.
1140 2395 1208 2463 Sir·

82 2501 185 2564 mnndi
199 2508 291 2563 notae
305 2498 342 2562 ad
356 2497 478 2564 Enuod.
496 2522 526 2585 p.
542 2499 587 2565 ts
601 2499 648 2565 ed.
665 2496 739 2564 Par.
758 2496 853 2562 lbll.
878 2498 948 2564 Etsi
962 2499 1043 2564 enim
1059 2499 1128 2564 buic
1142 2499 1207 2565 Ln-

82 2601 183 2687 picino
206 2620 390 2687 praenomen
404 2600 512 2667 Flauio
527 2602 622 2668 fuisse
634 2622 698 2666 non
714 2611 852 2682 constat,
874 2610 976 2667 tamen
996 2600 1154 2668 llnnodins
1175 2604 1208 2668 in

83 2703 216 2768 alictiorm
231 2703 409 2769 scholastica
423 2706 537 2784 altera,
555 2726 614 2793 qna
628 2723 695 2769 ean
711 2703 742 2768 iu
757 2703 908 2770 auditorio
923 2705 1047 2770 tradidit
1061 2702 1208 2770 lleutcrio

84 2813 126 2893 (p.
140 2803 206 2872 488
220 2806 268 2872 od.
286 2803 411 2890 Simu),
427 2827 501 2872 auos
517 2808 584 2872 eius
598 2807 729 2893 appellat
743 2804 910 2871 Firminum
925 2804 1133 2886 otLicerinm‚
1150 2828 1208 2873 un·

83 2909 122 2974 de
137 2931 204 2975 eum
219 2910 295 2973 baec
309 2909 430 2974 nomina
453 2909 601 2975 ascinissc
614 2911 691 2975 suita
706 2920 754 2975 est
769 2905 922 2974 Sirmondi
937 2910 1082 2993 suspicio.
1127 2908 1208 2974 Nam

82 3007 224 3077 Flauium
240 3009 436 3096 Lupicinum,
461 3013 512 3096 qui
526 3031 606 3078 anno
621 3011 685 3080 367
700 3035 766 3077 cnm
781 3010 888 3078 louino
903 3014 1008 3078 consul
1025 3013 1099 3092 tuit,
1123 3023 1208 3077 reete

82 3113 203 3179 uidetur
224 3110 457 3202 Oudendorpius
477 3117 612 3192 reicere,
635 3117 705 3201 quia
727 3114 877 3201 Lupicino
899 3115 932 3179 in
953 3110 1097 3181 Caesaris
1118 3114 1205 3180 codd.

83 3215 143 3280 uiri
158 3217 317 3279 clarissimi
333 3219 463 3302 dignitas
482 3241 543 3284 non
558 3220 710 3285 tribuitur.

168 3315 231 3382 lam
254 3319 311 3381 etsi
342 3321 374 3385 in
396 3322 586 3407 interpolatis
607 3321 761 3386 codicibus
785 3330 907 3407 praeter
926 3316 1155 3405 Scaligerauum
1178 3330 1211 3385 et

82 3421 235 3487 alndiunm
251 3432 342 3504 atque
357 3418 583 3499 (laoniensem,
609 3424 645 3486 de
668 3423 775 3505 quibus
797 3443 874 3505 quae
888 3423 1033 3488 dubitatio
1049 3435 1131 3490 essm
1143 3444 1208 3486 mo·

85 3527 154 3599 nui,
178 3524 298 3586 nomina
313 3520 382 3587 lulli
398 3518 482 3588 Celsi
504 3521 661 3607 Flauiique
675 3522 817 3606 Lapicini
839 3545 900 3587 non
923 3526 1083 3610 leguntur,
1107 3537 1206 3589 tamen

84 3636 167 3692 reeta
182 3623 319 3690 Wlnittiu
334 3643 440 3688 omnes
455 3624 574 3688 codices
590 3621 746 3703 Caesaris,
767 3624 817 3708 qui
833 3639 1007 3711 supersunt,
1025 3650 1066 3694 en
1080 3647 1140 3690 uno
1156 3645 1208 3689 ec·

83 3728 211 3812 demque
227 3726 393 3811 exemplari
408 3736 546 3791 ,extoemo
562 3727 639 3792 libru
655 3726 732 3793 Vlll
746 3731 783 3794 de
797 3729 875 3794 bollo
891 3728 1009 3796 Gallico
1023 3739 1163 3793 truncato
1177 3737 1210 3792 et

82 3830 206 3893 omnino
221 3831 296 3893 satis
311 3831 456 3893 mendoso
479 3830 624 3915 originem
647 3830 757 3897 ducere
773 3832 829 3896 uisi
845 3843 926 3896 sunt.
970 3830 1006 3895 ld
1025 3840 1146 3894 conant
1166 3849 1209 3894 ex

83 3930 170 4015 copia
186 3951 246 3994 nnn
262 3932 374 4017 exigna
396 3933 665 3998 additamentorum
680 3946 712 4000 et
726 3936 850 3999 aliorum
867 3934 1058 4012 mendorum,
1084 3955 1161 4017 quaa
1176 3934 1208 3998 in

84 4032 222 4097 omnibus
238 4033 440 4117 reperiuntur.
478 4032 537 4099 llic
559 4037 676 4117 codex,
702 4058 789 4122 quem
811 4038 1006 4122 archetypum
1022 4035 1156 4102 dicamus
1171 4037 1208 4101 li·

83 4144 145 4213 cet,
162 4135 187 4197 ai
204 4155 276 4200 uera
294 4146 341 4199 cst
357 4133 509 4201 Sirmoudi
523 4139 562 4204 do
578 4135 726 4224 Lupicino
742 4139 905 4217 sententia,
920 4157 1018 4221 nequ
1033 4150 1124 4203 santo
1139 4159 1206 4203 saa·

85 4237 151 4302 culo
166 4237 317 4322 antiquior
330 4239 384 4303 init
399 4260 497 4325 neque
511 4253 619 4307 octauo
633 4244 777 4309 iuferiora
800 4241 872 4307 noni
885 4240 966 4304 onim
980 4242 1095 4306 saeculi
1109 4243 1207 4306 codex
