2692 4688
53 207 119 277 did
455 204 514 274 llll
535 203 681 274 BELLO
703 200 892 272 esteten

76 378 285 466 2pabulatnm
307 387 452 443 uenturos
473 379 686 445 arbitraretur.
732 373 851 458 Quibus
873 374 965 440 rebus
986 373 1115 459 cognitis
1136 373 1235 438 media

79 480 203 549 duecte
218 480 339 546 silentio
353 482 505 565 proiectus
519 481 557 545 ad
573 481 702 545 bestium
718 491 818 544 castra
832 500 921 543 mane
935 477 1083 563 peruenit.
1124 474 1172 540 llli
1187 498 1236 541 ce·

114 584 221 649 leuiter
242 603 297 666 per
317 585 526 667 exploratores
550 584 681 647 aduentu
697 579 840 646 Caesaris
856 582 977 665 cognito
992 600 1096 643 carros
1111 579 1236 663 impedi·

114 696 273 768 uentoque
288 706 344 750 sua
358 686 389 749 in
404 687 531 749 artiores
546 686 638 750 siluas
653 684 850 762 abdiderunt,
878 685 979 767 copias
1002 683 1099 745 omnis
1122 682 1153 745 in
1170 682 1236 745 loco

77 788 196 855 dedito
211 798 300 872 atque
315 798 419 872 aperto
433 788 655 852 instruxerunt.
680 784 747 869 Qua
763 807 797 851 re
812 787 949 850 nuntiata
963 781 1082 849 Caesar
1096 783 1237 849 celeriter
1258 796 1274 845 5

57 890 102 963 10
114 891 252 957 sarciam
268 890 418 967 conferri,
435 911 518 954 arma
534 890 670 974 expediri
686 891 785 953 iussit.
825 885 920 952 Collis
937 899 1002 952 crat
1017 888 1126 951 leniter
1140 885 1177 949 ab
1192 886 1239 950 iu·

116 994 186 1059 dmo
201 991 334 1057 adclinis.
369 990 456 1055 Hunc
472 1013 512 1056 ex
528 992 664 1055 omnibus
680 994 744 1056 lere
760 992 895 1076 partibus
910 991 994 1074 palus
1009 989 1136 1053 difficilis
1148 1000 1239 1071 atque

80 1095 260 1180 2impedita
281 1094 421 1179 cingebat
442 1115 503 1158 non
519 1095 608 1158 latior
630 1095 752 1179 pedibus
774 1094 999 1177 quinquaginta.
1033 1091 1097 1155 lloe
1112 1111 1147 1155 se
1162 1092 1240 1155 colle

117 1198 295 1283 interruptis
317 1197 455 1281 pontibus
478 1194 558 1260 Galli
581 1197 687 1261 fiducia
710 1197 768 1260 luci
798 1194 993 1260 continebant
1013 1193 1241 1277 generatimque

118 1300 270 1365 distributi
292 1299 322 1362 in
345 1299 485 1363 ciuitates
511 1299 610 1363 omnia
625 1300 701 1363 uada
716 1320 751 1362 ac
765 1302 789 1381 †
803 1299 897 1362 saltus
912 1299 976 1361 eins
992 1295 1109 1381 paludis
1124 1296 1241 1379 optinc-
1265 1306 1297 1358 to

119 1402 192 1467 bant
206 1401 252 1465 sic
267 1401 367 1465 auimo
382 1402 490 1485 parati,
507 1412 550 1480 ut,
567 1403 592 1465 si
608 1422 674 1464 earn
691 1401 826 1482 paludem
835 1399 963 1463 Romani
981 1419 1174 1482 perrumpere
1189 1419 1241 1461 co-

86 1504 107 1570 3
122 1514 278 1580 narentur,
296 1504 480 1568 haesitantes
495 1514 667 1588 premerent
682 1525 721 1566 ex
738 1503 982 1587 intemperiem,
999 1512 1044 1579 ut,
1061 1501 1240 1585 quipcopin·

123 1608 266 1691 quitatem
283 1607 339 1670 loci
357 1607 493 1682 uideret,
520 1617 641 1689 paratos
656 1626 748 1690 prope
764 1626 859 1688 nequo
874 1603 976 1669 Morte
991 1606 1028 1671 ad
1043 1605 1240 1668 dimicandum

121 1710 324 1786 existimaret,
341 1709 391 1792 qui
406 1708 592 1790 iniquitatem
609 1708 792 1771 condicionis
809 1709 1004 1792 perspiceret,
1021 1709 1102 1772 inani
1118 1707 1241 1771 simula·

84 1811 205 1877 itione
225 1830 293 1875 sese
322 1821 476 1874 ostentare
503 1822 712 1894 cognosceret.
759 1808 953 1894 indignantes
981 1810 1090 1874 milites
1111 1804 1239 1887 Caesar,
1266 1818 1297 1870 te

121 1913 199 1998 quod
217 1924 410 1995 conspectum
425 1934 510 1976 suum
527 1912 628 1977 hostes
644 1916 778 1998 perferre
793 1925 933 1999 possent,
951 1914 1067 1977 tantulo
1082 1912 1178 1998 spatio
1193 1912 1240 1975 iu-

123 2016 250 2081 tericcto
266 2026 297 2080 et
311 2016 430 2099 siguum
450 2015 555 2099 proelii
577 2027 778 2100 exposcentes
793 2019 917 2094 edocet,
935 2028 1046 2100 quanto
1060 2015 1241 2080 detrimento

123 2128 156 2183 et
175 2127 248 2201 quot
268 2118 400 2182 uirorum
428 2119 548 2182 lortiurn
570 2130 667 2185 morte
688 2140 814 2184 necesse
834 2121 875 2184 sit
895 2132 1036 2184 constare
1064 2118 1241 2196 uictoriam3

87 2219 198 2305 liquos
212 2241 278 2283 cum
294 2220 338 2283 sic
354 2221 454 2284 animo
469 2232 587 2305 paratos
600 2222 722 2299 uideat,
746 2233 781 2285 ut
795 2224 907 2286 nullum
923 2244 977 2306 pro
993 2243 1045 2286 sna
1062 2221 1148 2284 laude
1161 2219 1242 2302 peri·

96 2352 99 2357 ·
124 2324 224 2388 culu-
239 2333 399 2400 recusent,
423 2344 557 2389 summae
580 2344 614 2388 sc
635 2324 800 2407 iniquitatis
824 2325 1016 2389 condemnari
1031 2323 1159 2399 debere,
1184 2321 1242 2385 uisi
1264 2330 1299 2383 2ο

87 2424 228 2490 deorum
243 2425 335 2489 uitam
351 2446 405 2489 sua
421 2426 519 2490 salute
541 2426 649 2490 babeat
663 2428 824 2491 cariorem.
865 2425 918 2492 Sic
941 2427 1050 2492 milites
1073 2424 1243 2490 consulatus

126 2527 229 2591 eodem
252 2526 300 2589 die
321 2527 437 2590 reducit
456 2516 619 2593 ib'castia
640 2529 833 2612 reliquaque,
851 2551 927 2613 quae
941 2530 978 2592 ad
993 2527 1242 2613 oppugnationem

67 2628 113 2699 241
128 2626 319 2714 pertinebant
332 2616 668 2712 oppiditladministrarc
684 2632 827 2696 instituit.
859 2630 1104 2714 Vercingetorix,
1122 2626 1242 2691 eumad

124 2750 198 2797 snos
213 2729 352 2809 redisset,
370 2731 548 2814 proditionis
563 2734 771 2812 insimulatus,
789 2736 864 2818 qood
880 2744 981 2798 eastra
995 2730 1115 2816 propius
1130 2728 1244 2794 llomu·

124 2852 181 2899 nos
196 2834 354 2911 mouisset,
370 2834 447 2916 quod
464 2855 529 2897 cum
546 2837 625 2900 omni
642 2837 774 2919 equitatu
790 2837 998 2913 discessisset,
1014 2834 1093 2918 qnod
1108 2833 1175 2897 sine
1190 2831 1246 2895 im·
1266 2841 1300 2895 25

126 2936 211 3023 perio
226 2947 326 3001 tauns
341 2935 442 3021 copias
457 2936 647 3021 reliquisset,
670 2940 747 3021 quod
771 2940 836 3003 eins
858 2940 994 3002 discessu
1008 2934 1138 3000 Romani
1161 2944 1244 2997 tanta

88 3038 112 3106 2
126 3039 345 3124 opportunitate
361 3051 392 3104 et
406 3040 562 3106 celeritate
578 3042 751 3105 uenissentr
774 3063 835 3105 non
852 3041 924 3105 baec
941 3040 1040 3104 omnia
1056 3038 1179 3103 lortnito
1193 3046 1245 3099 aut

232 3196 249 3247 2
262 3195 317 3246 illic
330 3195 354 3245 B
368 3196 440 3246 ‘man
455 3194 490 3249 l'.
654 3200 668 3249 t
682 3198 810 3250 arctiores
823 3197 891 3263 (Bit
904 3200 1011 3249 ‘eontra
1024 3212 1087 3249 snas.
1102 3194 1254 3269 ortbogrm

122 3270 235 3338 pdium'.
341 3272 566 3324 omuisACDel
574 3288 620 3339 pr.
635 3290 671 3324 m.
686 3275 716 3325 B.
838 3279 956 3342 bopertn
969 3276 1004 3326 A.
1122 3271 1248 3323 dleniter

127 3350 201 3415 tea,
215 3350 311 3401 leuiter
322 3349 347 3400 B
360 3350 446 3402 ‘ulii’.
570 3352 585 3402 7
597 3352 708 3403 adclinis
721 3353 753 3403 B.
878 3353 910 3403 ll)
923 3352 1071 3403 distributis
1083 3352 1108 3402 Β
1121 3350 1197 3400 ‘msa
1210 3348 1244 3399 8’.

232 3424 353 3492 †sultns
366 3426 397 3476 Ρ.
412 3425 455 3479 21).
598 3428 711 3495 paludis]
725 3431 804 3480 certis
818 3430 944 3481 custodiis
956 3429 1021 3480 cdd.
1036 3428 1128 3491 bede,
1141 3442 1211 3493 quae
1223 3425 1247 3475 B

126 3511 153 3559 st
167 3504 285 3570 ‘reliqua'
297 3506 439 3555 omittunt.
563 3507 714 3572 optiuabant
725 3506 759 3556 B.
883 3508 915 3561 12
928 3514 1094 3573 praemerent
1106 3505 1138 3555 Β.

127 3582 160 3635 ld
177 3582 278 3633 uideret
291 3608 323 3619 -
342 3581 413 3645 (11)
434 3582 598 3634 existimaret
616 3610 652 3621 -
669 3584 829 3650 perspiceret
841 3612 872 3623 -
886 3583 958 3649 (15)
970 3587 1142 3648 cognesceret
1154 3580 1179 3630 A
1191 3579 1247 3641 (Β)

129 3661 197 3724 01),-
210 3659 330 3710 uiderent
342 3686 376 3697 -
389 3660 616 3711 existimarent-
629 3662 791 3729 perspiceret
805 3670 1015 3726 -cognoseeret
1026 3661 1071 3723 be,
1085 3660 1248 3709 uiderent-

126 3737 309 3789 existimareut
320 3762 355 3776 -
368 3735 548 3803 perspicerent
559 3764 593 3774 -
604 3747 796 3802 cognoscerent
809 3755 831 3789 e.
928 3740 960 3803 11
973 3736 1134 3789 condicionis
1148 3736 1180 3797 Β,
1194 3750 1248 3785 non

127 3816 294 3867 conditionis.
402 3816 433 3867 15
447 3816 589 3880 indignatis
602 3817 728 3868 militibus
742 3817 787 3866 bc.
906 3816 938 3868 ld
951 3814 1067 3884 perferre
1081 3814 1105 3864 Β
1119 3812 1248 3878 ‘reliqrn⁶‚

130 3892 201 3945 l'erre
215 3890 305 3941 bede.
414 3891 445 3941 ld
459 3897 486 3940 et
498 3892 565 3956 quod
578 3891 610 3942 B.
737 3894 767 3945 tt
781 3894 871 3947 uident
885 3895 932 3958 bs,
946 3893 1050 3943 uideret
1062 3892 1085 3942 B
1098 3896 1126 3941 et
1137 3890 1249 3955 reliqui.

130 3970 162 4022 P.
174 3969 219 4020 85.
336 3967 369 4021 20
383 3975 507 4018 recusent
517 3968 564 4033 (Β)
577 3968 629 4019 01)
639 3970 683 4032 be,
699 3978 850 4021 recusarent
862 3972 896 4022 A.
1020 3968 1203 4035 condempnari
1219 3968 1249 4017 Β.

239 4043 328 4093 deberi
341 4044 376 4093 A.
481 4044 513 4095 21
528 4044 633 4111 babeat]
647 4046 770 4097 estiment
782 4062 817 4098 an.
829 4063 875 4113 pr.
890 4049 916 4098 b.
1032 4048 1181 4099 consolatos
1196 4045 1251 4095 AB

134 4122 199 4177 01).
303 4120 337 4174 22
350 4120 449 4185 reliqua
461 4134 579 4186 quaeque
595 4122 704 4174 B‘rnss.
718 4124 792 4189 qdd.'
906 4122 1252 4191 bipertinebuntoppidili

131 4204 206 4255 ‘atae
220 4197 304 4265 qdd.',
319 4196 405 4263 oppidi
418 4197 585 4262 pertinebant
596 4215 624 4249 ιι.
729 4201 762 4254 21
775 4202 896 4253 Romanis
909 4202 943 4252 Β.
1031 4203 1065 4257 25
1078 4202 1147 4253 omni
1159 4216 1213 4252 nm.
1226 4200 1250 4249 b.

240 4276 272 4329 27
287 4272 395 4325 lortuito
411 4276 498 4324 (lber
510 4281 538 4326 et
545 4291 591 4342 pr.
605 4292 642 4328 m.
655 4278 680 4328 Β
691 4282 720 4329 et
730 4294 783 4329 sec.
792 4281 852 4345 Μ,
869 4280 977 4331 1οι1ιιὶιιι
990 4298 1044 4333 sae.
1057 4296 1095 4332 nr·
1109 4279 1143 4332 Β.
