2692 4688
493 202 814 268 ...159-

98 381 217 435 mantea
232 366 403 434 Ceraunios
424 371 490 435 siue
505 371 747 439 Aerueeraunius
768 377 965 461 intellegens,
991 381 1041 446 ubi
1058 380 1223 453 Caesarem

97 475 250 560 appulisse
264 473 395 560 Appian.
411 473 442 540 a.
459 476 518 540 ain.
536 473 584 552 ll,
608 476 651 540 54
673 489 706 542 et
719 474 811 544 Cass.
834 476 896 545 Dia
909 480 998 561 XLI,
1013 485 1057 551 ll
1070 490 1221 555 referunt.

97 577 212 643 Verum
226 588 339 642 terram
355 574 575 643 Cerauniorum
588 582 632 645 ita
647 582 764 646 lenum
779 584 881 649 ‹lieere
896 586 1023 664 lieelel,
1043 589 1073 670 si
1095 592 1222 676 pupulus

96 681 203 765 aliquis
217 682 285 745 eius
301 682 431 745 numinis
444 683 489 745 ad
511 682 567 746 lna
588 694 707 747 montes
729 685 911 766 habitasset,
935 710 1023 772 quern
1045 710 1105 754 nan
1126 694 1223 776 magis

96 784 236 849 anninus
242 804 332 867 quarn
338 780 522 849 Geminius.
535 784 616 849 Nanr
623 782 768 852 Ceraunii
777 789 844 853 siue
852 786 998 870 Cerauni,
1008 813 1083 875 quos
1091 792 1219 858 Ptolem.

95 883 135 964 11,
153 885 209 964 17,
224 884 469 950 Seammenaurat
482 899 515 951 et
525 885 641 952 Plinius
657 890 727 953 liat.
737 902 801 954 nal.
811 889 869 971 lll,
887 891 941 972 22,
958 893 1000 957 43
1014 895 1047 959 in
1055 891 1177 980 lllyrieu
1191 897 1223 960 in

94 988 253 1055 Narananu
274 989 421 1053 ualnniaar
437 990 624 1053 uentribunus
640 991 735 1055 inisse
747 995 862 1071 refert,
887 997 977 1081 lunge
998 996 1035 1058 alr
1058 994 1152 1061 Orien
1174 1018 1224 1061 re·

95 1092 166 1157 nali
182 1094 318 1157 fuerunt.
342 1087 432 1174 Quurl
445 1103 546 1157 autem
556 1090 700 1158 Dauiaius
714 1108 902 1161 enmrnenlua
916 1109 974 1177 eal,
992 1109 1026 1163 ut
1041 1096 1223 1165 ‘Ceraunio-

96 1195 170 1259 ran'
195 1194 394 1278 sequentibus
415 1194 516 1258 uerbis
537 1195 766 1281 adiungeretur,
790 1199 829 1261 ab
850 1199 1076 1265 enllnealiouern
1096 1223 1223 1287 praepu-

96 1299 213 1363 siliunia
231 1298 335 1361 ‘inter'
350 1296 468 1381 probari
485 1298 598 1380 neuuil-
624 1297 686 1363 Pru
702 1297 951 1366 ‘Germiuiururn'
970 1304 1001 1367 iu
1024 1304 1222 1369 deterioribus

95 1401 207 1483 slipen
221 1400 309 1464 eall.
325 1399 439 1485 lagine
461 1396 735 1479 ‘Germaniarum’,
757 1402 788 1466 in
804 1404 872 1468 aliis
891 1402 1112 1471 ‘Graecorum’.
1139 1406 1220 1491 Ego,

97 1524 161 1569 euru
183 1524 371 1587 nequaquam
395 1503 526 1565 omnium
547 1504 614 1567 eiua
635 1524 708 1568 arae
723 1507 896 1590 popularum
911 1508 1031 1573 numina
1047 1510 1134 1574 nolis
1149 1520 1221 1573 nula

97 1609 174 1685 aial,
197 1605 378 1691 optimarum
398 1607 484 1669 eall.
508 1607 686 1689 scripturam
708 1608 812 1673 salsam
833 1630 902 1674 esse
917 1632 977 1675 nou
992 1612 1219 1677 alimaneriru.

97 1706 157 1775 Ser
171 1710 262 1795 paulu
282 1709 410 1774 inferius
431 1719 513 1773 neele
526 1706 729 1794 Glenrlorpius
752 1722 783 1775 et
804 1712 854 1776 alii
874 1708 1040 1778 Caesarem
1062 1715 1221 1798 scripsisse

97 1824 267 1879 surnerunl
289 1814 341 1878 ‘ad
355 1832 423 1875 enm
445 1813 554 1883 laeum,
572 1814 622 1896 qui
643 1812 849 1898 appellabatur
868 1812 1037 1880 Palaasle’.
1076 1815 1222 1880 Lucanus

97 1918 178 1980 eninr
192 1915 238 1995 V,
253 1915 317 1979 ⁴55
330 1915 370 1980 de
390 1918 520 1979 traientu
541 1915 572 1979 in
588 1912 747 1979 Graeeiam
763 1912 909 1982 Caesaris
924 1919 998 1983 haee
1012 1919 1133 1983 aerilit:

680 2016 754 2082 ‘Seu
770 2030 860 2082 noete
874 2022 976 2105 lugula

231 2116 360 2185 laeua
374 2119 455 2185 nube
470 2120 534 2185 dies
549 2120 635 2184 inlar
650 2120 760 2184 extulit
774 2120 892 2203 iuraque
906 2124 1017 2186 sensim

229 2217 391 2288 Caueuaail
405 2225 502 2307 pelagi
517 2224 671 2306 nouitque
686 2219 838 2286 Ceraunia
858 2215 974 2288 anulis}

227 2322 302 2391 luda
314 2328 381 2411 rapi
396 2346 524 2411 euepare
538 2336 620 2389 rates
636 2324 871 2408 alque'nequura
891 2326 1017 2391 classem

226 2424 331 2495 Curua
345 2429 449 2512 sequi,
465 2448 540 2511 quae
556 2429 614 2491 iam
630 2439 722 2492 uento
738 2430 887 2512 lluetuque
903 2430 1035 2494 seeundo

224 2529 328 2616 Lapsa
344 2528 530 2596 Palaestinas
546 2532 632 2595 anais
648 2533 775 2596 auullxil
789 2533 920 2596 arenas'.

106 2631 266 2721 llagistra,
289 2635 340 2719 qui
355 2632 541 2699 Pharsaliam
557 2635 669 2718 pnsuil,
687 2654 786 2720 pugna
801 2631 974 2700 Pharsalica
989 2636 1219 2701 abuersnbalur.

110 2733 204 2819 ‘Quurl
218 2737 503 2802 -arlrilrabantur'
519 2736 598 2800 edili
613 2733 755 2802 Pansae.
773 2748 805 2802 et
819 2737 908 2802 Leirl.
926 2762 973 2824 pr.
991 2748 1134 2802 sanutus:
1152 2760 1222 2802 num

107 2838 157 2904 lae
171 2840 296 2905 nerlan-
311 2840 433 2924 passiuu
448 2840 616 2925 significatu
637 2862 653 2903 a
670 2837 821 2906 Cieerane
835 2862 951 2925 qunque
967 2851 998 2905 el
1012 2840 1080 2903 aliia
1095 2842 1222 2923 punitum

107 2961 170 3007 erae
183 2945 286 3008 ulneuil
298 2941 419 3027 Znnrpl.
436 2943 474 3006 erl
489 2939 581 3006 Verr.
600 2941 640 3020 V,
657 2943 711 3021 ll,
729 2942 803 3007 106.

184 3041 224 3109 C.
240 3043 275 3124 8,
291 3044 372 3110 lira
386 3045 491 3128 posui:
519 3043 600 3109 ‘lluu
622 3049 758 3109 ennleelu
782 3045 905 3127 negotiu
925 3064 943 3106 a
962 3040 1084 3106 Salonis
1099 3043 1135 3106 ad
1152 3041 1224 3108 0ri·

108 3164 169 3211 ran
183 3160 300 3233 parnis,
323 3148 471 3213 annonas
486 3147 644 3231 littoraque
659 3148 758 3210 emnia
774 3149 863 3231 longe
878 3145 997 3228 lateque
1012 3144 1157 3209 elassibus
1173 3167 1224 3209 ne·

108 3250 245 3334 eapauiss.
275 3248 434 3315 llrlelratur
455 3260 494 3313 ‘a
508 3246 630 3315 Salonis
645 3250 681 3314 ad
698 3244 782 3316 Orici
798 3248 947 3334 portum'e
969 3248 1045 3313 mire
1060 3248 1156 3313 alteru
1170 3270 1223 3335 up·

108 3351 170 3434 pir·
183 3353 267 3438 ipen,
291 3355 416 3419 alterius
440 3363 529 3438 penu
549 3364 794 3418 enrnrnenrnralo.
841 3348 935 3416 Cuius
958 3351 1003 3416 rei
1019 3350 1118 3434 aliqua
1133 3373 1224 3415 eausa

107 3468 194 3535 uret,
208 3457 238 3521 si
253 3454 379 3522 Bibulus
395 3457 477 3541 prius
492 3455 629 3541 oppidum
644 3452 810 3534 tenuisset,
827 3456 922 3520 alteru
937 3456 1078 3520 exclusus
1094 3454 1222 3519 luissels

107 3568 134 3619 al
147 3555 348 3643 Pompeianus
362 3569 503 3623 neutrum
519 3558 653 3623 tenuisse
668 3580 696 3622 e.
714 3558 753 3637 9,
777 3558 845 3623 2et
862 3554 921 3635 ll,
945 3554 966 3619 ³
987 3558 1221 3622 demonstratur.

107 3656 272 3745 Euporum,
290 3682 350 3746 qua
364 3661 523 3725 facillimus
538 3658 733 3726 Caesarianis
749 3681 890 3746 egressus
906 3671 991 3737 erat,
1017 3661 1145 3724 ninnium
1161 3681 1224 3724 rua·

106 3763 181 3828 xiaie
195 3765 364 3848 oeeupaudi
379 3775 477 3827 eranl.
525 3760 613 3846 Quae
635 3766 680 3828 his
705 3763 803 3828 uerbis
826 3763 981 3827 desudem
998 3760 1104 3826 Bibulo
1120 3764 1225 3827 adiun-

106 3877 223 3947 gantur,
246 3866 279 3929 in
294 3867 383 3930 endu.
399 3867 442 3931 ita
457 3867 568 3949 scripta
583 3876 672 3931 sunl:
703 3866 925 3950 ‘custodiisque
939 3862 1109 3951 diligentius
1125 3866 1225 3952 dispo·

106 3968 165 4031 silis
178 3969 245 4053 ipse
260 3971 440 4053 grauissima
456 3970 553 4035 hienae
575 3970 606 4034 iu
628 3971 757 4036 nauibus
778 3969 933 4035 excubans
954 3990 1051 4052 neque
1075 3969 1165 4033 ullum
1182 3969 1225 4032 ln-

105 4066 201 4134 lurena
215 4082 272 4135 aut
284 4078 395 4137 anunns'
406 4074 576 4158 lespiuiens
590 4093 688 4157 neque
702 4073 864 4137 subsidium
878 4083 1056 4157 expectans,
1073 4072 1099 4135 ei
1109 4070 1225 4157 iusscne·

106 4173 177 4236 saris
191 4174 382 4258 eomplexunr
398 4177 504 4240 uenire
519 4177 641 4261 pusret'.
684 4174 831 4241 Extrema
855 4186 995 4259 eorrupla
1016 4194 1085 4238 esse
1107 4171 1225 4237 intelle·

106 4284 180 4339 elurn
194 4288 254 4342 esl.
270 4274 481 4342 Nuntium
495 4278 528 4343 in
542 4280 731 4364 eumplexunr
740 4279 865 4344 alterius
879 4276 1019 4344 uenireis
1035 4276 1091 4339 liei
1108 4281 1221 4356 posset,
