2692 4688
82 192 148 263 630
481 183 613 253 suunt
629 176 937 248 ALEXANDlllNl

105 365 240 432 uolasse
260 361 388 427 bostium
411 355 529 423 Caesar
552 358 662 442 potitus
686 365 778 419 esset.
817 354 883 419 liae
906 353 1077 418 calamitate
1098 358 1268 440 perterritis

142 466 278 531 hostibus
302 466 432 529 aduerso
455 471 546 526 uento
569 460 678 524 leniter
698 461 787 524 llantc
803 478 897 522 naues
913 457 1068 521 onerarias
1085 454 1206 524 Caesar
1220 482 1267 526 re·

86 569 128 640 12
142 568 238 632 mulco
254 566 399 630 uictribus
415 564 477 628 suis
492 562 619 626 nauibus
634 562 850 626 Alexandriam
866 560 996 623 deducit.
1021 558 1069 624 lio
1085 561 1265 628 detrimento

142 672 219 735 adeo
235 679 306 732 suut
321 667 406 731 tracti
415 665 629 742 Alexandrini,
647 663 785 729 cumiani
802 684 862 727 non
879 663 991 727 uirtute
1001 678 1266 751 propugnatorum,

142 772 195 837 sed
211 771 337 835 scientia
353 768 573 833 classiariorum
591 787 623 830 se
639 766 735 830 uictos
752 766 898 839 uiderent,
916 765 1023 849 quibus
1035 811 1149 834 ......
1168 781 1200 835 et
1215 792 1265 839 sn·
1284 784 1299 834 1

144 872 311 958 purioribus
326 872 402 935 locis
418 870 669 947 subleuabantur,
687 877 720 932 ut
735 889 775 933 ex
790 869 933 933 aediliciis
950 868 1067 934 delendi
1084 884 1221 955 possent,
1237 885 1267 941 et

144 975 299 1039 materiam
315 985 452 1039 cunctam
469 973 641 1050 obicerent,
660 971 737 1054 qnod
754 981 876 1035 nostrae
891 970 999 1035 classis
1014 976 1265 1060 oppugnationem

107 1075 234 1142 2etium
258 1077 294 1139 ad
318 1086 427 1140 terram
444 1075 638 1139 uerebantur.
680 1071 782 1152 Idem,
806 1085 999 1158 posteaquam
1021 1072 1211 1162 Ganymedes
1233 1079 1265 1141 in

146 1179 272 1242 concilio
288 1178 474 1241 confirmauit
489 1197 556 1240 sese
573 1186 603 1240 et
616 1196 681 1255 cas,
698 1178 885 1258 quaeessent
899 1177 1040 1256 amissae,
1058 1180 1265 1244 restitutorum

146 1289 177 1344 et
192 1300 347 1343 numerum
371 1280 584 1357 adaucturum,
608 1299 716 1362 magna
739 1298 792 1362 spe
815 1289 847 1342 ct
868 1279 977 1343 fiducia
999 1290 1118 1344 ueteres
1139 1284 1266 1348 relicere
1289 1292 1317 1346 tt

146 1402 239 1446 naues
255 1383 485 1464 accuratiusque
509 1382 577 1444 buie
592 1381 635 1445 rei
651 1379 772 1444 studere
787 1391 876 1464 atque
891 1381 1040 1445 inseruire
1056 1382 1263 1448 instituerunt.

110 1482 131 1548 3
146 1483 192 1547 Ac
208 1484 325 1546 tametsi
342 1484 467 1566 amplius
483 1492 529 1546 cx
544 1483 671 1546 nauibus
695 1483 793 1566 longis
813 1483 844 1546 iu
862 1494 950 1567 portu
964 1483 1177 1568 naualibusque
1192 1487 1267 1550 ami-

145 1593 269 1662 serant,
298 1595 394 1647 tanen
417 1586 601 1667 reparandae
624 1584 729 1648 classis
745 1585 955 1671 cogitationem
972 1606 1031 1648 non
1048 1586 1263 1670 deposnerunt.

145 1684 297 1752 Videbant
318 1685 397 1749 enim
420 1707 479 1749 non
503 1685 615 1750 auxilia
637 1681 784 1763 Caesari,
810 1707 868 1751 non
890 1695 1070 1749 commeatus
1092 1685 1265 1770 subportari

110 1785 132 1851 4
146 1806 248 1872 posse,
266 1788 291 1850 si
307 1789 405 1852 classe
421 1788 476 1873 ipsi
494 1789 649 1854 ualerent:
666 1800 824 1874 praetcrea
840 1789 950 1853 nautici
962 1786 1117 1867 bomines,
1133 1789 1217 1853 urbis
1233 1801 1266 1855 et
1290 1801 1320 1855 ¹5

146 1890 280 1973 regionis
296 1889 461 1954 maritimae
477 1891 686 1975 cotidianoque
703 1913 758 1956 usn
774 1914 791 1956 a
807 1893 909 1977 pueris
924 1892 1102 1969 exercitati,
1125 1891 1161 1954 ad
1176 1901 1266 1955 natu-

146 1994 210 2055 rale
225 2012 260 2054 ac
277 1992 469 2057 domesticum
485 1993 592 2057 bonnm
609 1995 749 2079 reingere
765 1994 940 2079 cupiebaut3
958 2004 988 2057 et
1004 2005 1144 2077 quantum
1157 2014 1268 2078 paruu-

146 2093 182 2157 lis
198 2095 327 2178 nauigiis
343 2095 551 2179 proiecissent,
569 2096 757 2160 sentiebant:
776 2097 877 2180 itaque
893 2097 973 2160 omni
989 2096 1089 2161 studio
1104 2097 1140 2160 ad
1155 2116 1264 2181 paran-

87 2193 130 2266 13
144 2195 209 2260 dam
234 2197 362 2262 classem
385 2198 595 2264 incubuerunt.
637 2197 737 2262 Erant
759 2199 896 2262 omnibns
919 2199 1005 2264 ostiis
1027 2197 1093 2263 Nili
1113 2198 1265 2264 costodiae

147 2301 288 2385 exigendi
304 2302 429 2386 portorii
445 2322 536 2366 causa
551 2302 725 2387 dispositae.
757 2299 865 2366 Naues
881 2313 999 2366 ueteres
1016 2313 1105 2366 erant
1118 2301 1148 2365 in
1165 2302 1265 2366 occul·
1285 2308 1317 2365 tt

145 2403 186 2467 tis
202 2404 483 2487 regiaenaualibus,
501 2405 606 2488 quibus
616 2405 717 2469 multis
733 2405 820 2469 annis
836 2405 872 2467 ad
888 2405 1088 2490 nauigandum
1103 2415 1267 2469 nouerant

109 2503 204 2568 2usi.
237 2505 299 2568 llas
315 2506 500 2584 reficiebant,
517 2507 584 2571 illas
599 2507 816 2572 Alexandriam
833 2507 1028 2571 reuocabant.
1067 2505 1205 2571 Deerant
1218 2524 1265 2570 re·

143 2605 204 2669 mi:
220 2607 373 2691 porticos,
392 2609 566 2691 gymnasia,
584 2609 699 2694 publica
714 2609 850 2673 aedilicia
866 2610 1063 2694 detegebant3
1081 2630 1202 2675 asseres
1216 2630 1265 2674 re·

144 2730 260 2772 morum
277 2731 360 2774 usum
378 2711 567 2775 obtinebant:
586 2713 659 2777 aliut
674 2713 820 2777 naturalis
836 2713 970 2790 solertia,
987 2712 1068 2775 aliud
1084 2712 1167 2776 urbis
1177 2713 1265 2798 copia

110 2808 401 2878 3aubministrabat.
440 2811 597 2878 Postremo
627 2835 687 2878 non
718 2815 837 2900 longam
859 2814 1076 2898 nauigationem
1106 2814 1265 2896 parabant,
1287 2822 1319 2877 tt

143 2915 197 2979 sed
212 2917 380 3001 praesentis
397 2918 538 3002 temporis
554 2917 726 2982 necessitati
742 2918 913 2981 seruiebant
927 2926 958 2979 et
972 2916 1003 2980 in
1018 2915 1084 2999 ipso
1094 2924 1180 2997 portu
1190 2935 1268 2976 con-

143 3017 301 3099 fligendum
318 3019 471 3084 uidebant.
510 3017 615 3104 ltaque
638 3021 740 3105 paucis
763 3020 864 3084 diebus
879 3030 984 3084 contra
999 3017 1129 3080 omnium
1146 3015 1265 3099 opinio·

108 3115 210 3180 duem
227 3123 429 3201 quadriremes
444 3132 520 3186 xxti
529 3171 538 3201 ,
556 3124 784 3207 quinqueremes
799 3132 823 3186 V
838 3125 1050 3200 coniecerunt3
1073 3119 1109 3184 ad
1132 3119 1187 3181 bas
1210 3119 1267 3182 mi-

144 3236 234 3282 nores
249 3232 427 3306 apertasque
450 3226 617 3309 complures
641 3227 818 3290 adiecerunt
838 3237 869 3290 ot
890 3227 921 3290 in
937 3235 1025 3312 portu
1041 3221 1199 3307 periclitati
1216 3240 1265 3284 re·

143 3319 253 3405 nigio,
272 3323 340 3405 quid
357 3345 490 3409 quaeque
507 3347 608 3392 carum
626 3329 743 3392 efficere
760 3339 882 3413 posset,
907 3329 1031 3393 idoneos
1047 3325 1155 3388 milites
1170 3323 1266 3408 impo·
1287 3330 1317 3386 st

248 3480 265 3529 2
279 3479 394 3543 rernnlqo
407 3497 422 3530 o
433 3483 458 3532 b.
574 3487 589 3535 l
604 3494 772 3551 pugnatorum
786 3487 811 3535 b.
928 3486 943 3535 5
957 3484 1084 3533 lacunam
1095 3486 1159 3546 port
1171 3481 1265 3544 quibus

140 3557 245 3617 notoni,
260 3561 324 3605 unta
337 3558 430 3624 quibos
441 3563 655 3626 rtgnffloammt
664 3564 805 3614 Danielus.
918 3562 1014 3614 bidem
1027 3576 1045 3611 o
1057 3564 1086 3610 et
1097 3563 1138 3608 εἰσ
1152 3560 1188 3608 ‘et
1202 3559 1264 3610 item

139 3648 204 3684 mss.
218 3638 248 3684 et
258 3634 318 3686 edd.
333 3636 417 3703 qdd.'‚
431 3638 508 3689 iidem
522 3656 549 3690 u.
689 3641 705 3692 a
719 3649 748 3692 ut
761 3657 806 3692 eas
819 3642 868 3692 ab.
1024 3639 1056 3690 10
1068 3638 1222 3687 adacturum
1234 3650 1261 3687 ι.

249 3713 281 3767 ll
293 3729 324 3766 cx
338 3717 424 3767 Aldus
437 3718 632 3782 (reddituris),
648 3734 679 3769 ex
693 3735 710 3769 a
724 3720 799 3770 ‘men
813 3717 943 3783 aliquot'.
1060 3715 1205 3765 emiserant
1217 3714 1266 3764 At·

139 3787 199 3851 dur,
213 3791 339 3843 miserant
350 3809 367 3843 o
382 3798 456 3844 ‘mcc
471 3792 504 3845 5'.
688 3797 720 3848 13
734 3811 784 3846 non
795 3801 862 3861 post
872 3793 1057 3859 cogitationem
1067 3796 1148 3858 ponit
1159 3806 1186 3855 a,
1200 3795 1265 3842 ants

139 3860 223 3916 teuicn
238 3868 326 3918 Aldus
339 3876 366 3921 et
377 3886 435 3938 sqq.
449 3873 662 3939 (primorem).
769 3875 944 3941 deposnerunt
955 3886 972 3921 a
981 3871 1006 3921 b.
1113 3868 1263 3922 llCaesari

137 3943 177 4008 (a)
190 3943 351 4011 Stephanus,
367 3949 490 4001 Caesaris
505 3954 578 4002 ‘mas
593 3952 703 4003 omncs’.
827 3949 975 4016 subportari
988 3964 1014 3999 α.
1143 3948 1174 4000 lb
1188 3953 1265 3998 ntu-

138 4022 218 4071 ralern
232 4037 259 4070 a.
402 4027 433 4078 18
446 4029 617 4092 reparandam
632 4031 656 4080 b.
799 4029 833 4083 20
845 4028 955 4095 portarii
971 4029 1045 4077 ‘msc
1059 4024 1147 4093 quid)
1159 4030 1187 4077 et
1196 4028 1264 4076 anta

137 4115 209 4151 corr.
224 4116 250 4150 u.
355 4103 388 4153 ‘2³
402 4103 520 4166 qinnnaia
533 4123 559 4156 o.
669 4106 772 4174 publica
785 4106 906 4158 aedificia
919 4121 936 4155 a
949 4105 1008 4156 edd.
1023 4111 1088 4155 onte
1100 4105 1175 4168 Atat,
1190 4103 1265 4154 acdi-

137 4176 197 4229 flcia
211 4177 409 4244 publicaAIdnr
422 4196 450 4231 u.
572 4186 605 4236 at
619 4201 667 4236 usn
682 4187 706 4236 b.
822 4185 889 4236 aliut
895 4186 992 4249 priora
1005 4184 1064 4235 loeo
1077 4198 1103 4234 α.
1210 4182 1264 4233 sol·

136 4256 214 4307 tertia
226 4272 251 4307 a.
357 4256 390 4308 25
403 4258 568 4312 ministrabat
582 4263 607 4312 b.
712 4262 972 4331 thusmplnreat.
