2692 4688
68 192 134 263 586
495 190 554 259 DE
576 189 720 260 hunno
742 190 879 261 ctvlnt

127 367 258 433 dicerem
275 372 365 446 atque
380 383 433 428 eas
448 385 466 428 a
481 365 653 447 quibusdam
667 366 798 450 protegit
812 366 929 440 uentis,
956 376 1054 431 castra
1071 368 1246 433 communit.

92 466 175 535 tlte
190 478 304 552 partem
325 466 447 531 nauium
467 467 624 553 longarum
640 469 823 547 conuenire,
843 469 1020 533 frumentum
1037 480 1251 535 commeatum·

130 591 188 654 que
201 570 239 633 ah
252 568 329 633 Asia
342 579 431 651 atque
446 569 583 635 omnihus
598 570 790 655 regionibus,
807 591 881 654 quas
897 571 1036 650 tenebat,
1064 576 1247 657 comportari

94 669 115 735 3
129 671 268 755 imperat.
300 667 418 736 Caesar
439 672 557 754 longius
579 672 689 737 bellum
710 673 828 737 ductum
842 673 880 736 iri
896 673 1074 738 existimans
1089 687 1121 739 et
1136 677 1174 742 de
1188 674 1249 745 lta·

130 774 196 839 licis
211 775 424 840 commeatibus
439 776 621 859 desperans,
645 775 722 858 quod
743 786 826 839 tanta
841 775 997 858 diligentia
1011 778 1112 842 omnia
1126 778 1249 847 litorea
1271 796 1287 847 a

129 873 323 959 Pompeianis
338 876 536 951 tenebantur,
561 877 731 961 classesque
746 879 860 961 ipsius,
884 899 959 961 quas
973 878 1070 944 hieme
1084 881 1116 945 in
1131 877 1248 962 Sicilia,

132 974 252 1058 Gallia,
277 976 365 1043 ltalia
380 980 512 1057 lecerat,
536 978 750 1058 morabuntur,
775 980 806 1044 in
821 977 946 1064 Epirum
969 980 1013 1044 rei
1035 983 1251 1051 tro-enurise

95 1080 224 1147 hcausa
239 1077 280 1162 Q.
299 1080 424 1147 Tillium
447 1092 480 1145 et
500 1079 540 1146 L.
558 1077 738 1147 Canuleium
759 1081 890 1167 legatum
911 1083 1011 1163 misit,
1036 1086 1173 1167 quodque
1194 1086 1251 1153 bae

131 1184 273 1266 regiones
288 1185 415 1249 aberant
428 1185 559 1269 longius,
576 1184 650 1248 loeis
666 1184 756 1249 certis
771 1183 882 1248 horrea
891 1186 1252 1271 coustituitueeturasque

68 1324 72 1331 -
131 1287 272 1350 frumenti
296 1287 428 1351 finitimis
454 1286 627 1351 ciuitatibus
641 1287 808 1371 desmipsit.
840 1283 917 1352 Ite·
933 1284 1025 1351 Lisso
1040 1286 1254 1372 Parthinisque
1277 1302 1307 1357 tt

97 1385 317 1453 hetomnihus
340 1389 473 1453 castellis
494 1388 573 1471 quod
596 1398 678 1453 esset
700 1387 840 1453 humenti
855 1389 990 1473 conquiri
1005 1389 1105 1454 iussit.
1135 1387 1170 1455 ld
1184 1402 1253 1455 erat

132 1491 329 1574 perexiguum
344 1511 410 1553 cum
425 1491 520 1574 ipsius
534 1491 599 1573 agri
615 1502 735 1568 nature,
752 1491 831 1573 quod
846 1501 917 1554 sunt
930 1490 998 1555 loca
1011 1512 1119 1575 aspera
1130 1503 1253 1557 etmon-

133 1601 240 1669 tuosa,
257 1611 292 1655 ac
308 1593 478 1676 plerumque
493 1595 645 1657 lrnmento
659 1603 785 1658 utuntur
798 1593 966 1675 inportata,
989 1603 1052 1657 tum
1068 1594 1146 1675 qnod
1162 1591 1253 1658 Pom·

133 1693 221 1777 peius
236 1693 311 1757 haec
333 1695 506 1779 prouiderat
520 1705 551 1758 et
564 1695 769 1779 superioribus
783 1693 888 1758 diohus
903 1695 1033 1777 praedae
1047 1694 1114 1757 loco
1128 1691 1252 1760 Parthi·

134 1815 190 1859 nos
206 1796 352 1861 babuerat
366 1798 603 1880 frumentumque
618 1818 706 1862 omne
721 1797 919 1880 conquisitum
933 1796 1253 1880 spoliatiselfossisque
1280 1809 1308 1861 ti

77 1895 122 1967 48
136 1918 238 1962 eorum
254 1898 389 1962 domibus
405 1919 459 1983 per
473 1901 588 1984 equites
611 1909 825 1984 comportarat.
871 1896 988 1980 Quibus
1009 1900 1099 1963 rebus
1121 1900 1253 1985 cognitis

136 1997 252 2065 Caesar
266 2001 421 2066 consilinm
441 2002 521 2086 capit
542 2024 585 2067 ex
599 2003 657 2067 loci
672 2013 789 2067 natura.
817 2000 918 2065 Erant
931 2001 1010 2065 enirn
1026 2001 1138 2065 circum
1153 2012 1253 2065 castra

134 2098 268 2186 Pompeii
284 2104 422 2187 permulti
437 2105 508 2170 editi
523 2114 611 2188 atque
622 2104 722 2189 asperi
738 2105 843 2169 colles.
876 2101 941 2167 llos
957 2103 1081 2187 primum
1097 2103 1253 2187 praesidiis

100 2209 121 2269 2
136 2205 234 2269 tenuit
247 2207 429 2290 castellaque
444 2208 484 2273 ibi
499 2207 674 2272 communit.
705 2203 792 2287 lude,
809 2218 843 2271 ut
856 2207 915 2271 loci
931 2207 1073 2288 cuiusque
1088 2216 1195 2269 natura
1211 2206 1255 2267 le-

135 2309 242 2387 uabat,
265 2330 308 2374 ex
328 2311 452 2375 castello
474 2311 507 2374 in
522 2311 675 2374 castellum
693 2311 834 2392 perducta
848 2308 1014 2372 munitione
1030 2306 1256 2372 circumuallare
1275 2316 1308 2373 to

136 2408 309 2496 Pompeiam
325 2413 473 2489 instituit,
497 2412 572 2477 haec
587 2422 744 2495 spectans,
768 2412 848 2494 quod
870 2421 997 2493 angusta
1013 2431 1045 2473 rc
1061 2410 1255 2477 frumentaria

136 2515 288 2590 utebatur,
306 2515 441 2596 qnodque
455 2511 615 2597 Pompeius
631 2514 817 2578 multitudine
832 2515 963 2595 equitnm
981 2512 1109 2591 ualebat,
1127 2534 1185 2595 quo
1200 2512 1253 2575 mi·

137 2635 212 2680 nore
234 2617 366 2698 periculo
389 2617 517 2699 undique
538 2618 719 2681 frumentum
742 2627 996 2697 commeatumque
1022 2615 1169 2679 exercitui
1185 2613 1255 2678 suh

104 2715 125 2780 3
139 2729 260 2802 portare
274 2729 387 2803 posset,
404 2718 512 2797 simul,
529 2720 573 2783 uti
588 2718 779 2802 pabulatione
794 2715 967 2800 Pompeium
982 2716 1155 2798 prohiberet
1170 2715 1254 2799 equi·

102 2819 123 2882 4
139 2830 291 2905 totumque
305 2823 371 2887 eius
385 2823 421 2885 ad
438 2843 499 2885 rem
509 2822 672 2905 gerendam
688 2821 820 2884 inutilem
829 2819 971 2894 efficeret,
988 2818 1089 2894 tertio,
1107 2828 1140 2881 ut
1154 2828 1258 2881 aueto-
1278 2827 1312 2883 tt

137 2924 270 3000 ritatem,
286 2946 344 3009 qua
359 2926 410 2989 ille
425 2925 556 2988 maxime
571 2925 648 3007 apud
664 2932 787 2987 exteras
803 2920 940 2983 nationes
951 2918 1005 2982 niti
1015 2917 1183 2995 uidebatur,
1201 2919 1258 2981 mi·

139 3039 259 3105 oneret,
275 3049 342 3092 cnm
358 3029 436 3092 lama
452 3048 506 3110 per
520 3027 622 3093 orbern
638 3037 785 3091 terronam
801 3020 1032 3107 permunisset,
1049 3019 1129 3086 illum
1145 3013 1256 3084 allae·

83 3125 128 3195 ll
143 3146 213 3191 sare
234 3129 364 3193 obsideri
386 3150 481 3212 neque
503 3130 613 3195 audere
636 3129 749 3212 proelio
771 3126 921 3191 dimicare.
953 3120 1113 3206 Pompeius
1128 3142 1260 3204 neqnea

140 3228 214 3292 mari
237 3225 486 3315 Dyrrhachioque
508 3232 660 3297 discedere
683 3230 820 3308 uolebat,
844 3229 921 3311 quod
945 3246 1062 3290 omnem
1084 3234 1259 3309 apparatum

139 3330 220 3408 belli,
240 3331 316 3411 tela,
333 3354 434 3410 arma,
452 3344 599 3399 tormenta
614 3334 653 3397 ihi
670 3332 872 3397 collooauerut
888 3331 1127 3410 frumentumque
1141 3326 1261 3391 exerci-
1281 3336 1316 3391 ³⁰

141 3433 186 3497 tui
202 3435 328 3498 nauibus
344 3434 550 3519 subportabat,
568 3455 663 3520 neque
674 3428 1007 3501 munitionesCuesaris
1022 3430 1180 3514 prohibere
1196 3438 1262 3511 pot·

142 3546 226 3614 erat,
245 3535 302 3599 nisi
318 3538 430 3621 proelio
446 3540 599 3604 decertare
619 3538 728 3617 uellet3
746 3537 824 3620 quod
839 3556 875 3599 eo
890 3544 1024 3618 tempore
1040 3541 1188 3595 statuerat
1203 3550 1262 3592 uon

249 3728 266 3779 3
279 3735 356 3794 atque
369 3728 401 3780 ab
415 3727 534 3779 omnibns
547 3728 572 3777 b.
694 3724 860 3789 dolosaeque
871 3737 898 3773 s.
1020 3721 1111 3786 hyeme
1125 3734 1152 3767 a.

91 3835 97 3847 ·
142 3808 157 3858 7
172 3808 290 3860 lecerunt
301 3826 318 3860 a
328 3811 352 3859 b.
475 3810 491 3861 8
504 3807 609 3859 Tillium
623 3823 640 3858 o
649 3824 680 3870 c,-
693 3805 791 3857 'l'ltlars
803 3804 829 3866 d,
845 3801 959 3853 Tullium
970 3801 994 3852 h.
1100 3800 1117 3850 11
1130 3799 1223 3850 aberat
1234 3813 1261 3849 s.

253 3889 283 3938 10
296 3889 403 3952 scripsit
416 3888 440 3936 b.
549 3887 580 3938 st
594 3884 630 3950 et]
645 3900 675 3935 se
684 3886 708 3935 t.
816 3882 847 3932 13
861 3882 1000 3946 importstu
1012 3877 1079 3944 qnod
1091 3878 1130 3927 oh
1143 3877 1211 3941 (isp.
1223 3876 1262 3937 s).

252 3967 284 4015 tt
297 3965 447 4031 prouiderat
459 3963 546 4015 Aldus
560 3967 588 4013 iu
601 3964 714 4028 corrig„
730 3958 886 4027 prouidnbat
897 3973 914 4009 s
925 3962 999 4007 ‘mse
1009 3955 1154 4022 pleriquo'.

147 4043 176 4093 li
190 4041 363 4106 conquisitu
375 4068 411 4080 ·-
422 4042 540 4093 domibus
554 4045 582 4091 iu
595 4055 684 4106 marg.
699 4039 760 4091 ead.
773 4054 809 4088 sn.
823 4038 936 4103 supplet
945 4052 973 4087 c.
1079 4035 1184 4086 ldsntn
1196 4048 1266 4084 coss·

144 4125 261 4185 portarat
272 4117 337 4169 edd.
351 4118 461 4183 imperta
474 4132 499 4166 o.
605 4120 638 4170 lh
651 4116 791 4170 consenuit
803 4114 844 4178 (a)
859 4115 924 4164 ‘mes'
935 4111 1033 4177 codd),
1047 4109 1264 4162 communiitb'te

142 4199 248 4264 plenus
261 4212 287 4246 ιι.
392 4196 422 4246 hl
440 4203 561 4261 spectans
574 4194 738 4261 Stephanus,
754 4198 894 4259 aspectans
907 4191 985 4243 codd.
1110 4189 1143 4240 23
1156 4189 1264 4255 subpor-

146 4285 203 4328 tsrc
216 4292 243 4326 a.
348 4273 380 4327 21
394 4274 603 4340 percrebruisset
616 4275 640 4324 b.
745 4271 774 4324 31
791 4269 962 4336 subportabat
974 4283 1002 4319 o.
