2692 4688
79 179 143 247 274
473 168 531 237 llll
553 168 698 239 BELLO
720 165 911 237 equulco

81 349 123 413 12
138 366 235 430 neque
252 345 328 411 hano
343 343 589 408 eonsuetudine-
604 343 702 409 uiotua
718 363 785 407 oum
800 342 853 407 illa
867 340 1108 427 comparandam.
1136 339 1262 405 Arioni-

136 461 214 515 stum
230 459 342 525 autem,
360 457 392 510 ut
405 447 500 511 semel
515 445 670 511 Gallorum
689 446 790 531 copias
806 444 920 529 proelio
935 443 1060 521 uicerit,
1077 443 1156 530 quod
1171 464 1261 527 oroe-

136 554 208 618 lium
225 553 334 615 laotum
350 549 390 611 sit
405 550 440 611 ad
463 546 701 632 Magetobriam‚
726 548 856 632 superbe
874 556 905 611 et
919 546 1082 611 crudeliter
1094 546 1258 631 imperare,

137 654 257 720 obsides
286 650 465 716 nobilissimi
494 654 638 733 cuiusque
668 650 780 715 liberos
810 668 935 734 poscere
965 658 997 711 et
1024 648 1132 712 ineos
1157 648 1261 714 omnia

138 753 278 840 exempla
299 755 507 836 cruciatusque
531 752 633 829 edere,
658 752 684 815 si
700 774 756 835 qua
771 773 822 817 res
838 774 898 816 non
915 752 951 815 atl
967 760 1073 814 nutum
1087 750 1194 815 autad
1209 771 1265 816 uo·
1280 764 1298 815 t

82 857 280 927 131unatam
297 858 362 921 eius
379 857 458 920 laetu
472 856 524 919 sit.
548 852 707 918 Hominem
722 876 790 920 essa
806 855 985 927 barbarum,
1001 852 1198 931 iraonntlum,
1215 863 1264 919 te-

82 961 123 1025 14
137 960 320 1026 merarinms
338 979 398 1023 non
413 977 502 1043 posse
518 957 584 1022 eius
599 958 723 1042 imperia
739 958 849 1021 diutius
865 956 1029 1021 sustinere.
1061 950 1132 1019 Nini
1146 954 1173 1019 si
1189 955 1264 1040 quial

138 1042 312 1129 inGiesaro
321 1061 488 1146 populoque
494 1056 634 1123 Romano
648 1059 689 1123 sit
702 1060 821 1135 auxilii,
839 1058 976 1123 omnibus
989 1054 1086 1121 Gallis
1097 1056 1176 1122 ilem
1190 1078 1264 1123 eaeo

139 1165 322 1243 laciendum,
339 1163 415 1245 quod
425 1160 559 1227 lleluetii
573 1160 715 1239 iecerint,
731 1160 1027 1245 utdomoernigrent‚
1043 1158 1124 1223 aliutl
1135 1158 1264 1225 domiai-

137 1267 221 1345 lium,
238 1267 315 1332 alias
330 1265 430 1343 sedes,
447 1274 580 1328 remotas
596 1260 797 1337 allemanie,
814 1273 918 1345 petant
933 1262 1151 1343 fortunamque,
1167 1282 1264 1343 qnae-
1287 1274 1325 1329 tu

83 1369 124 1436 15
139 1389 266 1452 sumque
287 1367 421 1443 aecidat,
445 1365 652 1449 experiantur.
691 1362 776 1428 Haeo
798 1366 825 1428 si
840 1364 997 1429 enuntiata
1012 1360 1168 1427 Ariouisto
1182 1362 1262 1443 ιὶιιι,

139 1493 201 1536 non
215 1469 365 1545 dubitare,
383 1466 455 1549 quin
471 1468 506 1530 tle
522 1466 658 1530 omnibus
674 1467 838 1544 obsidibus,
855 1467 904 1548 qui
920 1465 997 1550 apud
1013 1486 1081 1529 eum
1097 1464 1171 1544 sint,
1186 1486 1264 1551 grn-

83 1570 125 1637 16
140 1571 294 1637 nissimum
317 1568 492 1651 supplicium
508 1577 617 1631 sumat.
657 1563 820 1633 Caesarem
839 1569 887 1633 uel
908 1568 1087 1634 auctoritate
1100 1588 1156 1634 sne
1168 1576 1265 1653 elque

139 1674 294 1739 exereitus
308 1671 358 1734 uel
373 1670 488 1734 recenti
504 1668 632 1733 uictoria
648 1668 695 1733 uel
712 1670 832 1733 nomine
848 1671 946 1755 populi
961 1669 1091 1735 Romani
1105 1671 1265 1737 usumin

139 1796 239 1861 posse,
255 1794 294 1839 ne
308 1773 405 1837 maior
419 1772 575 1836 multitudo
591 1769 809 1837 Germanorum
825 1771 966 1838 Rhenum
982 1774 1169 1853 traducatur,
1185 1768 1265 1839 (lst-
1288 1784 1323 1839 ts

82 1876 127 1947 82
140 1878 268 1959 liamque
282 1895 401 1939 omnem
416 1875 453 1939 ab
459 1874 609 1939 Ariouisti
624 1874 733 1939 iniuria
748 1895 837 1960 possa
851 1877 1023 1941 defendere.
1048 1874 1263 1941 flaooretiona

140 1979 177 2042 ab
191 1975 342 2042 Diuitiaoo
358 1976 458 2040 habita
473 1997 597 2055 omnes,
620 1979 670 2061 qui
684 1979 828 2056 aderant,
850 1999 960 2061 magno
982 1978 1053 2042 lleta
1075 1977 1221 2043 auxilium
1241 2000 1263 2043 a

103 2079 124 2144 2
139 2076 274 2145 Caesare
289 2089 390 2164 potere
406 2090 580 2162 coeperunt.
605 2078 827 2145 Animaduertit
842 2076 959 2145 Caesar
973 2101 1051 2145 unos
1066 2098 1108 2145 ex
1122 2080 1262 2147 omnibu

139 2180 298 2267 Sequanos
318 2180 393 2246 nihil
412 2202 516 2245 earum
538 2202 639 2245 rerum
662 2184 777 2260 lacero,
810 2202 884 2265 quas
907 2183 998 2247 aeteri
1018 2184 1175 2262 lacerent,
1204 2185 1262 2251 aad

140 2285 244 2349 tristes
259 2284 357 2370 eapite
373 2282 502 2348 demisso
518 2293 630 2347 terram
646 2285 770 2349 intueri.
802 2282 878 2349 llius
894 2286 938 2349 rei
954 2305 1030 2368 quae
1050 2306 1144 2351 oense
1165 2294 1261 2365 ωοῑ,
1283 2296 1320 2351 2⁰

104 2384 124 2449 3
139 2387 264 2449 miratus
279 2406 321 2449 ex
335 2385 408 2469 ipsis
422 2385 562 2467 quaesiit.
587 2386 675 2451 Nihil
686 2384 817 2469 Sequani
833 2388 1028 2471 respondere,
1044 2388 1099 2453 soll
1111 2388 1145 2453 in
1155 2388 1262 2453 oedem

139 2487 263 2551 tristitia
283 2485 368 2547 tnoiti
392 2506 579 2568 permanere.
618 2484 694 2552 Cum
717 2488 753 2551 ab
778 2488 823 2553 his
845 2491 965 2575 saepius
987 2500 1148 2573 quaereret
1161 2510 1262 2575 neque

140 2588 229 2651 ullum
244 2587 366 2650 omnino
383 2607 486 2651 uocem
499 2591 669 2673 exprimere
694 2602 812 2674 posset,
838 2593 914 2656 iden
929 2590 1100 2659 Diuitiaene
1112 2588 1261 2657 Haedum

104 2688 126 2752 l
142 2688 313 2771 respoudit:
338 2685 403 2751 lloe
419 2708 487 2753 esse
503 2691 688 2756 miseriorem
711 2703 742 2755 et
756 2695 924 2777 grauiorem
941 2697 1090 2760 fortunam
1102 2688 1263 2779 Sequem-

140 2810 207 2855 rum
223 2809 311 2872 quam
326 2790 521 2872 reliquorum,
537 2796 615 2877 quod
631 2795 741 2859 soline
757 2797 788 2859 in
805 2797 923 2861 oooulto
935 2796 1148 2881 quidemqueri
1162 2816 1264 2881 nequ
1284 2808 1319 2863 2⁵

141 2892 288 2958 auxilinm
307 2892 468 2977 implorare
489 2896 635 2959 auderent
655 2896 849 2982 absentisque
871 2899 1019 2963 Ariouisti
1040 2898 1261 2979 crudelitatem,

104 2992 125 3057 5
141 2993 223 3059 uelut
236 2993 263 3058 si
279 3014 380 3057 eoram
396 2995 532 3073 adesset,
555 2997 733 3079 horrerent,
755 3011 913 3085 propterea
929 3003 1006 3084 quod
1021 3002 1146 3087 reliquis
1160 3012 1264 3067 umen

248 3204 266 3257 2
284 3202 381 3268 proelio
395 3219 448 3254 om.
463 3205 487 3254 t.
593 3208 711 3261 uinceret
722 3211 758 3262 D.
855 3212 916 3263 3ιά
931 3210 1160 3277 Μιμῑοδήιῌς
1172 3207 1264 3261 atla*

141 3276 276 3339 solobriqe
288 3279 314 3327 A
321 3296 330 3339 ,-
343 3279 375 3327 ad
390 3277 549 3343 lingetolorie
562 3284 587 3331 B
599 3289 681 3349 utque
694 3289 735 3336 ita
747 3285 864 3352 reliqui,
886 3291 943 3338 nisi
953 3288 1028 3354 quod
1036 3290 1143 3354 portin
1154 3292 1264 3338 umn-

141 3366 194 3418 quo
206 3367 298 3404 uocem
312 3357 491 3420 coniungunt,
505 3363 538 3408 nt
548 3375 576 3422 a,
591 3366 633 3424 et,
647 3366 679 3412 ut
691 3363 777 3427 idom,
792 3368 889 3430 influo
902 3381 932 3417 ao
945 3368 1056 3418 inient.
1172 3368 1264 3419 larn-

140 3430 787 3500 elatnsqnoanotiamlllaloat,dulitutOud.
857 3444 1109 3509 antenodorum
1178 3442 1264 3497 leu-

140 3510 224 3559 tinere
236 3509 262 3559 A
270 3508 384 3576 lilios,
405 3514 470 3562 ttem
487 3518 551 3563 ants
570 3519 675 3567 coruli
685 3523 713 3568 st
721 3534 774 3585 pro
787 3534 848 3570 aar.
862 3520 947 3573 leet!
966 3522 1028 3575 Cet
1039 3537 1075 3573 a.
1088 3536 1143 3573 eea.
1157 3522 1190 3587 l,-
1201 3536 1265 3575 sus·

139 3585 259 3637 tlneriu.
358 3588 583 3657 sim.aeo.An,
603 3596 693 3661 om.s.
775 3598 963 3665 8islem]idl›.
1049 3598 1264 3653 linainnduas

140 3676 201 3713 eum
221 3676 275 3713 uno
290 3668 420 3729 peeatmo.
516 3666 729 3737 lllquaeeunqne
750 3672 835 3737 (Blu.
925 3674 953 3727 ll
968 3675 1110 3727 annnaiate
1124 3677 1150 3728 l.

140 3744 202 3789 sunt
212 3742 277 3789 anto
288 3754 359 3791 corr.
373 3743 414 3805 B,
427 3740 526 3794 luerint
538 3744 562 3793 l.
706 3748 737 3799 12
749 3749 815 3815 apul
833 3750 916 3817 ipsum
930 3751 956 3802 l.
1090 3752 1122 3807 ll
1134 3753 1169 3805 ιΙι
1180 3752 1264 3807 nent-

139 3818 208 3868 tleeo
221 3823 286 3869 nuto
300 3834 370 3870 corr.
385 3823 423 3885 Β,
437 3837 490 3872 om.
497 3823 528 3888 s.
667 3826 794 3878 adierunt
807 3834 872 3879 nate
884 3845 956 3882 corr.
969 3831 1002 3881 B.
1148 3832 1181 3885 18
1192 3848 1264 3887 nans

138 3896 196 3947 AB
205 3896 227 3949 C
235 3898 307 3964 Eos
313 3898 538 3965 reliquiquesere
550 3916 652 3953 omnes.
768 3906 802 3959 2⁰
816 3906 892 3959 trites
904 3922 941 3959 m.
951 3924 998 3974 pr.
1011 3910 1046 3961 B.
1178 3926 1265 3967 eausa

140 3984 206 4037 qnae
220 3985 313 4022 more
325 3988 352 4025 n.
467 3975 502 4029 22
520 3991 673 4042 permanere
691 3983 774 4031 attam
786 3982 810 4032 B
822 3983 925 4035 deamo
943 3985 1069 4053 Beyerlr'a‘
1085 3994 1265 4057 anunente,-

137 4063 306 4117 pormunsero
323 4052 378 4103 AC
389 4052 446 4117 (lio
459 4054 597 4123 oorr.)bs.
667 4059 700 4109 ab
718 4058 758 4111 lis
771 4060 856 4127 Aes,
875 4062 907 4113 al
920 4062 971 4113 liin
982 4064 1023 4129 ἒς
1042 4068 1074 4117 al
1087 4068 1121 4120 lia
1138 4082 1169 4119 u.

138 4128 173 4181 ²l
185 4126 344 4178 miseriorem
356 4130 556 4199 grauioremqno
569 4150 629 4185 enm
637 4140 737 4202 peneto
750 4137 817 4189 dett.
831 4156 860 4192 u.
977 4145 1011 4197 26
1023 4146 1175 4217 implorare]
1189 4148 1264 4205 lem

137 4220 175 4257 n.
178 4220 224 4272 pr.
234 4205 263 4257 C.
323 4206 446 4261 llueluti
454 4208 489 4260 1).
549 4211 647 4279 tumen]
655 4220 754 4266 tantum
762 4216 787 4267 A
795 4216 811 4266 lt
820 4219 865 4285 os,
874 4225 925 4272 tam
933 4237 1055 4289 supraao.
1067 4232 1094 4275 tu
1104 4224 1136 4293 B,
1145 4234 1221 4281 tanta
1230 4232 1263 4283 0.
