2692 4688
463 216 604 288 COhffl.
620 220 667 287 ΙΙΙ
682 220 777 288 CAP.
794 222 948 290 tet-53.
1257 220 1320 291 521

146 393 282 459 liberatis
305 392 368 456 suis
390 390 447 455 hoc
471 392 526 456 tuit
545 402 704 457 contentus
726 412 824 476 neque
845 394 960 477 proelio
980 394 1137 457 decertare
1157 393 1264 472 notuit,
1288 384 1291 391 ’

144 514 290 579 quaeres
306 504 406 557 tamen
421 494 549 557 tortasse
564 494 689 576 aliquem
705 494 854 578 reciperet
867 513 989 572 casum,
1007 513 1045 557 ne
1058 493 1264 579 imperatorias

144 598 204 662 eibi
221 605 322 680 partes
337 595 500 679 sumpsisse
515 595 680 661 niteretur.
708 592 899 680 Pompeianis
915 614 1051 680 magnum
1065 614 1116 661 res
1130 596 1168 660 at
1182 616 1266 661 rece·
1279 596 1302 663 6

145 709 229 783 ptum
252 697 452 761 difficultatem
474 697 639 762 adferebat.
684 696 767 760 Nem
790 718 830 763 ex
850 696 953 781 iniquo
973 698 1126 784 progressi
1148 698 1215 762 loeo
1235 698 1267 762 in

109 814 125 865 t
148 820 266 865 sommo
281 799 497 862 constiterant:
514 799 540 863 si
554 818 610 882 per
623 799 737 864 decline
752 818 822 864 sese
837 801 1016 886 reciperent,
1034 811 1154 865 nostros
1168 820 1208 864 ex
1217 820 1265 864 eu·
1280 798 1303 862 7

145 902 265 989 periore
279 902 475 983 insequentes
491 902 557 964 loco
571 900 773 980 uerebantur3
791 922 888 986 neque
903 904 1024 967 multum
1040 903 1079 966 ad
1093 902 1167 966 sctis
1181 920 1267 966 occa·

85 1067 91 1076 ,
146 1024 213 1069 cunr
227 1002 372 1087 temporis
387 1013 561 1086 supereratz
579 1022 632 1087 spe
648 1004 726 1067 enim
740 1004 916 1069 conficienti
931 1003 1043 1089 negotii
1059 1022 1151 1089 prope
1165 1004 1198 1069 iu
1212 1026 1266 1068 uo·

147 1115 225 1171 etem
247 1124 311 1169 rem
333 1104 495 1168 duxerant.
527 1101 575 1169 Ite
597 1106 770 1169 occesserio
785 1116 874 1189 atque
888 1126 929 1170 ex
944 1118 1079 1191 tempore
1093 1118 1181 1191 capto
1196 1102 1303 1171 con-8

149 1207 218 1271 sitio
233 1202 395 1291 Pompeius
418 1204 561 1269 tumutuns
585 1207 731 1289 quendem
751 1209 921 1293 occupauit,
937 1210 988 1292 qni
1004 1219 1118 1273 tuntum
1132 1208 1269 1273 eberate

94 1318 130 1373 tt
150 1318 255 1373 nostro
270 1307 409 1385 castello,
428 1316 461 1370 nt
475 1308 565 1371 telum
582 1319 730 1373 tormento
746 1309 867 1373 missum
883 1310 963 1396 adigi
978 1330 1038 1375 non
1053 1319 1164 1395 posset
1200 1309 1268 1377 tlon

153 1409 288 1474 consedit
300 1408 541 1496 tocoatqueeum
551 1411 744 1476 communiuit
758 1430 920 1495 omnesque
934 1412 976 1477 ibi
991 1413 1093 1497 copias
1108 1414 1266 1478 continuit.

151 1508 265 1576 Eodem
280 1521 415 1597 tempore
430 1512 544 1577 duobus
560 1523 714 1595 praetores
730 1513 804 1577 locis
819 1524 982 1599 pugnatum
1003 1524 1068 1579 este
1094 1534 1161 1578 nem
1184 1517 1269 1600 ptura
1283 1514 1327 1589 Β

151 1613 274 1679 castelle
288 1610 448 1699 Pompeius
468 1615 582 1700 pariter
601 1614 789 1680 distinenhee
811 1636 917 1680 manne
938 1635 1029 1681 cause
1054 1626 1266 1701 tenptnneret,

152 1734 192 1780 ne
211 1736 252 1779 ex
275 1715 422 1800 proximis
445 1715 599 1801 praesidiis
622 1717 758 1781 succurri
779 1727 892 1801 possm.
928 1715 999 1782 Vno
1020 1718 1088 1783 loco
1110 1717 1304 1786 vernunst

98 1828 131 1881 tt
153 1815 410 1900 'l'uhusimpetnm
425 1818 553 1903 legionis
568 1818 890 1883 sustinuitcohortihns
906 1819 1001 1883 tribus
1017 1829 1106 1902 atqm
1120 1838 1186 1884 enm
1201 1821 1268 1885 ioco

153 1916 283 2002 depuli13
310 1918 406 1983 eltcro
418 1914 563 1984 Germani
586 1919 767 1984 munitiones
789 1933 908 1985 nostras
931 1922 1047 2005 egressi
1070 1920 1269 2007 compluribus

153 2017 324 2083 interfectis
346 2038 414 2085 sese
435 2024 474 2086 ad
494 2042 565 2085 suos
595 2021 760 2085 incolumes
786 2034 974 2105 receperunt.
1021 2020 1068 2087 Ita
1091 2044 1151 2087 uno
1168 2024 1218 2089 tie
1231 2033 1266 2087 vt
1282 2023 1326 2095 53

155 2120 277 2205 proeliis
294 2122 391 2199 tactis,
409 2124 506 2188 trihus
522 2125 558 2186 ed
574 2120 806 2208 Dyrrhachium,
823 2122 920 2186 tribus
935 2125 971 2186 ad
988 2125 1185 2203 munitiones,
1204 2149 1270 2189 cum

153 2222 260 2287 horum
281 2223 413 2288 omnium
434 2226 514 2289 ratio
537 2226 715 2303 haberetur,
746 2226 782 2289 ah
805 2225 930 2288 duorum
952 2223 1064 2287 mitium
1086 2244 1210 2288 numero
1231 2247 1271 2289 ex

95 2334 132 2389 tt
153 2321 346 2409 Pompeienis
361 2328 506 2392 cecidisse
521 2328 758 2412 reperiebamus,
774 2336 918 2391 euocatos
933 2326 1183 2409 centurionesque
1192 2348 1272 2390 cnm·

155 2425 257 2509 plures
276 2427 323 2510 (iu
337 2449 374 2493 eo
391 2429 447 2493 tuit
468 2449 593 2494 numero
608 2429 751 2496 Valerius
766 2426 911 2508 Flaccus,
936 2425 976 2492 L.
994 2429 1091 2507 titius,
1115 2428 1199 2507 eius,
1222 2430 1271 2513 qui
1286 2429 1309 2495 2

154 2538 277 2611 praetor
296 2527 403 2593 Asiam
425 2531 629 2615 obtinuerat)3
662 2534 807 2617 signaque
829 2542 900 2595 suut
921 2532 1061 2597 militaria
1084 2552 1142 2596 sex
1163 2532 1270 2597 relata.

155 2627 263 2693 Nostri
279 2652 339 2695 uon
354 2632 481 2715 amplius
495 2643 548 2696 xx
562 2634 698 2698 omnihus
721 2644 792 2699 sunt
811 2633 933 2718 proeliis
957 2635 1128 2698 desiderati.
1163 2632 1225 2699 Sed
1240 2633 1306 2699 ini

155 2731 281 2797 castello
295 2753 384 2798 nemo
408 2734 757 2813 chironomanticus,
783 2736 852 2818 quin
869 2737 1097 2811 uulneraretur,
1119 2745 1273 2816 quattuor·

97 2842 133 2895 et
155 2853 213 2916 qne
228 2856 269 2899 cx
283 2854 343 2898 uua
357 2836 481 2901 cohorte
496 2837 687 2902 centuriones
702 2837 804 2900 oculos
820 2837 996 2901 amiserunt.
1025 2832 1065 2897 Et
1081 2854 1147 2897 cum
1163 2833 1310 2898 lahoris4

156 2935 203 2999 eui
219 2936 401 3020 periculique
415 2938 615 3003 testimonium
631 2939 751 3003 adferre
772 2939 902 3016 uellent,
927 2936 1009 3000 mitia
1024 2934 1199 3019 sagittarum
1215 2935 1275 2998 eir·

157 3036 235 3100 citer
248 3046 326 3101 xxx
346 3039 379 3103 iu
401 3040 554 3105 castellum
570 3040 706 3105 coniecta
721 3036 848 3104 Caesari
863 3047 1150 3115 renumeruuerunt,
1174 3047 1275 3101 souto-

158 3158 217 3219 que
230 3138 269 3203 et
284 3160 351 3205 eum
366 3142 463 3207 relato
479 3138 616 3207 Scaeuae
632 3142 816 3207 centurionis
831 3141 956 3206 inuenta
969 3149 1041 3205 sunt
1054 3138 1086 3203 in
1101 3158 1138 3203 eo
1153 3139 1275 3205 inremi-

266 3395 412 3462 Ξυςιιιι
424 3399 456 3450 Ρ.
470 3398 620 3463 Mareotim,
635 3415 728 3464 mque
738 3416 757 3451 a
768 3400 844 3450 ‘mec
855 3399 998 3463 plerique’.
1110 3399 1125 3447 t
1139 3394 1277 3446 adferebat

158 3486 186 3523 a.
301 3474 447 3542 treeipere
457 3493 485 3528 o.
607 3478 622 3529 7
637 3479 759 3544 temporie
773 3483 909 3543 supererat
919 3492 936 3527 c
949 3476 1009 3527 cdd.
1023 3479 1088 3526 ante
1100 3490 1128 3538 ar,
1141 3481 1278 3540 superaret

157 3548 282 3615 temporie
294 3555 353 3602 stne
365 3557 544 3605 annotatione
555 3568 584 3605 u.
719 3554 735 3605 8
748 3553 878 3604 duxerant
890 3554 905 3601 h
919 3553 933 3602 5
946 3552 1024 3614 dete,
1040 3551 1204 3602 deduxerant
1216 3551 1277 3600 reli·

158 3629 216 3691 qui.
334 3627 422 3694 atque]
437 3637 463 3680 et
476 3631 500 3680 b.
618 3630 649 3681 to
662 3636 791 3680 tormento
803 3631 820 3681 t
832 3627 918 3689 dett.,·
933 3633 1085 3677 tormentum
1098 3640 1124 3687 a,
1139 3633 1278 3676 tormento·

157 3716 214 3753 rum
228 3703 261 3765 t‚·
275 3710 466 3757 tormentomce
479 3721 506 3756 c.
683 3706 712 3757 11
727 3704 896 3757 communiuit
907 3719 924 3753 a
934 3703 948 3752 h
955 3739 964 3766 ,
980 3701 1130 3752 communiit
1141 3716 1169 3751 u.

160 3780 192 3832 tt
205 3781 313 3833 deorum
326 3784 397 3835 mitis
411 3800 438 3847 a,
453 3784 588 3835 duomilia
601 3785 675 3835 ‘rou¹
687 3785 830 3850 plerique'.
981 3780 1014 3834 2⁰
1027 3780 1236 3846 repperiebantur
1251 3800 1277 3835 o.

267 3855 299 3908 21
315 3853 374 3906 vu.
388 3871 415 3905 o.
554 3857 611 3907 eius
625 3872 676 3908 om.
690 3872 714 3907 e.
840 3857 875 3911 22
888 3856 1012 3906 mititerie
1025 3869 1071 3906 rex
1083 3870 1100 3906 o
1112 3855 1277 3925 Stephanus,

159 3946 207 3983 sex
220 3931 346 3983 militarie
359 3938 465 3983 ceterae
478 3933 538 3984 edd.
661 3936 694 3986 rt
707 3934 750 3999 qui
765 3934 790 3985 h.
921 3941 1094 3999 quattuorque
1107 3950 1134 4001 a,
1148 3950 1202 3989 oon
1215 3956 1279 4006 qur-

159 4014 282 4072 teorqnc.
388 4010 831 4076 tipericutiomr‘eraeopclaat.
948 4009 1092 4062 edtcrrea.
1208 4019 1279 4068 nutu

159 4088 314 4151 sagittarum
327 4089 436 4139 circiter
446 4086 511 4153 xxx]
526 4096 674 4138 rectumne
692 4088 802 4151 triginta
819 4088 891 4139 mitia
904 4087 1017 4140 Sueten.
1033 4088 1112 4141 Caes.
1126 4090 1169 4143 68.

158 4168 191 4221 27
205 4168 341 4218 castellam
355 4182 382 4217 c.
503 4175 627 4219 contextu
638 4167 708 4216 che.
840 4175 1072 4218 renumeraucrut
1084 4168 1224 4235 Scaliger3
1239 4185 1278 4220 re-

161 4253 367 4297 muneraremnt
380 4261 397 4296 c
410 4251 438 4296 et
448 4250 488 4295 eir.
501 4252 549 4295 cut
564 4247 707 4295 ‘ucruercn
721 4245 871 4295 renunciao.
887 4260 949 4294 mee.
964 4245 1093 4309 quidam’.
