2692 4688
538 164 835 249 ...26-

127 357 275 423 ‘auersos'
290 358 348 437 22,
363 355 403 437 33
429 356 651 422 ‘administrare
675 353 806 420 caedem'
827 353 883 433 36,
902 356 935 420 4.
959 354 1012 434 39,
1029 359 1068 437 2,
1094 359 1247 428 ‘Lusitani

125 464 162 526 ad
185 461 305 526 Didium
328 482 363 525 sc
384 459 549 545 reportant’
571 456 625 536 4⁰,
642 458 680 538 23
707 454 836 523 ‘Caesar
858 457 991 526 Gadibus
1014 483 1120 528 rursus
1139 466 1177 527 ad
1193 466 1247 529 lli-

125 565 229 649 spalim
244 563 382 628 recurrit'
398 561 441 628 40
455 577 535 626 extr.
567 560 682 625 Eodem
705 563 855 646 pertinent
875 562 949 626 baec
964 585 1067 648 parum
1084 568 1202 651 proprie
1218 579 1248 632 et

126 679 266 731 accurate
282 668 376 731 dicta:
402 675 450 730 ‘ut
464 687 572 751 magno
588 677 687 729 tamen
704 663 834 748 periculo
849 686 989 730 accessus
1005 689 1109 731 eorum
1123 669 1248 734 babere-

126 769 185 834 tcr'
201 769 254 847 30,
272 769 309 847 53
337 770 457 833 ‘balista
478 770 570 831 missa
592 768 738 831 anostris
754 777 867 831 turrem
882 769 999 833 deiecit'
1017 770 1057 835 13
1073 781 1175 850 extr.;
1201 779 1249 836 ‘ut

126 894 218 959 prope
246 872 401 937 uideretur
428 872 515 936 finem
540 870 668 933 bellandi
690 872 814 934 duorum
837 871 976 935 dirimere
1000 872 1107 956 pugna’
1127 873 1182 952 25,
1207 874 1245 953 63

128 984 209 1040 ‘cum
239 987 354 1039 certum
384 974 602 1058 comperissent
630 973 797 1059 legatorum
827 995 973 1059 responsa
994 974 1036 1037 ita
1059 997 1127 1040 esse
1148 988 1247 1062 gesta,

126 1078 370 1162 quemadmodum
391 1076 435 1140 illi
458 1077 642 1141 retulissent'
664 1076 719 1155 22,
742 1077 775 1140 d.
807 1075 865 1140 llic
887 1078 917 1140 id
940 1078 1164 1162 uituperandum
1187 1092 1246 1160 est,

127 1183 205 1265 quod
227 1200 372 1264 responsa
394 1181 436 1243 ita
453 1191 539 1264 gesta
555 1181 713 1257 dicuntur,
737 1181 980 1261 quemadmodum
996 1180 1089 1264 legati
1104 1204 1250 1267 responsa

126 1284 318 1348 retulissent:
343 1284 417 1347 illud
437 1304 543 1347 uerum
567 1305 626 1346 non
651 1292 716 1359 est,
740 1282 819 1364 quod
837 1279 1040 1355 Scbneiderus
1064 1286 1107 1365 (in
1123 1287 1247 1369 specim.

127 1407 226 1450 nouae
249 1387 320 1449 edit.
347 1381 439 1449 Caes.
465 1408 573 1449 comm.
591 1384 679 1451 Vrat.
699 1383 796 1466 1829)
820 1384 857 1447 ad
874 1405 901 1446 c.
921 1383 952 1462 1,
968 1383 988 1447 7
1005 1387 1177 1466 annotauit,
1202 1408 1251 1450 re-

127 1488 275 1572 spondere
297 1487 473 1569 scriptorem
498 1488 634 1570 posuisse
657 1508 711 1570 pro
732 1487 857 1548 diceudo
880 1486 930 1549 uel
953 1487 1128 1570 eloquendo.
1167 1486 1249 1552 Nam

130 1599 289 1673 ‘responsa
310 1588 485 1672 legatorum’
508 1609 544 1653 ea
566 1589 735 1666 intellexit,
766 1608 842 1670 quae
867 1589 1112 1672 percontantibus
1135 1592 1250 1655 ciuibus

128 1693 220 1775 legati
244 1693 472 1775 exposuissent,
498 1703 529 1755 et
552 1692 604 1768 18,
628 1689 648 1754 5
671 1703 754 1755 recte
770 1692 893 1778 scripsit
909 1692 1077 1755 cohortanti
1093 1691 1249 1778 Pompeio,

129 1806 162 1859 ut
182 1793 302 1877 Ategua
324 1795 399 1856 elam
422 1794 459 1856 ab
480 1794 614 1858 obsessis
629 1795 839 1873 desereretur,
865 1802 968 1858 ‘unum
986 1795 1195 1878 respondisse,
1218 1805 1252 1860 ιιι

129 1898 229 1983 potius
252 1899 289 1960 ad
312 1896 509 1960 dimicandum
532 1896 768 1973 descenderent,
793 1916 878 1978 quant
902 1896 1020 1980 signum
1043 1899 1131 1982 fugae
1149 1909 1252 1962 osten·

130 1998 264 2076 derent',
289 1999 431 2080 siquidem
456 2020 515 2061 non
538 1999 735 2083 interroganti
758 1997 874 2075 solum,
897 1998 951 2062 sed
978 2000 1119 2081 quidlibet
1141 2001 1252 2064 dicenti

130 2100 361 2184 respondemus:
387 2123 415 2162 c.
435 2100 465 2179 l,
482 2100 502 2165 7
527 2113 626 2165 autent
645 2101 821 2183 ‘mediisque
836 2121 938 2164 eorum
954 2103 1108 2185 praesidiis
1124 2124 1188 2165 cum
1205 2125 1253 2165 cs-

131 2215 218 2281 seut,
242 2223 320 2266 unus
342 2224 384 2267 ex
406 2204 519 2267 uostris
542 2203 706 2288 respondit'
730 2216 798 2288 post
815 2205 938 2267 uerbum
963 2205 1106 2280 ‘essent',
1130 2215 1164 2267 nt
1179 2205 1253 2266 mul·

132 2306 171 2369 tis
186 2306 252 2369 aliis
267 2307 353 2370 buius
370 2306 437 2369 libri
451 2306 525 2370 locis
541 2308 683 2389 quaedam
706 2307 897 2370 exciderunt.
928 2306 1089 2370 Ablatiuus
1105 2308 1186 2370 solus
1202 2329 1253 2390 po-

132 2409 209 2472 situs
233 2419 298 2480 est,
323 2407 372 2470 ubi
395 2409 575 2493 praepositio
602 2420 667 2473 erat
688 2408 863 2485 adicienda,
889 2420 921 2472 ut
946 2409 1000 2472 ‘in'
1022 2409 1094 2486 tt‚4
1119 2418 1198 2472 ‘cum
1213 2430 1253 2474 ex

133 2511 257 2574 castello
278 2530 447 2594 repugnare
462 2511 650 2595 coepissent,
674 2512 895 2594 maioribusque
913 2512 1020 2574 castris
1036 2509 1162 2575 Caesari
1179 2534 1256 2576 nun·

132 2613 192 2675 tius
207 2622 289 2676 osset
303 2611 422 2676 allatns'
438 2622 469 2676 et
486 2611 537 2689 18,
555 2614 575 2678 3
593 2621 701 2696 ‘neque
718 2614 810 2677 licere
826 2615 934 2677 castris
950 2610 1010 2678 Cn.
1028 2612 1162 2697 Pompeii
1179 2636 1255 2677 nnn·

133 2713 239 2792 tiare',
267 2713 329 2779 ‘ex'
346 2714 398 2793 15,
415 2714 437 2778 2
461 2717 586 2798 ‘pedites
609 2717 671 2779 leui
693 2727 846 2780 armatura
862 2717 930 2780 lecti
947 2718 984 2780 ad
1000 2716 1137 2801 pugnam'
1154 2728 1185 2780 et
1199 2715 1253 2793 20,

132 2816 153 2880 4
179 2819 287 2881 ‘sancii
309 2818 424 2900 aliquot
446 2819 623 2881 occiderunt
642 2817 704 2882 leui
719 2819 891 2882 armatura'.
925 2814 1034 2883 ‘Clam’
1051 2819 1191 2882 adiuncto
1207 2841 1257 2882 ac·

133 2921 270 2985 cusatiuo
292 2921 436 3004 scriptum
460 2932 508 2985 est
529 2919 561 2997 3,
585 2920 617 2982 2.
649 2919 703 2996 35,
721 2921 741 2986 3
759 2932 790 2986 et
806 2943 847 2985 ex
862 2923 1033 2986 necessaria
1048 2921 1256 2985 emendatione

135 3021 194 3102 16,
220 3023 257 3101 l,
290 3025 373 3087 cuius
397 3022 621 3108 compositionis
644 3024 684 3088 ibi
704 3045 745 3088 ex
765 3021 873 3088 Plauto
896 3037 928 3089 et
949 3024 1095 3090 Terentio
1120 3023 1257 3108 exempla

134 3127 274 3209 ascripsit
295 3124 449 3190 Dauisins.
475 3122 512 3191 C.
531 3123 587 3203 40,
612 3124 628 3186 1
652 3127 779 3212 legitur:
807 3125 925 3191 ‘Didius
942 3130 1080 3211 proximo
1095 3149 1129 3191 se
1144 3127 1258 3209 recepit

134 3227 286 3304 castello',
311 3250 376 3291 cunr
399 3230 523 3293 castello
546 3228 659 3313 recipi,
682 3251 716 3292 se
737 3231 875 3313 recipcre
895 3231 927 3294 in
943 3231 1096 3295 castellum
1113 3232 1170 3293 dici
1186 3251 1258 3292 cen·

134 3330 243 3392 suerit.
275 3326 313 3392 C.
337 3329 381 3392 24
401 3342 484 3394 extr.
505 3342 610 3394 auctor
624 3334 764 3414 scripsit:
791 3333 844 3394 ‘ita
860 3334 953 3415 pridie
970 3335 1093 3396 duorum
1110 3333 1259 3397 centurio-

137 3453 206 3494 num
230 3432 364 3495 interitio
390 3432 444 3495 bac
472 3434 714 3496 aduersariorum
738 3455 833 3517 poena
856 3446 903 3497 est
924 3435 1036 3510 litata’,
1069 3458 1134 3498 cnm
1154 3433 1259 3497 interi-

137 3535 212 3597 tioni
233 3535 349 3597 litatum
371 3556 440 3600 esse
465 3535 566 3599 dicere
587 3536 720 3598 deberet.
752 3530 791 3596 (l.
812 3533 900 3609 13,5
922 3537 1043 3602 uerbum
1068 3536 1177 3601 ‘orare'
1194 3535 1260 3597 inli-

137 3639 263 3700 nitiuum
287 3638 452 3701 subiectum
474 3639 577 3700 habete
605 3636 724 3700 ‘missos
748 3639 846 3701 lacere
867 3638 1029 3719 loricatos,
1053 3641 1102 3724 qui
1119 3638 1259 3722 praesidii
1299 3673 1301 3677 ι

137 3760 229 3802 causa
251 3741 411 3823 praepositi
435 3740 541 3822 oppido
563 3762 580 3802 a
602 3737 746 3823 Pompeio
767 3753 887 3821 essent,
911 3744 1066 3820 orabant',
1098 3753 1131 3804 ut
1149 3739 1260 3823 Vergi-

138 3842 195 3905 lius
219 3842 295 3904 dixit
318 3841 386 3905 Ecl.
411 3842 444 3919 2,
469 3841 528 3922 433
552 3864 580 3904 c.
604 3841 657 3916 36,
682 3845 703 3908 2
725 3844 984 3910 ‘animaduertere'
1007 3867 1060 3927 pro
1086 3846 1261 3908 accusatiuo

138 3965 204 4007 cum
228 3944 376 4008 inlinitiuo
400 3945 572 4027 particulam
598 3944 671 4007 ‘ut':
699 3943 798 4028 ‘Quod
814 3942 932 4009 Caesar
953 3967 1020 4010 cum
1041 3947 1261 4011 animaduerte-

138 4056 206 4121 ret,
230 4047 257 4109 si
281 4047 417 4130 oppidum
440 4067 547 4130 capere
563 4048 775 4127 contenderet,
800 4059 833 4112 ut
847 4048 981 4112 homines
997 4049 1105 4133 perditi
1122 4049 1261 4113 incende-

138 4158 209 4212 rent
237 4159 269 4210 et
291 4151 409 4214 noenia
430 4149 592 4232 delerent'3
624 4173 652 4216 c.
676 4151 736 4230 33,
762 4151 782 4213 4
813 4149 980 4235 ‘imperare’
1003 4162 1035 4213 et
1055 4151 1262 4214 aecusatiuum

140 4270 205 4314 cum
227 4250 376 4316 infinitino
399 4263 431 4318 et
453 4255 649 4339 gerundiumz
675 4261 814 4320 ‘coenam
829 4253 929 4318 allerri
944 4274 1032 4335 quam
1048 4255 1190 4338 optimam
1205 4254 1261 4318 im·
