2684 4694
47 178 112 249 tlt
472 168 530 237 bu
552 165 698 237 natue
721 166 856 237 clvltt

108 369 176 416 sese
192 345 294 412 Sullae
317 343 520 427 dediderunt),
537 343 621 408 multi
643 352 799 428 praeterea
820 341 851 406 in
868 341 1010 407 finitimas
1024 342 1168 411 ciuitates
1183 367 1238 412 re-

72 451 268 538 dlnperuatq
293 447 438 533 signaque
459 447 600 512 militaria
622 467 664 510 ex
685 444 800 531 proelio
814 443 851 508 ad
868 439 1034 510 Caesarem
1049 458 1121 513 suut
1134 451 1238 517 relata

109 563 230 618 CLXXX
251 562 282 615 et
303 549 420 633 aquilae
434 559 516 613 Vllll.
548 547 587 613 L.
602 545 754 613 Domitius
775 568 816 612 ex
831 546 941 612 eastris
956 547 988 612 iu
1002 561 1133 614 montena
1149 554 1236 617 relu-

109 658 215 742 giens,
232 675 300 717 cum
316 653 397 717 uires
414 672 482 717 eum
497 651 673 716 lassitudine
688 650 888 730 defecissent,
904 651 942 715 ab
958 653 1106 736 equitibus
1121 665 1172 719 est
1185 656 1237 721 in·

109 760 266 824 terlectus.
1260 771 1279 823 a

51 862 120 934 100
205 856 320 922 Eodem
343 868 477 941 tempore
492 854 531 920 Ι).
547 853 671 922 Laelius
685 876 752 921 cum
767 855 865 921 classe
880 858 919 922 ad
934 855 1127 924 Brundisium
1148 861 1241 927 uenit

112 964 276 1045 cademque
290 960 419 1038 ratione,
430 979 488 1042 qua
503 960 611 1021 lactum
627 956 775 1024 ahibone
789 970 880 1024 antea
891 961 1171 1040 demonstrauimus,
1182 963 1236 1026 io-

75 1067 207 1133 2sulam
223 1063 369 1128 obiectam
385 1062 484 1146 portui
498 1057 682 1126 Brundisino
699 1062 806 1125 tenuit.
839 1058 987 1129 Similiter
1001 1062 1161 1143 Vatinius,
1178 1066 1236 1147 qai
1309 1111 1317 1123 .

111 1166 273 1235 Brundisio
288 1175 441 1250 praeerat,
458 1163 547 1228 tectis
560 1164 776 1248 instructisque
791 1164 910 1250 scapbis
925 1165 1028 1230 elicuit
1042 1186 1136 1231 naues
1149 1163 1236 1232 laee-

112 1271 209 1336 lianas
224 1279 312 1350 atqua
328 1287 368 1331 ex
383 1266 429 1330 bis
444 1265 564 1350 longius
580 1266 752 1351 productam
767 1288 856 1331 uuam
875 1268 1114 1353 quinqueremem
1129 1280 1162 1333 et
1176 1268 1236 1334 ni·
1264 1280 1299 1334 ld

112 1393 203 1438 nores
218 1371 292 1435 duas
307 1370 340 1433 in
354 1369 502 1453 augustiis
518 1379 620 1453 portus
635 1369 724 1453 cepit,
734 1369 866 1457 itemque
877 1391 931 1456 per
941 1372 1057 1454 equites
1068 1370 1236 1456 dispositos

76 1475 189 1560 daque
215 1474 375 1558 probibere
397 1471 570 1536 classiarios
591 1471 733 1536 instituit
773 1469 836 1537 Sed
856 1469 980 1537 Laelius
1002 1485 1136 1558 tempore
1158 1475 1237 1538 anni

113 1576 314 1643 commodiore
335 1594 407 1636 usus
424 1575 463 1637 ad
477 1573 677 1657 nauigandum
693 1575 842 1639 onerariis
857 1575 980 1639 nauibus
997 1572 1133 1659 Corcyra
1148 1574 1236 1661 Dyr·

114 1679 296 1762 rbacbioque
310 1696 416 1760 aquam
431 1675 496 1739 suis
511 1675 708 1760 subportabat
718 1698 816 1762 neque
828 1698 846 1742 a
858 1676 1007 1762 preposito
1019 1678 1232 1742 deterrebatur

78 1783 209 1866 lneque
232 1791 302 1845 aute
325 1779 468 1863 proelium
483 1778 514 1841 in
531 1777 694 1844 Thessalia
708 1782 818 1844 laetum
833 1779 982 1866 cognitum
995 1789 1048 1844 aut
1061 1779 1233 1863 ignominia
1263 1794 1299 1848 la

113 1884 290 1950 amissarum
306 1883 425 1946 neuim
441 1891 496 1945 aut
509 1882 749 1948 necessariarum
763 1904 864 1949 rerum
879 1883 978 1966 inopia
993 1903 1032 1946 ex
1048 1890 1134 1967 portu
1147 1885 1237 1949 insu·

56 1987 120 2059 1⁰1
128 1986 216 2070 laque
237 1985 347 2070 expelli
369 1985 476 2068 potuit.
506 1980 606 2049 lsdem
628 1987 693 2050 lere
712 1985 894 2070 temporibus
909 1981 1034 2049 Cassius
1050 2007 1116 2049 cum
1132 1985 1236 2052 classe

114 2087 260 2176 Syrunm
275 2099 308 2153 et
322 2085 505 2152 Pboeuicum
521 2098 553 2150 et
567 2083 695 2152 Cilicum
710 2089 743 2154 in
758 2085 892 2153 Siciliam
909 2087 1004 2166 uenit,
1022 2099 1133 2153 etcum
1147 2100 1233 2154 esset

114 2188 257 2258 cosam
272 2191 378 2256 classis
393 2189 490 2254 diuisa
504 2189 536 2254 iu
550 2190 625 2255 duas
640 2201 761 2275 partes,
779 2192 918 2256 dimidiae
931 2192 1008 2275 parti
1024 2200 1176 2275 praeesset
1189 2187 1229 2255 P.

113 2290 265 2380 Sulpicius
286 2306 408 2380 praetor
422 2292 542 2360 Vibone
563 2294 600 2358 ad
622 2295 751 2373 iratum,
775 2293 913 2358 dimidiae
928 2291 973 2357 M.
991 2291 1174 2378 Pomponius
1195 2293 1235 2359 ad
1256 2304 1294 2362 η

112 2398 308 2476 Messanam,
333 2398 415 2483 prius
432 2395 558 2463 Cassius
573 2398 611 2460 ad
625 2395 798 2462 Messanam
814 2397 941 2462 nauibus
955 2396 1127 2474 aduolauit,
1144 2416 1234 2481 quam

77 2500 295 2584 aPoopocias
325 2500 362 2562 de
384 2499 449 2563 eius
471 2499 602 2563 aduentu
632 2508 848 2584 cognosceret,
879 2500 1142 2584 perturbatumque
1165 2520 1231 2564 eum

113 2612 221 2668 nactus
245 2601 333 2665 nullis
357 2601 502 2665 custodiis
518 2622 615 2689 neque
631 2602 784 2667 ordinibus
800 2604 891 2668 certis
906 2622 1015 2688 magno
1030 2612 1123 2667 uento
1137 2612 1170 2665 et
1184 2622 1233 2667 se·

112 2706 209 2770 cundo
226 2704 387 2788 completas
403 2705 559 2768 onerarias
575 2725 668 2769 naues
685 2707 771 2770 taeda
786 2717 818 2771 et
828 2707 893 2789 piee
905 2717 937 2770 et
947 2715 1033 2789 stupa
1045 2704 1231 2788 reliquisque

112 2807 214 2886 rebus,
233 2828 308 2891 quae
324 2807 444 2872 suntad
459 2807 608 2884 iracundia,
624 2808 655 2872 in
667 2807 902 2894 Pomponianam
918 2809 1046 2873 classem
1060 2806 1175 2871 inmisit
1186 2817 1233 2872 at·
1256 2818 1303 2872 2⁵·

113 2933 172 2995 que
193 2931 297 2976 omnes
320 2930 414 2974 naues
428 2910 560 2974 incendit
574 2920 694 2990 xxxv,
720 2931 739 2975 e
753 2911 859 2994 quibus
875 2923 963 2975 erant
976 2921 1029 2975 xx
1042 2919 1225 2973 consuetae.

77 3012 97 3076 3
113 3012 292 3096 Tantusque
313 3034 351 3078 eo
367 3014 447 3078 lacto
462 3013 551 3076 timor
565 3013 709 3092 lucessit,
733 3024 784 3092 ut,
809 3035 875 3077 cum
891 3024 972 3078 esset
987 3012 1063 3097 legio
1078 3009 1228 3094 praesidio

112 3112 289 3193 Messanae,
306 3117 361 3179 uix
376 3116 513 3201 oppidum
529 3115 752 3197 defenderetur,
766 3128 796 3183 et
811 3117 870 3181 nisi
885 3137 921 3181 eo
936 3118 1002 3200 ipso
1017 3126 1149 3199 tempore
1163 3115 1231 3196 qui·

110 3214 177 3278 dam
194 3216 290 3279 nuntii
305 3217 342 3280 de
352 3214 494 3283 Caesaris
510 3218 635 3284 uictoria
653 3240 706 3304 per
720 3220 880 3305 dispositos
895 3220 1011 3302 equites
1021 3228 1124 3282 esseut
1132 3216 1227 3294 allati,

74 3317 326 3381 texisumlmt
341 3319 473 3403 plerique
489 3323 617 3385 laturum
634 3323 738 3400 luisse,
758 3324 801 3386 uti
817 3323 1015 3387 amitteretur.
1048 3317 1109 3383 Sed
1125 3338 1232 3403 oppor-
1255 3330 1292 3384 st

110 3420 267 3484 tunissime
282 3420 397 3484 nuntiis
413 3422 519 3488 adlatis
535 3425 703 3509 oppidumst
717 3426 890 3505 defensum3
908 3420 1093 3506 Cassiusque
1107 3424 1144 3486 ad
1161 3419 1232 3486 Sul-

87 3611 92 3617 ,
221 3542 232 3594 l
247 3541 335 3610 Syllae
349 3541 400 3609 (a),
416 3541 444 3592 P.
460 3543 549 3596 Sullae
563 3547 588 3597 b.
728 3547 889 3599 dbruudisii
904 3548 977 3597 ‘meu
991 3543 1026 3597 δ’.
1154 3543 1232 3594 seba·

102 3610 208 3687 'pbism
313 3619 482 3688 lleoepita.
589 3623 836 3692 dispositorem.
956 3621 1117 3687 ttaqmst.

111 3697 143 3749 ld
155 3696 351 3765 Dyrrachioque
365 3714 440 3765 quarn
452 3699 507 3749 suis
520 3716 546 3750 a.
683 3703 714 3755 tt
727 3702 908 3770 (subportabat
919 3704 947 3766 a)
961 3699 1079 3770 portabat
1092 3698 1117 3748 b.

110 3774 142 3827 lt
155 3775 236 3826 isdem
249 3791 276 3839 a,
290 3774 381 3826 iisdem
394 3791 422 3826 a.
528 3775 662 3829 Catinae.
769 3778 953 3833 taruanicam
966 3795 993 3830 u.
1113 3773 1233 3827 Celicum

109 3859 173 3904 ants
184 3869 255 3905 eurr.
269 3869 297 3905 a.
404 3855 435 3908 ld
449 3854 571 3907 dimidiae
583 3856 651 3923 parti
664 3859 705 3909 ab
719 3859 733 3910 t
746 3858 826 3921 dett,
841 3865 868 3908 at
880 3857 1002 3908 dimidiae
1014 3854 1082 3923 parti
1091 3868 1119 3903 a.

106 3928 141 3984 2⁰
153 3927 278 3980 Vibonem
291 3930 366 3980 add.
504 3934 534 3987 al
549 3933 621 4000 prius
633 3931 827 3988 -Messauaua
840 3950 893 3987 om.
907 3951 935 3986 a.
1061 3933 1096 3986 at
1109 3945 1190 3982 nauca
1203 3936 1232 3980 el

110 4007 187 4059 taeda
199 4012 264 4058 anta
277 4023 349 4058 corr.
363 4024 389 4059 a.
495 4012 528 4064 25
536 4011 693 4079 suutlsalso
706 4015 885 4067 Aedaiatrs'us
898 4017 928 4064 ἐκ
940 4029 957 4064 a
969 4022 1031 4081 apta
1044 4011 1113 4063 cada
1122 4014 1230 4061 amad.

215 4082 380 4149 Pomponiam
393 4086 419 4148 b,
433 4084 613 4153 Pompeianam
626 4106 642 4140 u
657 4091 731 4141 ‘msa
746 4097 773 4141 ct
786 4091 846 4142 edd.
860 4089 935 4157 qdod)
1089 4086 1189 4139 inmisit
1200 4103 1230 4138 a.

214 4161 346 4229 ddlulase]
361 4163 454 4215 essab.
558 4167 776 4218 admitteretura.
882 4167 1119 4234 oportunissimam

105 4238 277 4291 dladlatisa.
367 4241 964 4310 oppidumstego,oppidumluitcodd.P.187.
1046 4242 1229 4310 Casiusquea.
