2692 4688
53 222 118 293 auu
477 221 535 290 DE
557 220 702 292 sunto
725 222 858 292 ClVlLl

76 396 145 464 2el
156 391 295 462 Arimini?
311 394 456 475 babebat,
480 397 580 462 mittit.
613 394 709 462 Cuius
728 397 860 461 aduentu
876 396 996 481 cognito
1012 397 1122 461 diffisus
1138 400 1237 463 muni·

114 499 182 585 cipii
198 497 345 563 uoluntati
360 496 512 568 tlemus
528 500 667 567 cobortes
683 522 724 564 ex
739 499 814 564 arbe
829 499 946 564 reducit
960 511 992 562 et
1006 501 1149 584 profugit.
1175 499 1238 565 Mi-

112 601 181 666 lites
203 602 235 664 in
256 600 367 664 itinere
388 598 425 664 ab
449 621 485 665 en
509 602 667 667 discedunt
688 624 724 666 ac
752 603 868 666 domum
885 612 1092 667 reuertuntur.
1139 599 1236 668 Curio

77 702 228 769 dsumnm
244 702 373 767 omnium
390 703 544 768 uoluntate
559 702 695 789 Iguuium
712 705 828 788 recipit.
865 701 983 786 Quibus
999 704 1090 769 rebus
1106 707 1236 790 cognitis

95 807 244 871 'conlisus
267 804 494 889 municipiorum
519 808 720 872 uoluntatibus
737 803 854 870 Caesar
873 807 1013 870 cobortes
1029 807 1156 891 legionis
1171 819 1234 873 xllt
1257 823 1271 873 5

114 926 156 973 ex
176 907 333 994 praesidiis
356 907 474 978 deducit
496 909 720 993 Auximumque
742 908 959 993 proficiscitur3
990 909 1068 992 quod
1098 910 1235 995 oppidum

113 1009 217 1075 Attius
233 1008 405 1073 cohortibus
421 1009 599 1074 introductis
616 1010 737 1075 tenebat
752 1010 957 1094 delectumque
973 1021 1037 1075 toto
1048 1009 1161 1076 Piceno
1176 1014 1236 1076 cir-

57 1108 101 1184 18
116 1113 285 1178 summissis
300 1113 492 1176 senatoribus
509 1112 646 1176 babebat.
692 1112 833 1183 Aduentu
850 1109 994 1177 Caesaris
1011 1113 1131 1198 cognito
1146 1115 1236 1178 decu·

113 1212 216 1280 rienes
232 1214 355 1278 Auximi
378 1215 415 1278 ad
430 1215 544 1279 Attium
560 1212 676 1279 Varum
701 1218 872 1299 frequentes
894 1216 1093 1280 conueniunt:
1127 1216 1237 1281 docent

92 1356 95 1361 -
114 1316 164 1383 sui
176 1317 278 1381 iudicii
295 1338 357 1381 rem
375 1339 434 1381 non
457 1338 544 1396 esse3
569 1339 665 1401 neque
688 1338 722 1381 se
739 1339 834 1401 neque
849 1318 981 1401 reliquos
996 1317 1158 1402 municipes
1174 1320 1236 1403 pati
1260 1330 1293 1384 tt

85 1442 98 1465 ··
114 1440 205 1508 posse
221 1415 259 1483 C.
270 1414 433 1485 Caesarem
449 1421 673 1505 imperatorem,
691 1419 766 1484 bene
782 1421 818 1484 de
833 1421 985 1504 republica
1001 1420 1149 1498 meritum,
1168 1432 1235 1485 tan-

113 1523 153 1587 tis
168 1522 258 1586 rebus
274 1524 368 1606 gestis
383 1524 489 1606 oppido
504 1523 718 1605 moenibusque
734 1522 903 1608 prohiberi:
921 1522 1046 1606 proinde
1062 1523 1169 1586 babeat
1183 1543 1234 1586 ra·

78 1620 228 1689 tuanen
251 1624 436 1709 posteritatis
459 1636 490 1688 et
511 1626 631 1709 periculi
656 1625 713 1688 sui.
761 1622 895 1707 Quorum
923 1624 1059 1688 oratione
1081 1633 1233 1708 permotus

115 1725 216 1791 Varus
224 1727 416 1812 praesidium,
434 1727 741 1809 quodintroduxerat,
760 1749 798 1791 ex
808 1726 912 1812 oppido
923 1726 1022 1789 educit
1037 1747 1073 1789 ae
1088 1727 1230 1810 profugit.

62 1822 100 1893 18
116 1827 203 1893 llnnc
218 1850 259 1892 ex
275 1829 369 1914 primo
392 1830 496 1894 ordine
511 1831 597 1914 pauci
615 1826 757 1894 Caesaris
773 1828 926 1894 consecuti
941 1828 1050 1893 milites
1066 1828 1234 1893 consistere
1258 1840 1291 1893 11

78 1930 290 2014 leotgeruut.
322 1928 492 1996 Conmisso
514 1933 628 2016 proelio
651 1933 803 1997 deseritur
825 1954 843 1995 a
866 1932 930 1996 suis
945 1929 1067 1995 Varuse
1092 1931 1233 1995 nonnulla

116 2053 187 2120 pers
208 2033 333 2098 militum
357 2035 475 2099 domum
498 2035 643 2113 discedit3
666 2034 771 2118 reliqui
795 2035 831 2096 ad
849 2031 1014 2099 Caesarem
1036 2032 1231 2119 perueniunt,

83 2138 96 2145 ''
114 2146 203 2220 atque
219 2156 278 2201 unu
294 2156 359 2200 cum
375 2137 413 2201 iis
428 2138 591 2222 deprensus
608 2135 647 2200 L.
664 2133 789 2222 Pupius,
808 2138 893 2221 primi
910 2135 959 2222 pili
977 2136 1124 2214 centurio,
1142 2136 1234 2199 addu-

115 2239 212 2318 citur,
235 2239 285 2322 qui
309 2239 386 2303 bunc
408 2241 534 2306 eundem
556 2240 689 2304 ordinem
714 2240 744 2303 in
761 2240 899 2304 exercitu
915 2235 975 2303 Cu.
992 2237 1126 2322 Pompeii
1142 2247 1233 2302 antea

78 2341 99 2407 5
114 2342 255 2406 duxerat.
287 2342 330 2405 At
345 2339 463 2405 Caesar
478 2342 586 2406 milites
602 2342 743 2405 Attianos
759 2343 935 2418 conlaudat,
959 2337 1085 2426 Pupium
1101 2340 1234 2419 dimittit,
1257 2351 1291 2406 2⁰

112 2441 327 2507 Auximatibus
349 2444 413 2525 agit
436 2445 549 2526 gratias
572 2465 664 2527 seque
686 2465 789 2508 eorum
805 2444 875 2507 lacti
893 2464 1054 2507 memorem
1069 2445 1134 2508 lore
1151 2443 1234 2528 polli-

58 2542 103 2615 14
117 2555 214 2610 uetur.
247 2540 364 2625 Quibus
386 2545 476 2609 rebus
491 2545 616 2610 Romam
640 2547 782 2611 nuntiatis
804 2556 904 2609 tantus
928 2558 1052 2630 repente
1074 2556 1173 2610 terror
1187 2545 1233 2608 in·

114 2646 213 2723 unit,
231 2656 284 2724 ut,
310 2667 377 2710 cum
391 2645 541 2713 Lentulus
557 2650 661 2713 consul
677 2648 920 2733 adoperiendam
937 2648 1084 2711 aerarium
1099 2647 1235 2712 uenisset

114 2749 153 2816 ad
167 2749 323 2835 pecuniam
340 2746 482 2834 Pompeio
502 2772 541 2816 ex
557 2751 821 2816 senatusconsulto
845 2750 1073 2835 proferendam,
1098 2748 1234 2834 protinus

113 2852 219 2938 aperto
234 2852 387 2917 sanctiore
402 2853 520 2917 aerario
535 2874 577 2917 ex
591 2854 666 2917 urbe
681 2855 863 2938 profugeret.
899 2848 1016 2917 Caesar
1030 2852 1108 2916 enim
1125 2851 1236 2915 aduen·
1257 2861 1292 2913 tt

79 2952 181 3022 litare
197 2955 254 3018 iam
270 2953 389 3039 iamque
403 2965 434 3018 et
448 2956 554 3020 adesse
570 2956 635 3019 eins
651 2956 767 3040 equites
785 2955 860 3018 lalso
876 2955 1102 3019 nuntiabantur.
1145 2950 1233 3015 Hunc

79 3054 279 3125 amaracum
294 3057 410 3140 collega
425 3068 456 3121 ct
472 3057 602 3141 plerique
611 3057 964 3142 magistratuseonsecuti
978 3065 1057 3121 sunt.
1075 3049 1235 3118 Cn.Pom·

114 3159 200 3244 peina
217 3159 312 3244 pridie
335 3158 399 3222 eius
419 3158 477 3223 diei
500 3180 541 3222 ex
563 3160 635 3223 urbe
651 3162 803 3244 prolectas
818 3159 877 3224 iter
892 3161 928 3223 ad
945 3159 1078 3244 legiones
1094 3156 1234 3235 babebat,

6 3250 14 3276 '
116 3282 190 3346 quas
206 3283 223 3325 a
240 3258 374 3324 Caesare
389 3273 527 3346 acceptas
543 3262 574 3325 iu
589 3261 697 3345 Apulia
715 3262 904 3326 bibernorum
928 3282 1019 3324 eausa
1035 3261 1232 3344 disposuerat.

79 3361 259 3451 4Delectus
281 3362 361 3425 eirca
384 3361 486 3427 urbem
510 3363 765 3430 intermittuntur:
790 3364 863 3428 nibil
886 3363 961 3426 eitra
986 3358 1119 3445 Capuam
1143 3371 1235 3424 tutum
1259 3372 1292 3423 3⁰

114 3486 183 3530 esse
193 3463 328 3528 omnibus
345 3464 475 3529 uidetur.
493 3460 616 3552 Capuae
632 3467 755 3551 primum
772 3488 840 3531 sese
855 3467 1032 3529 confirmant
1047 3474 1078 3528 et
1093 3464 1237 3548 colligunt

226 3603 237 3655 l
252 3601 368 3654 Arimino
381 3604 432 3655 ab.
556 3606 711 3672 municipum
725 3605 772 3656 ed.
900 3607 916 3657 2
930 3602 1058 3655 uoluntati
1072 3599 1233 3665 Stephanus,

116 3679 258 3735 uoluntatis
271 3682 311 3731 ab
319 3700 329 3746 ,·
343 3681 478 3731 uoluntate
490 3697 548 3732 cum
564 3681 670 3746 aliquot
683 3682 750 3732 dett.
766 3697 793 3731 u.
929 3679 1030 3731 reducit
1042 3676 1130 3737 coitu,
1146 3675 1236 3726 educit

115 3757 204 3814 Aldus
217 3773 245 3808 as.
351 3755 388 3824 et]
403 3770 433 3806 ue
447 3758 472 3808 b.
577 3757 591 3808 l
607 3772 705 3809 summa
717 3757 827 3807 omnium
838 3756 1025 3823 uStepliaaur,
1041 3751 1152 3803 omnium
1166 3767 1235 3802 snm-

116 3849 158 3889 ιιι
170 3839 275 3885 ceterae
287 3832 348 3886 edd.
487 3832 503 3882 b
517 3832 655 3883 reducite.
804 3834 1000 3900 Anrlminmque
1014 3835 1040 3880 et
1053 3831 1068 3881 ll
1082 3827 1196 3880 Auximii
1210 3829 1234 3878 b.

225 3912 240 3964 7
254 3911 344 3965 Aetius
358 3927 375 3962 c
387 3915 415 3960 et
426 3911 467 3959 ric
479 3915 529 3960 aut
540 3911 634 3961 Accius
651 3909 735 3960 ‘allt’.
891 3911 1063 3973 dilectumque
1077 3908 1126 3959 ud.

116 3988 238 4044 tuarum
251 4004 278 4041 a.
401 3984 433 4037 ld
446 3987 587 4050 co‘e'gerunt
601 4002 617 4036 a
633 3986 705 4037 ‘maa
719 3984 753 4046 7³,
768 3994 865 4051 coguut
877 4003 904 4038 u.
1019 3983 1051 4035 18
1064 3983 1205 4053 deprensus
1218 3998 1235 4032 u

116 4068 140 4133 d,
155 4066 331 4136 deprebensae
344 4081 372 4119 u.
479 4060 523 4128 L.]
536 4062 601 4114 Sbu
610 4065 625 4114 b
634 4063 661 4115 d.
766 4064 801 4118 2⁰
814 4064 956 4116 conlaudat
967 4079 994 4116 u.
1101 4062 1198 4130 Plpium
1207 4076 1234 4112 a.

223 4144 253 4198 21
269 4140 429 4195 Auximabur
440 4154 469 4207 a,
483 4139 645 4192 Auximablis
660 4140 684 4190 b.
789 4141 822 4193 25
834 4142 990 4192 eauelcrec.
1095 4139 1128 4192 2⁹
1142 4137 1236 4204 hyber-

116 4236 206 4279 oerum
218 4236 246 4271 a.
351 4215 384 4268 ³0
397 4214 509 4269 dilectus
523 4231 540 4265 a
555 4217 628 4268 ‘maa
644 4215 677 4266 δ’.
783 4215 854 4267 circa
867 4232 934 4284 ego,-
947 4218 1013 4269 eitra
1027 4233 1057 4285 u,
1073 4221 1165 4271 contra
1180 4216 1234 4276 δας

90 4364 92 4373 Ι
114 4300 183 4351 latre
195 4313 224 4348 u.
330 4293 360 4354 ³¹
376 4289 446 4361 sere]
459 4306 520 4345 ease
531 4309 548 4344 a
563 4295 636 4345 ‘msc
652 4293 686 4346 7’.
