2692 4688
514 206 836 274 ..235-

107 381 187 458 ‘pers
203 383 253 437 est
266 373 419 456 deiecta’),
437 379 608 441 necessario
624 388 735 457 umen,
754 390 788 444 ut
802 380 937 463 proxima
953 379 1073 467 adiungi
1089 396 1225 468 possent,

104 477 314 540 declarandum
330 488 415 554 erat,
438 499 495 562 qus
509 480 627 544 ratione
642 482 751 546 milites
766 482 811 547 illi
826 479 1021 562 Caesariani,
1045 484 1094 567 qui
1109 497 1224 569 partem

103 581 179 645 muri
194 580 384 658 deiecerant,
408 580 440 643 in
462 591 638 663 potestatem
654 584 865 666 oppidanorum
882 585 1098 668 peruenissent.
1137 587 1225 653 Alte-

101 702 166 746 rum
181 682 343 759 deiectum,
361 702 447 764 quem
463 692 531 765 post
553 685 745 748 ‘conseruati'
762 686 877 758 notaui,
894 686 957 750 sola
973 687 1089 768 quidem
1105 700 1226 753 senten·

103 785 160 863 tis,
184 785 241 849 sed
263 783 453 868 apertissime
474 785 597 849 iudicat.
628 785 710 850 Nam
730 808 828 869 neque
844 788 953 851 milites
970 785 1172 855 Caesarianos
1187 792 1224 854 ab

102 886 256 972 oppidanis
271 897 468 950 conseruatos
490 887 642 970 probabile
665 899 712 951 est
727 885 889 953 Caesarem
905 910 1029 965 orasse,
1056 901 1088 953 ut
1111 892 1224 974 praesi-

102 988 180 1053 dium
193 985 411 1071 Pompeianum
429 989 609 1062 dimitteret,
633 1000 682 1065 et,
706 999 741 1053 ut
763 988 818 1052 boc
833 989 874 1052 ita
890 993 999 1054 lactum
1016 1006 1117 1069 esset,
1142 1004 1224 1058 certe

102 1090 357 1170 directionem,
382 1111 467 1173 quem
483 1100 640 1168 orassent,
657 1091 785 1173 itemque
808 1092 970 1175 oppidanos
987 1094 1112 1158 dedendi
1127 1096 1224 1179 oppidi

101 1192 257 1257 eonsilium
280 1193 397 1276 cepisse
419 1202 451 1255 et
471 1202 574 1276 captos
593 1191 704 1256 milites
727 1187 930 1257 Caesarianos
950 1195 1106 1261 remisisse
1126 1196 1223 1280 iisqne

100 1295 278 1373 manmsse,
303 1306 337 1358 ut
350 1294 542 1359 condiciones
558 1293 682 1358 dedendi
697 1295 795 1378 oppidi
810 1296 846 1358 ad
863 1291 1026 1360 Caesarem
1041 1300 1222 1380 perterrent.

101 1396 214 1464 Verum
236 1397 401 1482 oppidanos
424 1416 477 1478 per
497 1397 613 1479 legatos
636 1417 676 1459 ex
699 1418 754 1459 suo
777 1418 903 1460 numero
919 1399 1109 1463 condiciones
1125 1401 1223 1483 perle-

99 1500 209 1565 rmdas
221 1517 347 1562 curasse
357 1497 499 1560 interiora
511 1500 620 1561 docent
643 1495 700 1561 ‘lbi
719 1519 785 1561 cum
805 1500 836 1563 in
849 1501 985 1585 oppidum
997 1501 1218 1566 reuertissent’:

100 1620 195 1684 seque
210 1600 290 1665 enim
299 1594 503 1663 Caesarianos
519 1601 628 1665 milites
644 1600 988 1684 aboppidauisdimissos
999 1625 1065 1666 cum
1075 1599 1221 1668 Caesaris

97 1723 257 1787 responso,
276 1701 354 1784 quod
370 1702 516 1779 refertur,
539 1705 571 1766 in
586 1704 721 1787 oppidum
738 1724 894 1788 regressos
915 1726 983 1769 esse
999 1705 1140 1768 credibile
1156 1717 1213 1769 est.

101 1802 260 1870 Lacunam
274 1814 375 1868 autem
390 1803 458 1866 inde
480 1815 576 1869 ortum
598 1806 760 1883 existimo,
786 1807 863 1888 quod
887 1807 1029 1890 scriptum
1052 1818 1118 1871 erat
1135 1813 1220 1869 ‘con-

96 1907 214 1972 seruati
229 1906 373 1989 missique
388 1916 460 1968 suut
473 1906 573 1986 laeti’,
596 1908 638 1971 ita
653 1918 686 1971 ut
709 1908 776 1971 bino
792 1909 829 1970 ad
844 1908 936 1971 uerba
961 1908 1089 1974 ‘missos
1111 1907 1222 1972 lacere'

94 2008 306 2074 aberraretur.

189 2104 228 2171 ln
243 2109 382 2174 extremis
397 2112 499 2176 uerbis
514 2133 541 2174 c.
561 2111 601 2175 lt
623 2109 704 2194 ‘Qui
726 2133 793 2174 cum
816 2112 914 2193 aliquo
930 2112 997 2175 loco
1011 2134 1029 2176 a
1044 2114 1156 2177 nostris
1171 2134 1221 2176 rc-

96 2212 180 2297 cepti
196 2222 311 2291 essem,
328 2223 360 2276 ut
373 2225 582 2288 consuessent,
607 2235 647 2278 en
662 2215 751 2277 simili
767 2214 880 2278 uirtute
896 2213 1026 2277 clamore
1041 2216 1119 2277 lacto
1134 2236 1223 2279 uuer-

97 2317 158 2380 sati
172 2326 244 2380 sunt
258 2315 403 2399 proelium
418 2317 528 2381 lacere’
544 2316 753 2380 coniunctiuus
779 2314 1014 2379 ‘consuessent'
1032 2315 1153 2379 tolerari
1169 2335 1223 2378 ue·

99 2419 186 2500 quit3
209 2417 281 2496 sed,
303 2419 451 2500 quomodo
466 2419 540 2483 baec
556 2419 739 2482 emendanda
754 2419 835 2496 sint,
860 2439 920 2486 uun
941 2417 1070 2501 reperio.
1110 2413 1222 2481 Cetera

99 2529 202 2583 tamen
216 2530 298 2583 recta
313 2530 395 2582 sunt.
425 2518 506 2583 Nam
521 2522 614 2584 uerba
636 2529 697 2585 ‘ex
717 2520 807 2585 simili
823 2518 952 2584 uirtutc‘
975 2541 1029 2603 per
1050 2519 1221 2583 irrisionem

100 2622 251 2686 dicuntur.
285 2617 327 2684 Vt
349 2624 426 2685 euim
442 2622 637 2708 Pompeiani,
661 2645 727 2687 cum
752 2624 924 2687 cedentibus
941 2619 1136 2691 Caesarianis
1157 2621 1222 2691 lon·

99 2724 166 2807 gius
181 2724 461 2809 progrediebantur,
478 2727 619 2790 uirtutem
635 2726 700 2790 siue
715 2726 846 2809 periculo
862 2726 1058 2800 simulabant,
1075 2726 1136 2800 ita,
1154 2745 1220 2786 cum

100 2827 313 2911 congrediendi
334 2829 418 2910 copia
442 2839 540 2907 esset,
569 2830 640 2892 lorti
660 2828 792 2892 clamore
811 2828 960 2910 ignauiam
983 2825 1145 2908 tegebant,
1169 2824 1222 2886 sed

102 2949 296 3012 congressum
311 2929 491 2995 abnuebant.

182 3031 276 3097 Prior
295 3053 365 3116 pars
388 3054 416 3096 c.
442 3031 482 3096 15
503 3032 713 3115 interpolando
734 3041 876 3113 corrupta
900 3041 958 3095 est.
1004 3027 1107 3092 Prima
1130 3027 1223 3090 uerbo

101 3135 170 3201 brec
184 3146 277 3201 suut:
303 3132 394 3204 ‘Fere
415 3136 491 3219 apud
513 3133 667 3203 exereitus
691 3133 765 3196 baec
788 3143 835 3196 est
857 3133 1006 3215 equestris
1029 3129 1135 3215 proelii
1152 3150 1223 3192 con·

102 3239 243 3303 soaudor
269 3258 337 3300 cum
358 3257 448 3321 eques
463 3239 499 3302 ad
515 3234 712 3299 dimicandum
729 3233 849 3297 dimisso
866 3255 944 3316 equo·
957 3255 1023 3297 cum
1039 3233 1137 3316 pedite
1151 3252 1223 3295 cun·

101 3342 246 3424 gredilur,
263 3360 447 3423 nequaquam
463 3339 667 3424 paruolum.
699 3334 732 3399 ld
749 3337 825 3419 quod
842 3337 874 3399 iu
890 3337 945 3399 boc
960 3337 1069 3401 accidit
1083 3333 1220 3418 proelio'.

100 3438 214 3507 Verum
235 3441 314 3525 quod
337 3463 426 3526 supra
448 3443 683 3506 demonstratum
699 3449 764 3515 est,
791 3459 975 3521 nequaquam
996 3440 1027 3502 in
1051 3457 1087 3502 eo
1109 3435 1223 3520 proelio

100 3546 219 3623 accidit,
236 3546 315 3628 quod
331 3544 470 3626 deinceps
485 3544 635 3618 refertur,
654 3541 705 3605 sed
722 3540 808 3624 plane
824 3541 1019 3604 contrarium.
1052 3535 1129 3603 Cum
1145 3537 1223 3603 enim

101 3648 216 3732 equites
231 3643 410 3711 Caesariani
433 3665 498 3709 cum
520 3645 669 3728 peditibus
685 3641 819 3730 Pompeii
843 3643 997 3726 congressi
1019 3661 1058 3704 ex
1075 3641 1158 3724 equis
1174 3640 1224 3703 de·

100 3752 309 3827 scendisseot,
334 3769 369 3812 ea
392 3768 428 3810 re
442 3748 552 3811 uicisse
567 3744 767 3831 Pompeianos
783 3745 932 3808 dicuntur.
963 3743 1072 3825 Neque
1095 3742 1224 3824 equitem

100 3854 188 3938 pediti
206 3873 308 3938 parem
323 3871 390 3915 esse
406 3849 537 3913 habitum
553 3871 594 3914 ex
609 3847 701 3914 Caes.
719 3850 749 3912 b.
769 3846 848 3911 Gall.
868 3847 908 3926 V,
928 3846 979 3925 16,
997 3845 1018 3909 2
1033 3844 1222 3930 perspicitur,
1322 3916 1324 3926 .

102 3957 147 4039 qui
161 3956 282 4040 equites
298 3975 370 4018 suos
385 3973 493 4038 magno
518 3974 585 4017 cum
601 3952 733 4037 periculo
750 3972 816 4014 cum
833 3950 992 4015 essedariis
1008 3947 1224 4012 Britannorum

101 4057 259 4123 dimicasse
273 4058 388 4130 refert,
411 4066 570 4140 propterea
593 4056 671 4138 quod
694 4055 723 4119 bi
738 4075 779 4118 ex
795 4055 910 4119 essedis
926 4053 1083 4116 desilirent
1097 4062 1129 4115 ct
1143 4050 1225 4135 pedi-

101 4159 151 4226 bus
166 4161 280 4246 dispari
295 4159 411 4245 proelio
426 4160 655 4223 contenderent.
687 4156 792 4241 ltaque
807 4157 858 4221 illa
883 4156 1023 4220 ‘dimisso
1045 4154 1139 4238 equo’
1163 4171 1225 4213 rna-

100 4266 194 4348 gistro
207 4274 334 4350 occepta
348 4263 412 4342 tuli,
429 4272 464 4327 ut
477 4282 525 4344 ap.
544 4257 636 4327 Caes.
653 4261 681 4325 b.
698 4261 756 4327 ciu.
775 4257 832 4341 ΙΙΙ,
849 4256 903 4338 69,
920 4257 942 4322 4
958 4257 1100 4323 ‘dimissis
1116 4250 1221 4334 equis'.
