2692 4688
494 155 816 222 ..199-

97 330 175 395 satis
187 348 299 394 causae
323 327 419 392 uisum
437 339 484 392 est
498 325 633 405 Vberto,
663 349 716 392 cur
730 330 761 393 in
776 328 923 415 Hispania
936 332 1030 396 luisse
1045 339 1220 413 negaretur.

96 432 213 498 Eade-
233 452 325 494 causa
347 441 396 494 est
417 450 537 508 eorum,
561 451 636 515 quae
659 432 687 515 ς.
706 427 728 495 6
748 430 844 497 eiusd.
862 455 891 496 c.
907 434 940 497 in
961 433 1044 497 codd.
1063 433 1220 515 legunture

98 530 240 599 ‘Cassius
256 533 302 596 bis
317 533 408 597 rebus
423 532 564 597 incensus
580 544 679 599 mouet
694 544 793 598 castra
816 543 846 598 et
862 546 983 619 postero
998 536 1045 599 die
1061 531 1222 617 Segouiam

96 639 134 702 ad
148 637 259 700 flumen
275 632 437 699 Siciliense
453 635 558 699 uenit’.
583 634 667 699 Nam
682 637 759 719 quod
776 633 936 722 Segouiam
950 638 983 701 iu
999 637 1139 701 citeriore
1154 656 1223 720 pro·

95 740 194 804 mucia
210 748 424 803 commemorat
438 734 519 801 an.
537 737 608 801 bist.
627 748 690 801 nat.
708 734 771 817 ΙΙΙ,
788 737 828 816 3,
851 737 906 814 27,
930 740 1003 804 nibil
1026 739 1142 817 obstat,
1165 758 1223 820 quo

95 843 194 906 ιιιὶιιιιε
210 842 296 924 plura
304 840 410 923 oppida
425 838 512 903 buius
521 839 663 917 nominis,
679 840 748 904 item
762 842 940 920 utaliorum,
950 839 1144 923 iullispauiis
1160 841 1224 904 loc-

95 945 168 1010 riut.
200 939 360 1007 Siciliense
384 961 456 1005 uero
472 940 580 1004 llumen
596 942 628 1005 in
644 941 789 1028 Hispania
804 943 982 1028 appellatum
997 964 1065 1008 esse
1080 944 1154 1007 satis
1170 942 1224 1004 mi·

95 1069 160 1111 rum
176 1056 236 1110 est.
263 1041 309 1109 Be
324 1040 441 1126 Singuli
458 1043 549 1107 fluuio
563 1044 622 1107 iam
638 1045 846 1130 cogitauerunt
860 1047 1052 1130 interpretes.
1082 1044 1116 1109 ld
1132 1045 1225 1128 igitar

96 1148 133 1213 ab
154 1146 258 1213 Bittio
281 1146 411 1210 ‘llumeu
426 1143 628 1229 Singiliense’
652 1148 833 1211 nominatum
855 1149 996 1211 existimo
1019 1146 1170 1210 adiectiuo
1186 1145 1224 1209 de

97 1250 205 1336 Singili
221 1250 329 1332 oppido
345 1251 468 1326 usitato,
486 1259 519 1312 ut
534 1267 573 1311 eu
589 1249 739 1332 iuscriptt.
758 1247 1075 1315 notauitFurlauettus
1090 1243 1220 1310 inlt'orc.

96 1355 209 1419 lexico.
235 1347 363 1415 Cassius
380 1347 533 1414 Carmona
550 1346 721 1414 Cordubam
738 1352 923 1416 contendens
939 1354 1036 1415 altero
1059 1351 1106 1414 die
1128 1346 1224 1433 Sego·

98 1459 173 1521 uiam
189 1454 277 1519 uenit
291 1451 360 1534 (57,
377 1450 409 1514 2.
428 1450 484 1528 59,
501 1450 553 1532 3)=
573 1449 707 1537 Singulis
722 1465 841 1531 autem,
865 1454 960 1536 quiin
977 1450 1095 1516 Baetim
1117 1452 1224 1516 influe·

99 1560 156 1637 tat,
172 1579 193 1622 a
208 1553 354 1620 Corduba
368 1576 427 1618 uon
443 1554 531 1640 longe
547 1566 614 1618 erat
629 1567 773 1620 remotus.

177 1655 219 1725 C.
237 1656 281 1723 58
296 1658 369 1722 baec
384 1658 415 1720 in
431 1656 516 1720 codd.
534 1656 690 1741 leguntur:
711 1655 848 1722 ‘interim
856 1655 989 1723 Thorius
1004 1659 1042 1722 ad
1050 1652 1222 1722 Cordubam

96 1774 214 1827 ueteres
230 1760 367 1844 legiones
382 1761 521 1840 adducit;
544 1780 598 1836 ac,
621 1781 657 1823 ne
673 1760 871 1825 dissensionis
886 1760 1006 1825 initium
1027 1769 1128 1824 natum
1143 1760 1222 1823 sedi·

97 1867 172 1931 tiosa
194 1863 319 1927 militum
342 1883 456 1944 suaque
479 1871 584 1925 natura
606 1862 777 1940 uideretur,
802 1861 891 1927 simul
914 1874 946 1926 ut
966 1873 1072 1926 contra
1088 1858 1126 1944 Q.
1146 1856 1223 1925 Gas-

95 1969 189 2042 sium,
207 1966 258 2049 qui
271 1961 414 2031 Caesaris
430 1964 550 2027 nomine
566 1964 725 2027 maioribus
742 1963 855 2027 uiribus
871 1965 914 2029 uti
930 1966 1103 2043 uidebatur,
1127 1983 1224 2048 acque

97 2078 254 2153 potentem
268 2076 428 2152 opponeret
442 2065 635 2149 dignitatem,
661 2061 720 2130 Cu.
739 2063 880 2148 Pompeio
897 2087 930 2129 se
946 2068 1129 2151 prouinciam
1145 2064 1222 2130 reci·

97 2191 209 2257 pecare
232 2171 307 2234 aelle
328 2172 423 2255 palam
447 2167 612 2232 dictitabat.
645 2165 687 2230 Bt
708 2167 834 2231 forsitan
858 2168 945 2231 etiam
961 2169 1017 2231 boc
1034 2169 1140 2232 iecerit
1154 2167 1222 2231 odio

97 2271 243 2341 Caesaris
257 2285 290 2336 et
302 2293 404 2337 amore
418 2269 564 2355 Pompeii,
582 2269 668 2333 cuius
683 2289 791 2332 nomeu
807 2270 929 2334 multum
946 2279 1065 2353 poterat
1078 2269 1154 2352 apud
1171 2289 1224 2334 cas

97 2378 246 2461 legiones,
262 2396 336 2460 quas
351 2372 396 2439 bt.
415 2373 514 2437 Varro
530 2372 713 2436 obtinuerat.
746 2367 809 2437 Sed
822 2372 865 2449 id,
883 2393 939 2454 qua
956 2383 1070 2446 mente,
1094 2391 1224 2435 commu·

99 2481 145 2544 nia
160 2488 228 2544 erat
242 2477 435 2542 coniectura:
453 2485 536 2538 certo
553 2475 609 2539 boc
626 2496 696 2559 prae
711 2496 746 2539 se
759 2473 892 2539 'l'borius
909 2474 1035 2541 larebat'
1051 2485 1124 2538 cett.
1140 2471 1223 2539 Nam

98 2581 192 2646 uerba
216 2581 289 2646 ‘sed
304 2580 346 2656 id,
370 2598 427 2661 qua
443 2588 554 2654 mente,
571 2578 736 2642 communis
756 2588 822 2642 erat
844 2576 1034 2644 coniectura'
1049 2579 1091 2643 ita
1110 2577 1223 2662 scripta

97 2681 367 2751 continuanium
383 2680 469 2744 codd.
499 2675 584 2761 Quae
600 2680 626 2744 si
642 2699 678 2744 eo
694 2679 781 2744 modo
797 2680 1031 2765 distinguuntur,
1048 2692 1082 2744 ut
1095 2680 1172 2761 leci,
1190 2691 1224 2745 ut

98 2786 189 2852 uerba
206 2795 285 2870 ‘qua
305 2779 414 2848 mente'
430 2782 641 2866 explicationis
657 2804 748 2847 causa
763 2783 930 2866 pronomini
947 2782 1133 2858 adiciantur,
1151 2781 1225 2846 nibil

99 2889 220 2965 babeat,
245 2887 323 2971 quod
338 2885 516 2968 reprebendi
532 2885 638 2968 possit.
668 2883 750 2950 Nam
765 2895 796 2948 et
813 2886 948 2949 ‘laceret’
965 2882 1224 2968 exsuperioribus

99 2991 199 3057 uerbis
217 2998 263 3055 ‘ct
280 2989 408 3053 forsitan
422 2988 512 3052 etiam
528 2988 583 3051 boc
593 2987 706 3053 iecerit’
724 2997 806 3052 recte
820 2986 1017 3068 intellegitur,
1035 2995 1066 3050 et
1082 2991 1225 3050 ‘commu-

98 3093 143 3160 nis
158 3090 345 3158 coniectura’
362 3091 480 3167 dicitur,
499 3111 574 3172 quae
595 3099 660 3152 erat
675 3089 818 3151 omnium.
856 3085 962 3169 ltaque
979 3088 1034 3150 boc
1057 3087 1128 3150 dicit
1152 3086 1225 3152 llir·

100 3197 178 3274 tius,
210 3193 357 3258 Thorium
381 3213 415 3256 re
438 3212 510 3257 uera
530 3188 674 3274 Pompeio
698 3189 881 3272 prouinciam
898 3187 1067 3272 reciperare
1090 3189 1168 3254 uelle
1191 3211 1224 3254 o·

99 3317 184 3363 mnes
206 3295 444 3381 auspicabantur:
469 3305 582 3359 certum
599 3294 655 3359 boc
671 3303 734 3370 est,
757 3313 824 3356 eum
848 3291 923 3355 banc
946 3292 1128 3358 uoluntatem
1137 3293 1225 3382 [prae

98 3419 130 3465 tc
142 3398 263 3463 tulisse.

184 3498 272 3583 Quae
287 3498 570 3583 degenerassent,
590 3495 627 3559 la
648 3494 767 3562 ‘Paucis
784 3497 888 3562 diebus
897 3493 997 3562 Cassii
1012 3496 1121 3561 litteris
1136 3518 1224 3563 acoe-

99 3604 157 3688 ptis
180 3624 240 3668 rex
254 3599 363 3685 Bogud
383 3624 450 3667 cum
474 3601 568 3686 copiis
591 3600 675 3665 uenit
695 3600 889 3684 adiungitque
904 3601 931 3665 ei
946 3600 1113 3686 legionem,
1139 3622 1224 3688 quam

97 3728 201 3773 aecum
217 3706 401 3783 adduxerat,
418 3704 643 3787 compluresque
659 3704 798 3767 cobortes
814 3704 989 3766 auxiliarius
1001 3701 1225 3787 Hispanorum',

98 3809 174 3875 baec
190 3808 241 3886 iia,
259 3828 335 3890 quae
350 3817 527 3891 sequuntur,
543 3816 723 3890 repugnant.
748 3802 827 3869 Nam
844 3805 902 3890 §.3
918 3816 1059 3869 narratur
1072 3803 1227 3891 Bogudem

98 3932 117 3976 a
131 3911 371 3989 munitionibus,
394 3910 499 3993 quibus
516 3904 642 3972 Cassius
658 3907 746 3973 Vliae
762 3909 881 3973 clausus
896 3909 1105 3988 obsidebatur,
1128 3908 1227 3994 repul-

99 4036 167 4079 sum
182 4013 486 4097 seconiungerecum
496 4032 531 4074 eo
540 4012 689 4094 nequisse.
707 4008 793 4095 Quod
802 4012 828 4075 si
837 4013 1015 4096 adiungendi
1024 4014 1145 4077 uerbum
1154 4014 1227 4098 bgu-

100 4127 166 4181 rate
181 4117 314 4200 positum
329 4115 577 4198 interpretamur,
602 4134 638 4177 ea
656 4114 874 4197 significatione
897 4115 1066 4179 cohortibus
1082 4112 1227 4198 Hispanis

102 4219 303 4297 conueniret,
328 4240 390 4283 uon
411 4217 482 4281 item
505 4216 617 4302 legioni
632 4213 780 4301 Bogudis,
805 4240 891 4303 quae,
917 4240 984 4282 cum
1000 4219 1087 4282 buius
1101 4214 1227 4297 imperio
