2692 4688
461 196 957 303 conruvucsueo-te
1257 212 1321 281 rau

136 400 215 453 eruto
229 383 384 466 relinquit.
415 381 540 449 Fratres
558 383 687 450 [sitonici
704 406 770 450 cnm
786 385 990 472 conprehendi
1005 385 1155 465 iussisset,
1174 385 1261 472 paulo

136 499 208 554 ente
223 486 337 571 reperit
351 485 388 549 sd
406 486 506 551 hostes
524 488 650 572 fugisse.
692 488 878 553 Adhortatus
893 488 1015 566 milites,
1032 509 1070 552 nc
1086 489 1259 554 necessario
1273 486 1296 555 1

135 603 272 676 tempore
284 588 405 653 itineris
421 588 522 654 lulore
539 603 791 675 permaneantur,
816 591 1014 675 cupidissimis
1034 590 1170 654 omnibus
1189 612 1260 676 pro-

135 712 261 780 gressos
276 691 358 755 milis
374 710 514 776 persuum
527 703 716 778 xxvegmen
725 692 917 758 Haeduorum
932 691 1121 778 conspicatus
1136 692 1261 758 inmisso

100 806 116 860 t
139 796 273 879 equitatu
295 794 358 857 iter
378 813 481 858 eorum
504 806 744 880 moraturatquc
758 796 872 881 inpedit
886 795 1095 877 interdicitque
1110 794 1259 874 omnibns,

137 918 176 962 ne
189 890 367 985 quemquem
390 896 581 960 interficiant.
614 897 849 983 Eporedorigem
873 908 904 963 et
921 896 1162 975 Viridomarum,
1187 896 1297 981 quood

137 999 181 1065 itti
195 1001 373 1064 interfectos
388 1000 623 1079 existumabunt,
652 1002 733 1065 inter
747 1001 864 1086 equites
881 1000 998 1064 uersari
1014 1019 1145 1086 suosque
1161 1000 1261 1086 appel·

137 1101 202 1166 lare
217 1102 312 1167 iubet.
344 1100 401 1164 llis
417 1103 545 1185 cognitis
570 1112 601 1166 et
615 1099 749 1167 Litauici
773 1103 876 1167 frsude
892 1112 1049 1189 perspecta
1065 1099 1182 1166 lluedui
1198 1122 1258 1167 ms·
1275 1100 1298 1168 6

138 1224 197 1268 nus
212 1205 350 1282 tendere,
374 1204 556 1268 deditionem
572 1205 743 1290 siguificare
758 1216 789 1269 et
803 1206 946 1290 proiectis
962 1204 1053 1268 usmis
1069 1215 1193 1268 mortem
1209 1206 1261 1270 de·

80 1316 114 1369 tt
138 1306 256 1390 precari
268 1306 427 1392 incipiunt.
445 1305 605 1371 Litauicus
621 1328 686 1371 cum
702 1308 765 1372 suis
781 1308 951 1384 clientibus,
969 1306 1075 1390 quibus
1091 1328 1174 1372 more
1186 1304 1296 1372 Gal-7

138 1407 234 1473 lorum
249 1410 334 1474 neus
349 1419 398 1473 est
411 1410 500 1474 etism
516 1411 547 1473 iu
565 1420 702 1474 extrema
718 1412 837 1474 fortuna
853 1410 994 1474 deserere
1009 1420 1164 1495 patronos,
1182 1408 1260 1474 Ger·

138 1511 257 1594 gouiass
273 1513 415 1597 profugit.
455 1507 572 1578 Caesar
586 1513 699 1577 nuntiis
714 1514 750 1577 ed
766 1513 919 1576 ciuitatem
936 1511 1126 1576 Haeduorum
1143 1512 1255 1592 missis,
1272 1510 1315 1584 11

139 1613 187 1696 qei
197 1633 257 1677 -sno
272 1613 418 1679 lenedcio
434 1626 632 1680 conseruatos
648 1617 807 1694 docerent,
833 1629 906 1698 quos
921 1613 987 1678 iure
1002 1614 1070 1678 belli
1086 1615 1258 1680 interlicere

137 1716 305 1799 potuisset,
322 1717 475 1802 tribusque
491 1718 572 1783 horis
588 1720 686 1783 noctis
702 1718 852 1782 exercitui
868 1718 903 1780 sd
920 1717 1049 1800 quictem
1065 1716 1142 1779 dctis
1158 1726 1258 1781 castra

83 1826 115 1879 te
137 1818 174 1881 ad
189 1815 372 1904 Gergouiam
393 1821 499 1884 mouit.
539 1819 645 1885 lledio
666 1823 731 1886 fere
752 1821 861 1884 itinere
883 1820 1000 1903 equites
1015 1840 1032 1882 a
1047 1816 1144 1881 Fabio
1159 1817 1294 1898 missi,2

138 1930 249 2002 quanto
264 1938 316 1984 res
329 1921 361 1985 in
376 1923 509 2007 periculo
525 1924 628 2003 fuerit,
646 1932 810 2008 exponunt.
835 1920 966 1986 Summis
983 1921 1076 2005 copiis
1091 1930 1190 1984 castra
1207 1941 1260 2006 op·

137 2030 269 2106 pugnate
284 2022 506 2103 demonstrant,
524 2047 590 2089 eum
607 2025 714 2089 crebro
727 2024 836 2110 integri
853 2024 979 2087 defessis
994 2024 1189 2087 succederent
1204 2044 1258 2087 no·

137 2133 277 2206 strosque
291 2125 413 2191 adsiduo
426 2127 529 2192 labore
545 2128 756 2211 defatigarent,
773 2126 879 2208 quibus
895 2135 1016 2208 propter
1024 2125 1259 2208 magnitudinem

137 2235 306 2289 castrorum
328 2239 470 2313 perpetuo
491 2239 574 2295 esset
595 2230 689 2294 isdem
705 2230 737 2293 in
754 2228 833 2292 uallo
848 2226 1091 2311 permanendum.
1120 2223 1293 2293 Multitud

79 2335 115 2390 2⁰
137 2327 206 2391 dinc
220 2328 396 2413 sagittarum
420 2340 509 2420 alque
531 2333 628 2397 omnis
650 2331 772 2416 generis
795 2329 922 2393 telorum
938 2327 1047 2391 multus
1064 2326 1257 2409 uulneratus3

137 2429 174 2491 sd
190 2428 265 2494 haec
277 2432 450 2499 sustinenda
467 2456 575 2519 magno
590 2436 656 2498 usui
679 2434 774 2497 luisse
791 2441 949 2495 tormenta.
983 2427 1108 2494 Fabium
1124 2429 1295 2496 discessui

138 2550 241 2595 eorum
256 2532 369 2599 duelns
384 2536 500 2601 relictis
515 2538 610 2621 portis
625 2537 783 2601 obstruere
798 2545 914 2599 ceteras
930 2535 1103 2618 pluteosque
1119 2532 1198 2597 uallo
1206 2533 1259 2598 sd·

137 2634 209 2698 dere
223 2646 256 2699 et
269 2654 304 2700 se
319 2637 351 2701 in
368 2649 519 2722 posterum
536 2640 611 2703 diem
629 2640 813 2723 similemque
829 2659 929 2703 casum
951 2657 1105 2721 apparere.
1138 2635 1195 2701 llis
1210 2634 1294 2702 red

137 2735 191 2801 lus
206 2739 336 2822 cognitis
352 2736 472 2804 (leesor
485 2761 601 2805 summo
617 2743 714 2807 studio
730 2743 854 2806 militum
875 2749 943 2804 unte
959 2748 1055 2802 ortum
1071 2737 1144 2800 solis
1159 2739 1192 2801 in
1207 2758 1257 2801 cs-

79 2847 113 2903 2⁵
135 2848 198 2903 stre
213 2842 359 2925 peruenit.

221 2940 301 3006 Dum
319 2944 391 3009 haec
406 2947 443 3010 ad
459 2944 643 3033 Gergouiam
660 2960 819 3033 geruntur,
836 2944 954 3010 llardui
970 2943 1073 3028 primis
1089 2941 1201 3005 nuntiis
1221 2941 1258 3006 cb
1273 2941 1317 3013 42

136 3040 536 3132 Litauicoacceptisnullum
551 3051 607 3113 sibi
624 3050 660 3113 ad
676 3049 914 3134 cognoscendum
931 3045 1058 3130 spatium
1075 3043 1256 3128 relinquunt.

137 3140 257 3230 inpellit
271 3149 347 3212 alios
363 3152 511 3230 auaritia,
529 3152 604 3215 alios
619 3151 775 3214 iracundia
790 3161 820 3214 et
835 3149 1006 3225 temeritas,
1030 3168 1105 3230 quae
1128 3148 1257 3213 maxime
1271 3146 1294 3213 2

246 3284 380 3353 lreliqnit
391 3288 415 3339 1.
522 3288 651 3340 Litauicci
664 3289 697 3340 B.
804 3287 1020 3354 conprehendiB.
1126 3287 1259 3338 iuesitset

136 3363 201 3409 oute
213 3374 285 3414 corr.
299 3363 332 3413 B.
455 3367 471 3419 2
484 3368 599 3433 repperit
612 3367 644 3418 B.
765 3365 864 3430 fugisse
877 3366 901 3416 B
915 3364 1047 3431 ‘reliqui’,
1063 3364 1208 3431 profugisse
1222 3364 1260 3414 lre

138 3433 188 3486 cle.
309 3440 444 3492 linmisso
457 3443 490 3493 B.
613 3443 786 3510 iiupcditB.
893 3441 1116 3508 iillporidorigeru
1131 3440 1257 3491 ΑΒΗ).

248 3512 467 3569 lexistumsbsnt
478 3520 566 3572 Auo
574 3521 609 3571 1).
750 3522 765 3570 8
779 3520 818 3571 lis
832 3520 856 3570 B
868 3520 928 3570 edd.
940 3525 1056 3587 priores,
1072 3522 1106 3571 iis
1118 3520 1148 3570 P.
1161 3518 1259 3570 Munu-

137 3594 235 3642 ts‘urrr.
339 3596 463 3648 Litiuirci
477 3599 508 3649 B.
596 3599 744 3665 itendero,
759 3599 916 3649 deditionem
929 3598 1040 3662 ΑΒΗ)
1054 3604 1089 3663 (ir
1103 3599 1135 3647 de
1149 3596 1259 3661 ditione)

137 3672 179 3735 D,·
193 3674 301 3726 tendere
315 3683 340 3726 ct
355 3677 512 3728 deditionem
525 3694 549 3728 e.
563 3678 593 3729 P.
609 3679 651 3730 ce.
767 3677 910 3744 deprecare
922 3678 958 3728 1).
1076 3676 1108 3726 10
1121 3675 1261 3740 incipiunt}

137 3760 264 3818 ceperunt
277 3754 301 3805 1.
451 3755 588 3807 Litauicus
603 3757 658 3806 ‘lic
670 3759 790 3806 referrent
800 3770 865 3805 mss.
879 3752 1013 3804 mclr'orcs'
1026 3757 1054 3802 st
1066 3752 1168 3802 diserto
1183 3755 1260 3804 testi·

135 3831 228 3879 monio
240 3829 273 3881 B.
395 3831 426 3882 11
440 3834 530 3882 uerbis
545 3832 645 3883 Caesar
658 3833 754 3883 nuntiis
768 3831 842 3881 redit
852 3832 996 3895 antiquior
1008 3844 1103 3878 maures
1116 3827 1150 3878 B.

138 3908 170 3959 15
183 3916 270 3958 mouet
284 3909 309 3959 d.
450 3911 482 3961 ab
496 3908 575 3961 Folio
589 3928 648 3960 cum
661 3912 727 3962 solis·
739 3910 811 3960 efud.
826 3910 913 3960 Oaecrr.
928 3924 955 3958 a.
1089 3907 1120 3958 17
1133 3905 1212 3956 erebo
1225 3906 1258 3968 B,

248 3987 279 4038 18
292 3986 402 4037 adsiduo
416 3987 449 4037 B.
564 3988 595 4039 11
609 3988 691 4039 isdem
704 3986 728 4036 B
742 3987 893 4052 ‘plerique'5
906 3985 1004 4036 eisdem
1019 3986 1034 4036 d
1048 3983 1161 4035 ‘edulii'
1175 3999 1200 4046 u,
1215 3999 1258 4034 eo·

137 4064 195 4115 dem
208 4065 245 4117 1).
362 4067 396 4120 20
410 4066 476 4116 omni
491 4082 586 4130 genere
598 4068 692 4116 alce.
813 4066 846 4117 23
859 4064 1020 4132 similemque
1034 4079 1120 4116 essum
1135 4075 1260 4130 apparare

138 4144 161 4194 B
175 4143 312 4209 ‘reliqui',
327 4145 436 4196 similem
450 4146 481 4195 ad
496 4161 583 4197 cusum
597 4161 690 4214 perure
705 4145 796 4195 tede.
898 4145 932 4197 iis
945 4144 1024 4196 rebus
1037 4145 1070 4196 B.
1162 4142 1195 4195 21
1209 4137 1259 4205 pri·

138 4221 197 4289 mis]
212 4222 288 4273 trinis
302 4223 371 4287 cde,
387 4225 470 4277 tribus
486 4226 509 4275 l.
631 4226 664 4282 2⁷
678 4223 816 4287 Litauicco¹
826 4225 859 4276 B.
973 4224 1104 4292 reliquunt
1116 4237 1152 4272 m.
1164 4235 1209 4285 pr.
1224 4218 1256 4268 B.

245 4302 279 4358 28
293 4303 395 4370 inpellit
407 4304 440 4355 B.
