2692 4688
483 174 806 241 —tto—

83 354 157 431 dite,
181 361 280 435 patres
295 348 469 431 conscripti,
493 368 540 411 mc
556 366 673 430 quoque
689 367 749 409 non
764 365 832 409 csse
847 345 1048 409 offensionum
1060 348 1207 425 auidun',

77 476 259 540 quamquam
274 454 397 517 hicnon
413 450 613 535 neglegentia,
630 449 685 512 sed
695 450 733 513 ud
749 446 807 511 uim
819 448 968 513 orationis
981 452 1149 529 augendum
1165 453 1210 517 ita

82 558 213 642 scripsit.
237 554 338 619 Aliam
346 554 493 619 rationem
501 553 612 617 lrabeat
619 552 703 615 haec:
722 547 851 615 Caeso.
862 548 944 617 Gall.
957 549 1014 629 Vl,
1027 552 1082 629 tt,
1099 553 1122 617 4
1139 562 1209 619 ‘ccc

83 662 170 746 plone
182 656 388 725 etiam'abisse
401 677 444 720 ex
459 665 622 739 conspecto
638 654 863 719 contendereut'
873 663 903 717 et
914 650 1019 738 Pomp.
1029 676 1079 740 ap.
1090 654 1157 723 Cic.
1171 660 1211 723 ad

81 764 150 827 nc.
161 754 250 839 VIII,
266 756 357 839 121),
376 757 622 841 I‘nequeetiam,
640 756 911 839 quiescalmitus
926 758 1090 842 conscripti
1103 772 1210 827 sunta

82 865 265 939 consulibus,
276 859 506 926 conuenerunt'.
522 858 602 923 Nam
611 859 641 922 in
652 859 817 943 Isis-‘neque
825 858 924 922 etiam’
939 862 1209 943 ost‘nequedunn'.

167 1065 292 1133 Initium
305 1064 374 1129 libri
389 1066 513 1129 secundi
528 1064 560 1129 in
574 1063 699 1149 optimis¹
708 1063 794 1129 codd.
812 1064 855 1128 sic
870 1065 1013 1148 scriptum
1027 1074 1096 1129 ests
1114 1062 1209 1131 ‘llum

81 1174 158 1245 hacc
179 1172 210 1235 io
232 1168 380 1254 Hispania
408 1177 572 1251 geruntur,
602 1164 642 1231 C.
668 1165 841 1231 Trebonius
861 1169 999 1250 legatus,
1022 1167 1074 1251 qui
1095 1169 1133 1233 ad
1157 1190 1212 1253 op-

82 1274 293 1359 pugnationcm
309 1269 467 1337 Massiliae
482 1270 607 1335 relictus
622 1280 700 1343 emt,
717 1269 833 1333 duabus
848 1290 890 1333 ox
905 1269 1039 1353 partibus
1053 1290 1210 1354 amorem,

84 1377 190 1441 uineas
213 1386 370 1457 turresque
392 1373 429 1435 ad
451 1373 588 1457 oppidum
610 1392 703 1457 agere
723 1371 865 1437 instituit.
895 1370 967 1437 'Vna
987 1382 1058 1435 erat
1071 1373 1210 1456 proximo

84 1479 183 1563 portui
199 1475 434 1557 naualibusque,
459 1475 554 1539 altera
574 1476 612 1538 ad
635 1485 770 1558 partem,
791 1494 848 1557 qua
870 1475 1038 1539 estuditus
1050 1492 1095 1541 ex
1108 1471 1212 1541 Gallia

84 1592 174 1662 atque
187 1577 348 1663 IIispania,
370 1577 408 1641 nd
423 1576 454 1639 id
469 1596 567 1653 mare,
594 1578 670 1658 quod
685 1577 780 1661 adigit
792 1578 830 1640 ud
845 1577 953 1641 ostium
968 1574 1132 1641 molant.-
1161 1574 1213 1644 lta

84 1682 166 1747 enim
181 1681 255 1745 haec
269 1678 478 1763 distinguenda
492 1689 575 1753 sont,
594 1689 628 1741 ut
642 1679 742 1745 uerbis
760 1679 808 1743 ‘ad
818 1690 944 1762 partem,
962 1679 1030 1761 qua’
1045 1690 1136 1757 cett,
1151 1700 1213 1763 quo

86 1784 257 1851 accuratius
279 1782 356 1847 situs
378 1781 511 1845 locorum
536 1780 718 1858 declaretur,
742 1782 984 1865 superaddantur
997 1782 1094 1847 altars
1110 1782 1168 1849 ‘ad
1181 1782 1212 1847 it

86 1908 181 1963 mare,
198 1882 286 1969 quod’
301 1894 375 1949 cett.
399 1884 522 1947 Aditum
539 1885 603 1968 ipso
618 1904 669 1949 res
686 1884 776 1948 docet
789 1882 1081 1964 udlllassilismdici.
1104 1882 1213 1970 tuopte

87 1986 318 2071 Oudendorpius
333 1986 443 2051 aditum
458 1988 497 2051 ad
512 2004 594 2051 mare
609 1987 826 2070 interpretatus
841 1998 899 2051 ests
916 1986 1041 2051 eueni·
1057 2008 1100 2051 ex
1112 1984 1213 2055 Gallia

86 2102 175 2173 atque
186 2088 333 2174 Hispania
348 2090 438 2173 longe
451 2110 469 2153 a
481 2088 619 2153 Massilia
635 2090 712 2155 adiri
727 2100 854 2174 poterat.
876 2086 958 2155 Idem
976 2089 1136 2155 uerba-‘ad
1145 2112 1213 2175 pcr-

86 2194 156 2257 tem'
172 2191 296 2256 delenda
312 2190 516 2269 existimabat,
533 2193 610 2274 quod
619 2192 694 2256 Isaeo
701 2202 800 2257 monte
816 2192 1085 2275 itasupplorenturs
1104 2193 1212 2259 ‘altera

87 2293 202 2377 parsad
215 2296 353 2377 partem’.
372 2294 466 2377 Atqui
479 2295 511 2357 in
527 2314 576 2374 eo,
593 2296 671 2377 quod
688 2293 780 2379 ‘pars'
798 2294 1037 2377 compositust,
1054 2295 1108 2359 scd
1122 2295 1213 2361 intel·

85 2395 214 2482 legium,
239 2396 347 2461 idonee
371 2398 529 2460 excusatio
557 2408 615 2460 est.
654 2396 768 2461 Verum
791 2396 918 2479 ‘adigit’
949 2407 1120 2480 corruptum
1142 2418 1212 2463 esse

87 2518 191 2561 omnes
206 2497 416 2561 consentiunt:
434 2519 486 2561 eos
502 2499 593 2575 carim,
609 2501 660 2581 qui
674 2501 751 2563 idem
767 2509 857 2582 atque
875 2498 1025 2582 ‘adigitur'
1040 2500 1213 2585 signinum.

87 2601 342 2681 interpretantur,
373 2599 511 2661 omittere
541 2621 710 2684 possumus.
756 2600 824 2665 lloc
845 2601 941 2685 ipsum
967 2600 1133 2685 ‘adigitur’
1156 2624 1211 2687 pro

88 2698 231 2767 Caesaris
252 2699 443 2783 simplicitate
466 2701 573 2767 elatius
595 2716 654 2767 est.
693 2701 782 2785 Quod
803 2714 903 2767 cutem
926 2700 1099 2788 Stephanus
1119 2706 1211 2771 edidit

88 2804 231 2889 ‘attingit
244 2804 281 2868 ad
297 2802 407 2867 ostium
426 2801 597 2883 lllrodauI’,
620 2807 649 2869 id
665 2806 761 2889 poetis
781 2806 1006 2888 relinquendum
1021 2817 1082 2869 est.
1113 2805 1213 2873 Recte

86 2906 232 2973 Heinsius
247 2908 324 2993 apud
339 2900 434 2969 Ouid.
450 2918 511 2970 art.
527 2929 588 2971 om.
603 2906 646 2985 Il,
663 2906 724 2971 701
741 2928 783 2971 ex
800 2908 985 2973 ‘melioribus
998 2908 1097 2971 codd.'
1113 2910 1214 2993 posuit

89 3012 143 3075 ‘ad
159 3008 311 3075 Venerem
327 3009 505 3093 quicumque
519 3009 604 3076 uoles
618 3011 769 3095 attingere
784 3030 903 3087 seram,
927 3012 952 3075 si
975 3011 1063 3075 modo
1078 3012 1210 3091 duratis,

87 3117 218 3201 praemia
233 3114 323 3197 digna
339 3113 428 3179 lercs'
451 3113 523 3200 (‘ut'
539 3115 619 3179 onim
634 3114 675 3178 ibi
691 3114 820 3177 alienum
835 3124 894 3190 est,
913 3135 978 3178 oum
995 3115 1142 3199 exemplis
1158 3138 1212 3201 po-

87 3218 154 3281 sitis
176 3238 226 3279 res
249 3218 475 3299 concludatur),
498 3218 584 3300 isque
604 3216 643 3281 ibi
665 3216 792 3279 contulit
811 3214 912 3281 Plaut.
934 3214 1034 3280 Mero.
1057 3214 1086 3293 1,
1112 3216 1150 3295 1,
1167 3218 1212 3285 ³2

90 3327 179 3402 ‘quse
195 3317 268 3381 nihil
282 3318 436 3401 attingunt
448 3322 486 3383 ad
500 3323 588 3383 reru’.
622 3319 711 3403 Apud
726 3319 831 3401 script.
848 3320 925 3383 rhet.
943 3319 980 3381 ad
995 3316 1133 3383 llerenn.
1149 3318 1209 3399 IV,

87 3420 142 3501 ⁴3,
159 3420 201 3483 55
216 3430 297 3483 recte
313 3440 392 3481 nunc
407 3420 448 3483 itu
464 3421 561 3483 oratio
577 3422 789 3503 distinguiturs
809 3432 901 3489 ‘nunc
916 3420 1061 3498 breuiter,
1079 3426 1116 3486 ud
1133 3424 1212 3488 hanc

86 3542 151 3584 rcm
167 3521 244 3602 quod
260 3522 334 3585 satis
350 3534 409 3600 cst,
426 3523 630 3606 attingemus'.
653 3522 818 3587 Praeterea
834 3542 912 3585 uuus
927 3524 1213 3607 locusprolatuscst

86 3621 189 3689 Meloe
204 3620 231 3700 l,
248 3622 281 3703 t,
302 3625 314 3687 l
330 3625 724 3709 ιιιιιιιιιιΙῙιιιιὶιιιιιιιιιίιιιῄϋ,
740 3625 788 3689 ulti
798 3625 1048 3707 praepositionem
1060 3627 1091 3689 iu
1107 3627 1212 3693 codice

87 3726 213 3809 quodum
234 3746 301 3789 ase
325 3728 389 3791 uiso
406 3725 636 3811 Oudendorpius
658 3728 754 3792 omitti
772 3736 912 3790 testatur.
936 3727 1024 3810 Apud
1046 3724 1212 3795 Caesarem

88 3829 224 3909 equidem
240 3828 376 3893 scrihere
391 3852 451 3894 non
467 3832 600 3895 dubitaui
624 3830 718 3912 ‘quod
737 3830 854 3895 adiacet
868 3829 904 3893 ad
921 3830 1030 3893 ostium
1047 3828 1209 3897 lllaodaui’.

90 3929 239 3993 ‘Adiacet'
255 3940 419 4013 peruagata
433 3953 538 3996 errore
553 3934 585 3996 in
602 3931 713 3996 ‘adicit'
730 3942 761 3995 et
776 3932 832 3995 ltoe
845 3933 877 3995 in
895 3932 1009 4015 ‘adigit'
1026 3936 1158 3998 transiit.

171 4029 257 4095 Nihil
273 4032 445 4115 pentemius
461 4045 509 4098 eat
523 4036 573 4113 iis,
590 4056 666 4117 qoae
681 4058 708 4099 o.
723 4032 757 4113 5,
773 4033 793 4095 3
809 4037 949 4099 eduntur:
970 4033 1084 4101 ‘Facile
1096 4048 1213 4101 craten

87 4133 195 4197 castris
212 4132 251 4197 c.
267 4130 411 4199 Trebonii
428 4146 518 4216 atque
533 4137 670 4201 omnibus
684 4137 889 4221 superioribus
904 4139 979 4202 locis
995 4140 1166 4223 prospicere
1180 4140 1214 4205 ia

88 4238 204 4317 orbern,
221 4247 255 4300 ut
268 4236 365 4301 omnis
383 4236 533 4315 inuentus,
559 4260 636 4321 quaa
650 4241 681 4303 in
696 4241 803 4325 oppido
817 4252 1023 4319 remanserat,
1047 4262 1214 4325 omnesque
