2692 4688
473 162 669 229 -238
717 199 802 212 --

89 332 215 424 r'epetit,
247 357 322 421 quae
337 357 386 400 res
402 335 545 419 scriptori
567 334 656 399 tribui
680 344 796 419 potest,
818 333 875 397 etsi
898 352 958 396 non
980 332 1106 397 absurda
1121 330 1217 399 Tullii

90 442 187 507 oratio
203 462 270 505 eum
286 450 369 502 certe
384 438 548 519 sententias
564 436 732 501 orationum
747 457 782 500 re
805 456 877 499 nera
900 436 1066 500 habitarum
1089 456 1217 521 expres·

88 544 166 608 sisse
183 543 377 620 demonstrat,
395 540 503 603 —sed
521 541 586 622 quis
602 540 722 603 tandem
739 538 869 620 scriptor
883 538 990 602 aetatis
1000 537 1115 620 quidem
1126 539 1215 624 paulo

88 643 267 726 antiquioris
282 654 403 707 exteras
419 643 556 707 nationes
572 640 652 703 nulla
667 661 702 703 re
717 640 832 703 adiecta
848 650 952 723 gentes
968 640 1149 723 appellauit?

168 742 264 808 lnitio
279 766 306 807 c.
326 745 367 809 18
379 765 416 807 ne
433 744 594 826 uestigium
609 741 725 825 quidem
741 742 909 806 sententiae
922 741 1060 805 relictum
1076 763 1216 807 essem·

89 848 229 912 nilestum
245 857 302 909 εει.
337 845 465 910 Temere
481 847 573 931 igitur
588 841 807 927 Glandorpius,
832 843 909 926 quod
925 843 974 906 bic
989 845 1092 908 nescio
1107 846 1159 928 qui
1174 841 1213 910 C.

88 948 241 1013 Antonius
254 958 514 1025 commemoratur,
530 946 617 1009 initio
632 944 712 1009 c.17
728 967 781 1029 pro
798 944 914 1010 Catone
929 943 1079 1010 Lusitano
1095 942 1134 1011 C.
1148 945 1216 1011 An·

89 1050 200 1115 tonium
217 1050 384 1133 ponendum
401 1049 540 1112 coniecit.
565 1047 665 1130 Atque
675 1044 889 1126 Schneiderns‚
908 1049 995 1112 bomo
1007 1048 1213 1137 cautissimus,

89 1175 155 1216 cum
177 1152 207 1216 id
230 1172 336 1215 nomen
364 1150 404 1214 ibi
428 1150 460 1211 in
483 1149 598 1212 duobus
622 1148 818 1213 deterioribus
841 1149 949 1226 codd,
976 1147 1087 1214 Dresd.
1112 1171 1158 1234 pr.
1183 1160 1216 1215 et

89 1249 180 1317 Vind.
199 1273 275 1326 sec,
294 1253 437 1336 scriptum
452 1251 634 1329 inuenisset,
658 1251 792 1334 recipere
805 1271 865 1312 non
881 1250 1037 1329 dubitauit,
1055 1253 1113 1316 etsi
1129 1272 1211 1331 eum,

88 1354 137 1418 cui
153 1354 201 1418 uel
216 1354 442 1436 corruptissima
457 1373 529 1416 sana
548 1353 698 1428 uidentur,
712 1351 827 1415 initium
845 1371 872 1413 c.
883 1350 925 1414 18
939 1351 1087 1438 integrum
1103 1353 1215 1418 existi-

88 1477 170 1519 mare
186 1477 245 1519 non
262 1455 440 1518 sustinuisse
456 1454 542 1536 signa
558 1454 682 1517 lacunae
698 1453 809 1517 indicio
825 1464 905 1530 sunt,
937 1475 1012 1536 quae
1027 1456 1108 1519 inter
1120 1451 1216 1520 Tibe·

90 1558 167 1621 rium
182 1567 212 1619 et
227 1554 360 1619 Tullium
376 1554 487 1639 posuit.
516 1552 594 1617 Mihi
610 1566 642 1633 pt
657 1554 753 1617 locum
776 1576 913 1618 mancum
935 1576 1002 1620 esse
1023 1565 1137 1621 certum
1152 1567 1212 1635 est,

89 1657 140 1721 ubi
156 1658 287 1721 delectus
304 1656 460 1733 acciderit,
477 1676 538 1718 non
554 1656 670 1718 uidetur
685 1655 802 1719 deliniri
817 1676 916 1740 posse.

175 1753 213 1821 C.
232 1756 290 1837 18,
315 1759 334 1822 4
356 1758 400 1822 sic
416 1756 511 1821 edidi:
543 1753 688 1833 ‘Seruus,
706 1757 789 1820 cuius
806 1758 940 1822 dominus
956 1759 988 1821 in
1004 1754 1149 1824 Caesaris
1163 1779 1215 1825 co·

88 1861 161 1925 stris
177 1860 284 1924 fuisset
298 1863 438 1942 (uxorem
455 1868 484 1921 ει
500 1858 574 1921 lilios
589 1858 621 1922 in
637 1859 743 1942 oppido
758 1859 950 1944 reliquerat),
968 1860 1215 1946 dominumiugn·

88 1961 163 2026 lauit
185 1974 215 2024 et
236 1962 278 2027 ita
293 1962 368 2025 clam
385 1983 402 2024 a
418 1957 560 2025 Caesaris
576 1961 732 2044 praesidiis
747 1961 777 2023 in
794 1959 929 2046 Pompeii
951 1974 1052 2026 castra
1074 1964 1215 2029 discessit

89 2075 121 2128 et
134 2063 273 2127 indicium
289 2064 396 2149 glande
411 2064 554 2147 scriptum
570 2063 669 2139 misit,
694 2083 748 2145 per
762 2065 838 2145 quod
855 2064 967 2128 certior
981 2065 1067 2130 fieret
1082 2063 1212 2146 Caesar,

89 2165 211 2249 quaein
227 2166 331 2249 oppido
347 2166 385 2229 ad
400 2166 616 2230 defendendum
637 2177 893 2248 compararentur.
926 2164 971 2229 lta
994 2167 1104 2231 litteris
1126 2187 1214 2233 acce·

89 2267 165 2351 ptis,
191 2288 256 2330 cum
272 2268 302 2331 in
319 2267 453 2351 oppidum
468 2267 660 2343 reuertisset,
686 2267 735 2349 qui
751 2267 869 2330 mittere
884 2267 1021 2351 glandem
1036 2269 1212 2354 inscriptam

87 2371 205 2433 solebat
221 2416 333 2432 ......
358 2367 532 2451 Insequenti
554 2378 641 2429 nocte
665 2368 723 2429 duo
746 2365 884 2430 Lusitani
908 2370 1017 2433 fratres
1039 2373 1213 2455 transfugae

88 2470 275 2545 nuntianunt,
293 2491 377 2550 quam
387 2467 546 2553 Pompeius
563 2470 730 2532 contionem
745 2469 988 2534 babuisset’cett.
1013 2471 1070 2536 llic
1086 2472 1211 2556 pomum

89 2571 195 2633 mirum
218 2571 313 2633 uideri
336 2580 436 2652 potest
456 2591 577 2634 seruum
599 2570 682 2633 illum
706 2572 736 2633 in
758 2572 866 2635 castris
887 2570 1022 2656 Pompeii
1046 2574 1210 2657 comperire

88 2671 233 2755 potuisse,
251 2692 326 2753 qnae
341 2673 372 2735 in
386 2673 491 2755 oppido
507 2674 543 2735 ad
558 2672 774 2735 defendendum
791 2687 1054 2757 compararentur,
1079 2697 1144 2753 cum
1158 2697 1212 2762 op-

88 2773 187 2856 pidum
204 2770 346 2838 Caesaris
368 2773 580 2837 munitionibus
601 2785 684 2838 esset
703 2775 928 2839 circumdatum.
961 2773 1074 2841 Verum
1096 2789 1210 2857 umen,

87 2896 154 2938 cum
172 2898 199 2939 c.
219 2875 258 2940 16
273 2877 315 2939 in.
333 2876 468 2959 legamus
485 2875 671 2939 tabellarium
694 2898 712 2939 a
728 2873 869 2961 Pompeio
890 2877 1010 2941 missum
1026 2880 1056 2943 in
1072 2881 1213 2964 oppidum

87 2979 274 3062 peruenisse,
292 2998 346 3061 per
362 2977 529 3042 huiusmodi
545 2978 720 3041 occasiones
736 3000 855 3043 seruum
867 2999 914 3056 ea,
932 3000 1008 3062 quae
1016 2979 1211 3046 Caesarianis

85 3079 274 3156 enuntiabat,
292 3080 469 3164 cognouisse
486 3080 675 3143 statuendum
692 3090 751 3143 est.
775 3078 925 3164 Deinceps
944 3083 1165 3147 ‘reuertissent’
1179 3093 1212 3147 et

86 3180 247 3244 ‘solebant'
263 3181 424 3255 edebatur,
442 3192 492 3258 et,
510 3200 584 3263 quae
599 3180 655 3244 boc
671 3181 793 3245 uerbum
811 3194 987 3265 sequnntur,
1005 3184 1213 3268 superioribus

86 3280 355 3365 coniungebantnr.
390 3281 451 3347 Sed
468 3279 633 3346 Lusitanos
649 3285 760 3346 tratres
780 3304 821 3347 ex
836 3286 944 3348 eastris
959 3283 1095 3369 Pompeii
1111 3297 1213 3351 uuus·

72 3383 198 3467 ,legisse
214 3393 354 3466 apparet:
373 3385 422 3466 qui
438 3385 573 3467 glandem
590 3384 763 3468 inscriptam
780 3386 899 3449 mittere
914 3387 1061 3464 solebant,
1081 3388 1112 3450 in
1128 3386 1213 3473 oppi·
1283 3396 1288 3403 '

85 3485 154 3549 duna
170 3485 332 3549 reuertisse
348 3487 503 3564 dicuutur3
525 3495 557 3548 et
571 3506 609 3548 ne
624 3486 726 3569 plures
742 3487 859 3568 quidem
875 3487 1009 3571 glandem
1027 3487 1144 3552 misisse
1160 3508 1213 3551 us·

85 3607 172 3669 quam
188 3585 314 3649 relatum
331 3599 396 3661 est,
413 3587 466 3651 sed
483 3609 571 3650 unum
588 3587 669 3651 illum
685 3609 819 3652 seruum.
846 3585 882 3651 ln
897 3585 968 3651 Par.
986 3610 1049 3652 sco.
1068 3601 1100 3653 ει
1115 3589 1211 3654 tribus

85 3688 284 3754 deterioribus
300 3690 385 3752 codd.
404 3689 544 3773 scriptum
562 3699 609 3753 est
626 3688 835 3754 ‘reuertisset’.
864 3687 931 3753 Hoc
946 3701 1066 3775 recepto
1083 3688 1213 3756 Schnei-

85 3791 174 3855 derus
190 3792 303 3874 reliqua
318 3791 463 3868 seruauit,
482 3801 514 3852 ut
526 3802 615 3854 antea
630 3790 838 3874 uolgabantur.
864 3789 994 3855 Videtur
1008 3792 1102 3875 igitur
1117 3792 1212 3857 uerba

84 3901 163 3955 ‘aaran
178 3894 209 3955 io
226 3895 363 3978 oppidum
379 3892 566 3955 reuertisset'
583 3893 748 3957 adserunm
763 3894 916 3972 retulisse,
934 3894 1030 3957 altera
1047 3894 1107 3976 ‘qui
1122 3895 1211 3978 glan·

83 3997 150 4059 dem
167 3995 339 4080 inscriptam
360 3995 480 4057 mittere
499 3994 652 4058 solebant'
676 3996 711 4058 ad
732 3997 841 4061 fratres
863 3994 1041 4060 Lusitanos.
1077 3991 1160 4074 Sed,
1177 4006 1212 4060 ut

82 4097 142 4159 ianr
159 4097 233 4175 dixi,
253 4119 328 4163 unus
343 4117 450 4161 seruus
465 4094 601 4181 glandem
617 4096 756 4174 miserat,
774 4119 870 4181 neque
887 4098 992 4177 uideo,
1010 4098 1077 4181 quid
1091 4098 1210 4163 reditus

83 4200 165 4262 serui
174 4199 206 4262 in
218 4200 400 4287 oppidum-ad
413 4198 609 4282 transfugium
619 4195 833 4264 Lusitanorum
842 4201 1003 4285 pertineat,
1020 4209 1084 4279 aut,
1103 4221 1208 4282 quem·
