2692 4688
493 171 894 266 -48-.’

84 373 138 436 344
155 372 346 457 ‘priusquam'
357 371 390 450 4,
407 372 439 435 4.
456 370 511 450 27,
528 371 567 436 44
586 393 627 436 ex
638 370 1203 458 444443314134441144141444444441,

85 495 144 562 qna
159 485 265 537 auctor
278 475 350 539 44111
368 473 506 537 41414441
528 475 593 537 3414
619 495 689 538 4343
712 484 777 552 431,
801 475 888 557 41444
911 473 1056 536 abstinuit
1075 472 1206 557 scriptor

83 576 155 640 44111
167 575 388 661 Hispaniensis,
406 576 577 660 pierumque
593 578 691 661 posuit
708 576 799 651 ‘etsi',
816 575 910 638 semei
927 574 1083 656 ‘quamuis'
1099 573 1153 653 40,
1172 574 1203 652 1,

82 677 215 760 itemque
230 679 324 742 semel
341 678 448 742 ‘lieet'
470 676 530 754 16,
552 677 591 752 4,
617 700 793 761 quamquam
809 679 858 741 ille
875 677 958 741 donus
974 687 1129 741 truncatus
1145 687 1203 752 est,

84 778 141 844 hoe
156 782 187 844 in
203 780 320 863 optimis
336 780 422 843 codd.
442 781 494 843 ‘et'
510 781 631 865 legitur.
664 780 814 868 Denique,
833 791 865 845 nt
880 781 916 844 de
931 800 1045 843 summa
1061 779 1207 842 orationis

85 883 181 957 iprma
196 881 346 960 dieamus,
363 883 544 946 infinitinum
561 883 755 962 historicum,
773 903 858 965 quem
875 880 994 946 Hirtius
1010 882 1130 945 omnino
1145 902 1208 944 non

85 984 223 1060 admisit,
248 984 318 1047 belli
335 983 472 1048 Africani
495 987 624 1069 scriptor
643 986 750 1059 toties,
775 996 808 1049 ut
831 987 949 1048 modum
972 985 1151 1062 excederet,
1175 983 1206 1047 in

84 1085 163 1150 dello
178 1085 370 1170 Hispaniensi
386 1088 499 1151 duobus
514 1087 588 1151 loeis
603 1089 772 1152 inuanimns
790 1086 821 1162 1,
837 1087 860 1150 2
874 1085 973 1164 4129,
991 1086 1027 1151 54
1045 1096 1139 1150 totum
1155 1106 1207 1149 nu·

85 1198 145 1253 tem
161 1188 311 1253 scribendi
326 1210 421 1275 genus
437 1190 546 1253 homile
567 1201 598 1254 et
619 1191 792 1267 sordidum,
817 1189 966 1268 hiulcum,
991 1188 1095 1253 durum
1117 1199 1208 1271 atque
1311 1215 1313 1220 ’

85 1291 208 1356 difficile
230 1291 473 1375 deprehenditur.
519 1290 582 1355 Res
605 1302 710 1376 gestae
738 1292 816 1356 enim
845 1290 960 1354 abieota
981 1291 1153 1374 plerumque
1177 1298 1208 1353 et

84 1392 226 1458 breuibus
242 1393 405 1458 enuntiatis
421 1395 542 1458 4444134
558 1394 696 1458 44411444
717 1405 858 1457 narratae
873 1403 925 1456 aut
940 1392 1027 1477 41444
1043 1392 1124 1454 44114
1141 1392 1207 1454 uin·

86 1495 154 1560 aulo
169 1495 249 1557 inter
271 1514 305 1558 se
329 1496 552 1579 coniunguntur
573 1507 626 1560 ant
646 1495 736 1559 eertis
752 1494 923 1578 quibusdam
940 1504 971 1558 et
984 1493 1144 1558 identidem
1159 1513 1208 1556 re·

87 1596 188 1681 petitis
212 1605 377 1679 temporum
400 1599 668 1682 significationibus
691 1609 890 1681 separantur,
915 1617 990 1679 qnae
1006 1595 1208 1659 huiuscemodi

85 1708 174 1762 sunt:
195 1698 485 1781 ι4431444414’(11,
505 1701 534 1764 1.
557 1701 606 1780 12,
626 1700 653 1762 1.
672 1698 724 1777 13,
744 1699 846 1762 1414.
866 1698 964 1778 17,1.
983 1698 1076 1770 att.
1094 1697 1206 1780 24,1),

88 1801 247 1882 ‘sequenti’
263 1799 331 1883 (28,
351 1800 381 1882 1)
398 1813 429 1864 41
446 1803 627 1890 ‘insequenti
644 1802 706 1865 die’
724 1800 792 1885 (14,
809 1800 841 1865 2.
860 1801 914 1880 21,
932 1800 964 1864 3.
981 1800 1035 1879 25,
1054 1800 1088 1884 1)
1104 1811 1135 1864 41
1151 1801 1209 1863 ‘in-

87 1904 225 1988 sequenti
241 1903 323 1967 luoe'
340 1900 421 1982 (10,
441 1904 471 1966 1.
491 1903 550 1978 19,
567 1903 587 1967 3
604 1903 707 1984 415);
734 1903 854 1967 ‘eodem
871 1903 932 1967 dia'
950 1901 1033 1984 (11,
1051 1902 1109 1983 2),
1129 1902 1207 1966 ‘hoo’

88 2003 165 2086 (11,
182 2001 216 2084 2)
232 2015 263 2068 41
280 2013 334 2068 ‘eo
350 2006 412 2068 die’
430 2003 506 2086 (13,
522 2004 555 2070 2.
572 2003 627 2083 27,
644 2003 699 2085 3);
719 2005 910 2089 ‘insequenti'
926 2004 974 2086 (7,
992 2004 1046 2088 1),
1065 2006 1122 2070 ‘aa'
1140 2003 1207 2086 (10,

86 2103 120 2169 3.
136 2103 196 2185 20,
213 2107 268 2188 5),
286 2108 402 2171 ‘eadem
419 2109 516 2171 noete'
541 2106 617 2188 (18,
644 2107 699 2191 8),
725 2111 835 2173 ‘noetis
856 2109 960 2192 uigilia
982 2110 1123 2172 seeundo*
1139 2108 1207 2188 (12,

86 2206 120 2271 4.
140 2208 191 2287 19,
211 2207 243 2292 1)
259 2220 290 2274 41
307 2209 416 2273 ‘tortia'
433 2210 501 2288 (11,
518 2209 574 2292 2);
596 2212 777 2298 ‘insequenti
793 2211 936 2295 tempore'
953 2208 1028 2290 (18,
1046 2210 1077 2273 5.
1095 2207 1157 2286 23,
1177 2208 1206 2271 1.

87 2310 142 2391 27,
168 2311 184 2375 1
202 2314 301 2394 415),
327 2314 411 2376 ‘aius
427 2312 486 2376 diei
500 2313 670 2396 insequenti
686 2314 836 2397 tempore'
854 2311 932 2391 (15,
950 2310 1009 2394 5),
1029 2311 1133 2373 ‘iunius
1149 2311 1209 2374 diei

87 2426 224 2479 extremo
242 2417 383 2498 tempore*
400 2413 467 2494 (16,
487 2415 541 2499 1),
565 2415 653 2480 ‘idem
669 2414 821 2499 temporis'
837 2413 882 2495 (3,
901 2413 917 2476 1
937 2423 967 2477 et
981 2412 1013 2476 4.
1034 2411 1084 2491 12,
1103 2413 1134 2476 3.
1154 2410 1207 2489 13,

87 2515 121 2580 3.
139 2513 192 2591 20,
210 2515 244 2597 4)
260 2527 290 2580 41
307 2517 422 2580 ‘eodem
438 2517 578 2599 tempore'
595 2515 670 2596 (10,
688 2516 719 2580 5.
739 2516 797 2595 18,
816 2517 835 2580 3
851 2515 927 2580 410.
947 2514 1003 2593 19,
1023 2514 1040 2577 1
1058 2512 1135 2577 415.
1153 2513 1209 2594 20,

87 2616 144 2699 2),
163 2618 651 2703 *44444441441141444444401,
669 2618 700 2682 3.
723 2616 777 2692 20,
797 2617 827 2682 3.
844 2619 899 2696 22,
917 2617 1044 2699 1417),
1064 2624 1210 2701 ‘praeter

89 2720 132 2784 114
157 2722 254 2785 444113
278 2723 419 2807 tempore'
435 2720 510 2806 (12,
528 2723 573 2802 5).
604 2717 642 2784 C.
662 2720 713 2799 14,
733 2720 980 2786 1444144444.
999 2723 1115 2805 tegatur
1132 2723 1209 2786 ‘eius

89 2817 244 2908 praeteriti
261 2826 430 2909 temporis',
449 2824 551 2887 nescio
567 2844 605 2885 an
623 2825 706 2888 ‘eius
722 2825 781 2889 diei
797 2827 960 2910 praeterito
976 2825 1118 2908 tempore'
1134 2825 1210 2888 scri-

89 2924 215 2991 bendum
232 2929 282 2992 sit.
312 2925 387 2992 Cum
404 2936 502 2990 antem
519 2926 555 2989 ab
573 2927 737 2992 humilitate
752 2927 878 2991 discedit
893 2929 989 2992 oratio
1005 2938 1037 2990 et
1050 2947 1210 3010 assurgere

91 3038 225 3112 temptat,
244 3032 353 3117 pingue
369 3029 503 3114 quiddam
520 3041 551 3094 et
565 3050 699 3094 crassum
716 3031 799 3104 exit,
823 3042 855 3093 ut
869 3031 899 3093 in
915 3030 1051 3094 oratione
1068 3027 1211 3095 Caesaris
1235 3084 1237 3087 .

90 3142 228 3196 extremo
243 3134 338 3198 libro:
374 3134 435 3197 ‘An
457 3154 504 3197 me
526 3134 623 3198 deleto
647 3155 708 3198 non
730 3133 1014 3197 animaduertebatis
1038 3133 1147 3196 habere
1170 3131 1212 3195 14-

89 3233 195 3317 giam
212 3237 349 3316 populum
366 3235 553 3312 Romanum,
579 3258 654 3320 qnae
676 3259 734 3299 non
755 3238 850 3300 solum
867 3234 951 3298 uobis
968 3232 1135 3313 obsistere,
1160 3233 1212 3298 sed

50 3406 54 3417 ¹
91 3334 181 3399 etiam
204 3335 319 3399 eaelum
348 3337 468 3401 diruere
493 3339 653 3422 possentt'
705 3335 766 3402 Sed
790 3338 920 3401 maxime
951 3338 1006 3400 hoo
1036 3339 1213 3401 factumest

90 3435 124 3498 in
153 3437 331 3520 proeliorum
362 3437 629 3522 descriptionibus:
662 3439 698 3517 5,
728 3438 750 3501 d
779 3439 845 3501 ‘bie
874 3439 998 3501 alternis
1024 3461 1083 3503 non
1114 3439 1210 3502 solum

92 3537 182 3600 morti
197 3550 321 3602 mortem
337 3542 582 3625 exaggerabant,
608 3542 660 3604 sed
676 3542 764 3604 etiam
780 3540 910 3604 tumulos
925 3542 1046 3606 tumulis
1062 3560 1212 3621 exaequa-

90 3638 184 3719 bant'3
202 3639 256 3719 25,
273 3638 295 3704 d
311 3653 392 3707 ‘narn
408 3646 487 3709 inter
494 3643 655 3708 bellatores
672 3643 819 3728 principes
836 3641 922 3706 dubia
938 3642 1210 3728 eratpositanioto-

91 3743 157 3820 ria,
183 3755 216 3806 ut
238 3766 327 3829 prope
349 3747 501 3810 uideretur
521 3748 608 3810 finem
630 3745 756 3809 bellandi
781 3746 905 3809 duorum
927 3747 1067 3811 dirimere
1082 3744 1209 3829 pugna'p

91 3843 153 3921 31,
178 3844 200 3910 2
223 3847 342 3930 ‘itaque
364 3868 404 3913 ex
420 3860 546 3932 utroque
562 3869 672 3932 genere
688 3868 803 3934 pugnae
820 3869 1002 3933 comparem
1017 3849 1158 3912 uirtutem
1175 3848 1212 3910 od

92 3945 259 4011 bellandum
276 3952 494 4030 eontulissent,
519 3952 644 4036 pilorum
668 3951 761 4015 missu
777 3953 838 4015 fixa
854 3953 1021 4015 cumulatur
1035 3960 1065 4013 et
1081 3950 1213 4012 44441411

94 4050 331 4116 aduersariorum
354 4054 538 4118 multitudo'.
585 4051 664 4117 Sunt
684 4066 781 4118 tamen
805 4054 864 4118 4114
884 4055 1026 4132 meliora,
1053 4051 1167 4129 4125,
1191 4052 1213 4116 7

96 4159 260 4218 ‘scutorum
276 4156 372 4220 landis
387 4157 517 4243 insignia
533 4158 722 4242 praefulgens
739 4149 812 4242 opus
828 4157 1001 4235 caelatum'3
1017 4154 1077 4233 29,
1105 4153 1125 4218 5
1143 4163 1213 4218 ‘no-

94 4256 292 4340 31414444,
315 4260 450 4326 44444111
466 4261 556 4326 etiam
571 4259 696 4340 timere,
722 4260 799 4344 qnod
813 4259 845 4322 14
860 4280 927 4323 enm
942 4260 1039 4324 looum
1055 4278 1105 4323 res
1121 4259 1214 4323 fortn-
