2692 4688
432 195 572 269 COdlll.
590 199 620 267 ll
641 198 738 270 ΕΑΒ.
755 201 907 271 lli-ld.
1229 200 1290 269 wi

109 394 153 438 ex
168 371 318 437 dediticiis
332 368 435 457 Belgis
457 374 640 458 reliquisque
656 373 755 441 Gallis
776 376 935 462 conplures
950 372 1113 441 Ceeserem
1135 376 1233 441 secuti

109 497 173 540 uns
186 476 248 540 iter
261 477 415 553 fecerent,
433 476 551 562 quidam
566 499 608 543 ex
623 479 687 554 bis,
711 490 746 543 ut
760 490 864 563 postes
886 499 927 542 ex
942 479 1067 562 captiuis
1082 481 1234 565 cognitum

109 589 169 657 eet,
188 598 291 642 eorum
309 578 423 641 dierum
434 581 649 644 consuetudine
664 582 781 646 itineris
798 581 893 645 nostri
910 582 1063 644 exercitus
1080 594 1236 665 perspecte

109 691 202 745 noete
226 681 261 743 ed
277 679 412 745 Neruios
428 694 630 763 peruenerunt
644 694 734 767 utque
759 684 805 747 bis
821 686 1065 748 demonstrarunt
1079 686 1160 749 inter
1173 685 1237 749 sin·

69 795 86 847 ⁵
108 782 197 867 gulue
211 781 348 866 legiones
364 783 779 870 inpedimentorumrnegnum
794 807 950 850 numerum
967 787 1165 865 intercedere,
1183 808 1236 854 ne-

109 906 170 968 que
191 905 264 950 esse
284 885 441 969 quiequam
464 887 598 969 negotii,
628 909 694 950 curn
719 889 813 972 prime
829 888 907 970 legio
923 889 954 951 in
970 899 1068 953 cestra
1085 889 1233 969 uenisset,

108 990 305 1071 reliquaeque
319 987 454 1071 legiones
470 1008 608 1071 magnum
624 990 751 1072 spatium
766 989 926 1067 abessent,
945 990 1020 1054 bunc
1035 991 1091 1053 sub
1106 992 1235 1060 sarcinis

108 1089 242 1170 adoriri3
266 1110 324 1173 qus
346 1091 432 1174 pulsa
453 1089 719 1175 inpedimentisque
735 1093 858 1176 direptis
874 1093 1024 1170 futurum,
1049 1103 1081 1155 ut
1101 1094 1270 1177 reliqueed

109 1203 220 1258 contre
233 1192 402 1256 consistere
416 1193 639 1257 nonuuderent.
664 1192 838 1256 Adiuuabet
853 1194 1231 1277 etimneorunioonsiliuns,
1247 1196 1270 1263 1

50 1306 83 1360 tt
107 1295 239 1379 quirem
263 1294 455 1373 delercbent,
482 1295 559 1377 quod
575 1293 683 1359 Neruii
707 1297 890 1378 antiquitus,
916 1318 981 1359 curn
1004 1297 1138 1379 equitatu
1160 1298 1234 1363 nibil

109 1407 235 1482 possent
249 1397 363 1481 (neque
378 1397 458 1460 enim
473 1398 510 1460 ud
526 1397 582 1460 boc
598 1408 713 1480 tempus
729 1399 757 1461 ei
773 1400 817 1462 rei
833 1400 972 1476 student,
996 1401 1067 1476 sed,
1094 1399 1233 1484 quidquid

110 1510 249 1584 possum,
266 1499 453 1584 pedestribus
469 1498 570 1563 uolent
585 1500 709 1583 copiis),
734 1522 792 1583 qno
809 1501 926 1565 lucilius
943 1501 1131 1564 finitimorum
1149 1503 1233 1585 equi·

110 1609 226 1679 utum,
249 1603 277 1665 ei
300 1601 463 1686 praedandi
486 1622 578 1666 oense
599 1605 634 1667 ud
651 1624 704 1668 eos
721 1606 887 1681 uenissent,
904 1604 1093 1689 inpedirent,
1117 1604 1231 1670 teneris

111 1700 271 1767 erboribus
292 1703 398 1767 incisis
419 1713 507 1786 utque
535 1705 656 1769 inflexis
679 1705 854 1788 crebrisque
878 1708 909 1771 in
933 1707 1117 1770 latitudinem
1140 1707 1232 1771 rumis

54 1814 86 1867 tt
107 1805 205 1869 enetis
220 1815 253 1870 et
266 1804 349 1869 rubis
373 1805 566 1889 sentibusque
588 1807 756 1871 interiectis
772 1808 954 1885 effecerunt,
981 1817 1014 1870 ut
1035 1806 1132 1870 instar
1154 1808 1231 1871 muri

109 1906 168 1972 tec
182 1926 271 1991 sepes
284 1906 466 1971 munimenta
482 1908 679 1992 praeberent,
698 1930 757 1994 quo
772 1931 831 1974 non
848 1911 935 1973 modo
950 1929 1011 1973 nun
1026 1908 1154 1987 intrari,
1178 1909 1233 1974 sed

108 2028 151 2072 ue
166 2009 299 2091 perspici
311 2009 427 2091 quidem
444 2020 556 2094 posset.
590 2009 645 2073 llis
660 2011 751 2074 rebus
768 2032 832 2074 curn
849 2011 908 2074 iter
923 2011 1049 2093 agminis
1066 2011 1160 2074 nostri
1176 2011 1232 2075 im·
1247 2008 1268 2076 5

108 2108 291 2194 pediretnr‚
315 2130 373 2175 nou
385 2113 579 2175 omittendum
596 2112 652 2175 sibi
668 2113 825 2175 consilium
841 2110 950 2174 Neruii
967 2113 1230 2178 existimauerunt.

108 2208 192 2275 Loci
207 2221 318 2275 nstnrs
331 2225 396 2279 eret
411 2214 496 2292 hoec,
514 2236 599 2297 quem
615 2215 712 2277 locum
724 2214 820 2277 nostri
837 2213 1139 2294 castrisdeleqerent.
1157 2209 1230 2279 Col·
1243 2213 1288 2285 18

54 2323 88 2377 tt
109 2313 149 2378 lis
164 2311 203 2377 eb
218 2334 334 2379 summo
348 2319 513 2399 esqueliter
527 2316 651 2381 decliuis
668 2318 703 2381 ad
720 2317 828 2379 flumen
845 2311 960 2390 Sabim,
980 2314 1057 2397 quod
1073 2333 1163 2396 suprs
1178 2335 1234 2377 no·

109 2415 304 2495 minuuimee,
322 2417 477 2503 uergebat.
507 2417 557 2482 Ab
573 2440 609 2483 eo
625 2420 745 2483 flumine
760 2419 824 2502 puri
838 2415 1009 2481 adcliuitete
1025 2414 1110 2479 collis
1127 2415 1269 2482 nasce-2

109 2516 352 2584 butursducrsue
367 2521 435 2585 bnic
451 2531 481 2585 et
496 2521 676 2598 contrarius,
695 2541 800 2605 passus
817 2520 938 2585 circiter
953 2519 1099 2584 ducentos
1114 2518 1232 2584 iniimus

109 2630 244 2702 apertus,
260 2619 298 2684 eb
312 2622 468 2705 superiore
484 2634 567 2707 purte
583 2623 743 2700 siluestris,
773 2631 806 2685 ut
822 2643 881 2685 non
897 2621 984 2686 focile
999 2622 1149 2685 introrsus
1165 2641 1233 2705 per·

111 2721 186 2804 spici
198 2732 315 2807 posset.
360 2720 445 2788 Intra
462 2745 514 2790 ess
527 2725 619 2789 siluas
637 2726 737 2789 hostes
753 2724 785 2787 in
801 2725 917 2788 occulto
933 2743 1001 2786 sese
1017 2722 1230 2802 contuebant,
1248 2721 1269 2786 3

221 2944 235 2997 1
249 2945 390 3012 conplures
402 2947 436 2998 B.
566 2949 582 2998 t
596 2946 636 2998 bis
647 2947 708 3013 As,
723 2946 755 2997 iis
767 2947 814 3011 (B)
825 2946 847 2997 C
854 2947 920 2998 ΒΒ.
1048 2945 1063 2996 5
1077 2942 1236 3011 iupedimen-

114 3025 197 3072 tsm
208 3020 244 3073 Β.
350 3022 515 3089 dqnieqnem
528 3022 562 3075 B.
669 3021 1172 3087 lmegnospstiob,meqnesputiee.

112 3095 376 3165 diupedimentisque
389 3098 422 3149 B.
562 3099 578 3150 9
592 3099 750 3149 edinnubunt
768 3098 860 3150 ΑΒΕ
870 3103 899 3147 et
909 3103 971 3147 unte
985 3112 1056 3147 corr.
1069 3100 1110 3162 B,
1130 3098 1236 3150 edinrs·

113 3171 157 3224 bet
169 3174 203 3226 Β.
311 3175 390 3227 etiem
402 3191 456 3227 om.
472 3176 497 3227 b.
604 3176 635 3227 1⁰
648 3174 805 3225 differebant
815 3175 841 3225 A
849 3174 890 3234 Β,
904 3173 1043 3224 differebet
1053 3173 1236 3238 Bsuprusers'-

10 3286 12 3295 ·
108 3256 160 3318 pte
171 3268 187 3304 n
200 3257 267 3305 unte
278 3259 291 3304 t
302 3267 451 3322 rursusque
469 3253 577 3318 deletu5
598 3252 736 3306 deferetur
750 3253 810 3316 Ct,
830 3259 859 3305 et
875 3257 905 3304 s'n
918 3254 942 3304 B
954 3268 1007 3303 see.
1027 3268 1064 3311 m,
1078 3268 1092 3303 e
1105 3252 1202 3306 deletis
1214 3253 1240 3305 ll

111 3333 319 3396 suprascripsit.
422 3347 479 3383 enm
492 3346 545 3383 orn.
560 3331 646 3383 ΑΒΒ
658 3336 686 3381 et
697 3346 735 3380 m.
744 3345 789 3397 pr.
802 3332 838 3380 B.
944 3331 973 3382 11
988 3328 1110 3396 quiequid
1121 3330 1155 3382 B.

112 3405 143 3461 18
155 3405 310 3474 inpedirent
327 3406 408 3475 ΒΒῙ.
567 3406 600 3459 ll
612 3408 715 3458 iubenis
728 3407 879 3473 crebrisque
898 3407 923 3457 Β
934 3409 947 3456 l
957 3406 1104 3456 secundum
1117 3404 1235 3472 exempl.

110 3482 195 3537 Febr.
208 3485 280 3551 (be)
292 3487 342 3551 es,
356 3485 459 3537 inflexis
472 3485 572 3538 crebris
586 3501 620 3549 a,
639 3502 693 3538 om.
710 3486 737 3537 A
744 3485 784 3545 Β,
809 3490 838 3536 s'n
859 3501 912 3551 quo
929 3499 983 3535 seo.
1000 3500 1038 3536 m.
1057 3484 1161 3536 inflexis
1178 3499 1235 3535 cre·

111 3559 218 3628 deisque
228 3566 443 3629 suprascripsit,
462 3564 487 3615 Β
499 3562 684 3615 sesecundum
698 3563 765 3613 dud.
779 3563 815 3613 Β.
916 3563 946 3613 15
959 3561 1047 3612 eustis
1059 3577 1112 3612 om.
1127 3562 1235 3628 sbees.

111 3637 263 3693 museum
276 3641 303 3691 b.
401 3641 528 3694 effecerat
541 3643 564 3694 C
572 3677 579 3702 ‚
591 3641 736 3693 effecerunt
746 3643 782 3692 Β.
906 3641 937 3692 lb
950 3641 1108 3691 muniments
1121 3640 1236 3693 derme-

110 3732 169 3783 res,·
182 3719 352 3771 munirsentis
363 3721 390 3771 A
398 3720 423 3771 B
432 3722 454 3772 0
463 3721 535 3784 ΒΒς
548 3721 734 3771 munimentum
748 3722 798 3779 bo,
813 3718 1032 3785 monimentums.
1045 3719 1077 3770 Ρ.
1092 3717 1136 3770 tt.

112 3794 171 3862 que]
185 3796 254 3862 quod
269 3797 295 3847 b.
400 3812 452 3847 non
465 3798 540 3848 modo
554 3812 604 3847 non
617 3797 642 3846 A
648 3797 673 3849 B
681 3798 706 3848 Β
712 3798 759 3864 es,
774 3813 823 3847 uon
836 3797 910 3847 modo
923 3797 948 3847 b.
1040 3793 1072 3846 17
1085 3801 1174 3860 posset
1185 3795 1235 3864 es,

110 3876 195 3940 pessit
207 3876 300 3940 ‘longe
307 3875 427 3941 plurimi
431 3875 439 3900 ’
450 3875 507 3927 ΒΒ
517 3880 545 3927 et
555 3892 592 3927 m.
603 3890 648 3942 pr.
661 3876 695 3927 Β.
820 3875 851 3927 18
864 3873 1049 3925 obmittendum
1060 3874 1086 3924 A
1095 3873 1127 3925 0.

112 3952 162 4004 sibi
174 3968 230 4005 oeus.
246 3956 322 4004 ‘mse
335 3953 360 4006 δ’
373 3960 400 4005 et
412 3969 448 4004 m.
459 3969 505 4021 pr.
519 3953 553 4005 Β.
658 3954 852 4005 extimeueruut
863 3953 936 4017 AB,
950 3952 1157 4004 sestimsuerunt
1166 3952 1234 4006 ΒΒ.

219 4029 255 4085 20
268 4030 398 4081 decliuiue
412 4032 445 4083 0.
568 4028 726 4096 Sebinnus.
845 4031 877 4086 21
892 4029 1063 4094 (edelluitete
1075 4030 1101 4081 A
1107 4028 1179 4095 BC)
1192 4030 1236 4079 de·

111 4106 230 4159 elisitste
245 4107 319 4174 dds.
423 4108 459 4162 22
470 4109 591 4175 psssibus
606 4114 680 4160 ‘mse
695 4110 719 4160 5’
731 4115 759 4161 et
769 4125 823 4163 sec.
837 4126 874 4162 m.
887 4111 922 4162 Β.
1038 4112 1164 4163 ducentos
1177 4125 1237 4160 csse

112 4185 216 4252 isuper
227 4203 243 4238 o
254 4202 309 4239 ssc.
324 4200 362 4238 m.
374 4190 466 4252 posite
477 4187 511 4238 Β.
627 4189 722 4240 induis
736 4189 760 4239 b.
872 4189 905 4243 ²³
919 4190 978 4256 es,
991 4195 1018 4241 et
1030 4193 1058 4239 s'sr
1070 4189 1095 4240 B
1105 4190 1236 4255 puuctum

112 4269 156 4316 est
167 4265 218 4316 sub
229 4265 256 4317 b.
359 4264 599 4332 semustum.
705 4267 812 4319 interd.
