2692 4688
394 222 537 294 (101111.
554 222 602 292 lll
618 223 882 293 comae-al.
930 244 934 255 ·
1207 228 1269 296 ott

93 403 168 467 sidio
184 402 384 485 disposuerat.
410 397 559 463 Dextrum
577 419 670 462 cornu
682 397 745 462 eius
758 396 840 461 riuos
851 396 966 480 quidam
981 398 1128 482 impeditis
1140 401 1212 486 ripis
1227 402 1247 467 5

92 505 264 582 muniebat,
283 523 371 586 quam
386 502 423 564 ob
439 523 557 565 causam
574 511 714 564 cunctum
729 500 910 582 equitatum,
928 500 1101 586 sagittarios
1119 505 1212 569 lundi-

91 619 236 689 toresque
252 625 355 668 omnes
370 604 493 667 sinistro
509 624 603 666 cornu
618 602 781 667 obiecerat.
811 596 928 665 Caesar
942 603 1078 687 superius
1093 605 1212 670 institu-
1222 608 1269 681 89

93 720 156 772 tum
173 727 299 771 seruans
314 717 341 769 Χ
358 707 502 789 legionem
519 707 549 769 in
567 708 675 769 dextro
690 722 797 780 cornu,
812 724 919 766 nonam
936 704 966 767 in
982 706 1104 770 sinistro
1122 709 1214 773 collo·

54 824 72 874 t
95 819 231 888 cauerat,
250 808 368 873 tametsi
386 818 451 870 erat
463 807 681 893 Dyrrhachinis
696 805 817 891 proeliis
832 805 1027 871 uebementer
1041 809 1212 892 adtenuata,

94 925 125 978 ct
144 913 213 976 baie
229 912 274 976 sie
290 910 430 974 adiunxit
444 920 600 988 octauam,
623 921 655 973 ut
671 927 764 992 paene
779 928 868 972 uuam
884 928 924 970 ex
940 909 1053 973 duabus
1069 912 1212 994 efficeret,

94 1027 182 1099 atque
194 1016 319 1079 alteram
331 1014 417 1076 alteri
429 1012 579 1097 praesidio
591 1032 660 1076 esse
669 1012 810 1075 iusserat.
837 1006 986 1076 Cohortes
999 1012 1030 1075 in
1041 1013 1105 1078 acie
1117 1023 1213 1080 Lxxv
1226 1016 1249 1079 2

95 1119 272 1181 constitutas
293 1113 439 1194 babebat,
462 1134 537 1198 quae
560 1134 675 1178 summa
697 1124 762 1178 erat
783 1112 895 1176 milium
916 1123 1009 1193 xxtl3
1034 1115 1214 1182 coborteslt

97 1220 204 1285 castris
219 1217 368 1304 praesidio
384 1216 557 1300 reliquerat.
591 1213 723 1280 Sinistro
739 1235 832 1278 cornu
847 1214 1032 1296 Antonium,
1050 1219 1157 1283 dextro
1173 1217 1210 1284 P.

39 1330 75 1385 td
97 1317 231 1398 Sullam,
261 1320 358 1383 media
389 1320 455 1382 acic
477 1314 537 1382 Cn.
562 1314 725 1382 Domitium
755 1328 978 1402 praeposuerat.
1018 1317 1086 1404 lpse
1107 1334 1212 1387 eontra

95 1420 267 1506 Pompeium
283 1421 429 1487 constitit.
462 1417 558 1484 Simul
572 1421 618 1484 bis
633 1420 724 1484 rebus
739 1418 976 1499 animaduersis,
1000 1443 1074 1505 quas
1090 1423 1212 1489 demon·
1228 1426 1248 1490 3

96 1524 275 1604 strauimos,
301 1524 428 1602 timens,
453 1544 491 1586 ne
507 1543 524 1585 a
541 1522 727 1587 multitudine
743 1522 874 1606 equitum
890 1523 1028 1586 dextrum
1044 1546 1138 1590 cornu
1154 1528 1213 1591 cir·

98 1627 340 1704 camueuiretur,
367 1625 508 1690 celeriter
528 1646 569 1689 ex
593 1627 682 1690 tertia
697 1625 762 1689 acie
778 1625 912 1708 singulas
927 1625 1066 1690 cobortes
1083 1629 1215 1695 detraxit

97 1738 187 1810 atque
211 1748 251 1792 ex
266 1728 314 1791 bis
329 1739 463 1810 quartam
480 1727 610 1791 instituit
624 1728 825 1811 equitatuique
841 1729 978 1816 opposuit
992 1739 1040 1806 et,
1065 1731 1132 1812 quid
1149 1733 1214 1797 lieri

41 1840 74 1891 tt
96 1829 207 1905 uellet,
224 1830 354 1894 ostendit
367 1832 540 1913 monuitque
556 1832 620 1894 eius
636 1831 695 1895 diei
710 1830 865 1895 uictoriam
880 1829 912 1893 in
928 1851 1030 1894 aarum
1046 1831 1212 1898 cohortium

96 1931 210 1994 uirtute
232 1941 383 1996 constare.
414 1929 510 1997 Simul
530 1933 639 1997 tertiae
658 1932 733 1996 aciei
751 1933 864 2015 totique
880 1933 1028 1997 exercitui
1043 1934 1250 2020 imperauit,4

96 2053 136 2096 nc
151 2032 269 2097 iniussu
282 2052 339 2097 sco
353 2046 565 2099 concurreret:
583 2055 628 2113 se,
646 2056 713 2098 eum
728 2035 758 2098 id
774 2034 839 2097 beri
855 2035 955 2114 uellet,
968 2037 1082 2100 uexillo
1097 2038 1214 2123 signum

98 2136 250 2199 daturum.
279 2132 457 2201 Exercitum
480 2159 546 2201 cum
568 2137 688 2202 militari
711 2157 795 2200 moro
810 2136 846 2199 ad
862 2157 989 2219 pugnam
1006 2139 1215 2204 cohortaretur
1224 2142 1271 2212 911

97 2256 209 2320 suaque
225 2239 257 2301 in
271 2258 338 2303 eum
352 2242 487 2325 perpetui
503 2241 645 2325 temporis
661 2239 754 2303 officia
770 2237 968 2322 praedicaret,
985 2238 1120 2323 inprimis
1135 2262 1215 2304 com·

38 2349 75 2405 2⁰
97 2341 293 2404 memorauit:
319 2340 465 2406 Testibus
481 2364 515 2407 se
532 2343 673 2406 militibus
688 2343 732 2405 uti
748 2361 853 2425 posse,
871 2351 983 2424 quanto
998 2341 1097 2406 studio
1113 2346 1252 2428 pacem2

98 2441 241 2526 petisset3
254 2464 329 2526 qaae
344 2442 562 2528 perVatinium
578 2446 610 2509 in
625 2445 792 2528 colloquiis,
804 2465 878 2529 quae
894 2464 948 2528 per
957 2444 1066 2508 Aulum
1077 2443 1215 2511 Clodium

97 2565 163 2609 cum
173 2540 313 2629 Scipione
328 2545 453 2631 egisset,
471 2548 576 2630 quibus
592 2549 687 2612 modis
702 2549 737 2612 ad
752 2543 874 2610 Oricum
891 2569 956 2611 curn
968 2545 1084 2614 Libone
1101 2551 1136 2614 de
1149 2551 1216 2616 mit·

98 2647 195 2711 tendis
211 2647 319 2732 legatis
335 2649 551 2714 contendisset.
581 2649 691 2734 Neque
708 2672 741 2715 se
757 2672 891 2734 umquam
907 2652 987 2713 abuti
1005 2652 1129 2714 militum
1145 2673 1215 2715 san·
1231 2654 1252 2718 3

97 2750 188 2833 gniue
204 2770 303 2833 nequo
317 2750 528 2834 rempublicam
545 2753 689 2817 alterutro
705 2753 840 2816 exercitu
852 2753 969 2835 priuare
981 2751 1125 2815 uoluisse.
1152 2752 1251 2816 llacl

38 2862 75 2916 2⁵
98 2851 200 2914 babita
215 2853 350 2916 oratioue
365 2854 596 2937 exposcentibus
608 2855 751 2919 militibus
764 2866 790 2918 et
804 2855 902 2918 studio
915 2873 1030 2938 pugnae
1043 2853 1217 2916 ardentibus

98 2952 167 3020 tuba
182 2955 300 3038 siquam
317 2955 407 3018 dedit.
432 2953 511 3020 Erat
526 2954 685 3021 Crastinus
702 2966 844 3020 euocatus
861 2957 891 3019 in
908 2955 1043 3019 exercitu
1058 2950 1213 3033 Caesaris,
1231 2955 1272 3024 lll

99 3058 149 3140 qni
164 3057 320 3141 superiore
335 3078 415 3121 anno
431 3060 505 3142 apud
523 3081 589 3123 eum
606 3060 730 3143 primam
747 3059 836 3141 pilum
853 3057 884 3119 iu
900 3057 1019 3140 legione
1033 3066 1058 3119 x
1074 3058 1215 3138 duxerat,

101 3159 152 3221 nir
173 3158 316 3243 singulari
341 3160 464 3224 uirtute.
503 3159 560 3224 llic
582 3161 669 3244 signo
692 3161 779 3236 dato,
806 3155 984 3241 ‘Sequimini
1007 3159 1083 3238 me',
1109 3160 1216 3245 inquit,
1274 3238 1277 3245 ,

103 3260 315 3345 ‘manipulares
336 3263 395 3327 mei
416 3264 464 3346 qui
488 3263 604 3342 luistis,
629 3273 659 3326 et
680 3273 783 3326 uestro
805 3262 976 3346 imperatori
1004 3284 1090 3345 quam
1107 3264 1218 3326 consti-

41 3371 78 3425 30
101 3362 202 3425 tuistis
224 3383 344 3448 operam
360 3365 439 3428 date.
485 3363 586 3431 Vnum
602 3365 658 3429 boc
673 3366 817 3449 proelium
833 3375 988 3447 superest,
1007 3386 1065 3447 quo
1082 3365 1254 3429 conlecto2

101 3473 135 3526 et
148 3463 200 3528 ille
214 3485 297 3529 suam
312 3467 488 3550 dignitatem
505 3479 535 3531 et
551 3490 604 3533 nos
621 3477 754 3530 nostram
771 3467 937 3529 libertatem
954 3464 1216 3551 recuperabimus.

208 3679 224 3731 3
237 3680 346 3732 sinistro
360 3684 434 3748 oba,
449 3684 475 3734 iu
488 3684 595 3735 sinistro
609 3699 637 3734 u.
811 3684 826 3733 l
841 3680 944 3747 nonam]
959 3697 1007 3731 non
1022 3681 1071 3731 ianr
1085 3697 1110 3731 o.

101 3756 188 3807 beret
199 3783 236 3794 -
247 3764 382 3807 attenuata
396 3775 410 3807 c
422 3759 480 3809 cod.
497 3759 559 3810 Vre.
575 3760 589 3811 3
604 3759 681 3822 aesc,
697 3765 817 3808 erant-
831 3757 1091 3807 attenuataaa‘oltt'
1105 3757 1171 3824 (adt.
1181 3762 1221 3829 o).

208 3834 362 3903 Dyrraeinia
376 3853 402 3889 a.
508 3839 523 3888 d
537 3845 565 3888 et
578 3839 636 3888 baio
650 3854 666 3888 o
679 3837 786 3901 reliqui,
803 3835 861 3885 boic
875 3835 920 3886 (13
934 3834 1002 3887 dett.
1131 3839 1222 3893 adinn-

99 3912 152 3976 xit]
164 3913 196 3962 ad
210 3927 227 3962 o
237 3914 262 3963 d.
387 3930 452 3981 pene
465 3929 491 3963 a.
615 3915 630 3965 7
644 3929 712 3965 narr
724 3929 740 3963 o
752 3911 897 3963 serrandum
910 3912 1112 3977 Acboinlrr'um,
1127 3931 1193 3969 cxxx
1206 3935 1222 3970 a

98 3992 248 4042 secundum
260 3992 416 4059 Brycrle'um
431 3997 458 4042 et
469 3991 529 4042 edd.
544 3992 574 4041 Ρ.
591 3993 649 4043 151.
767 3991 782 4041 b
795 3990 848 4039 mil.
864 4002 890 4039 o.
1015 3991 1045 4041 ld
1059 3989 1157 4058 Syllam
1171 3997 1222 4063 (a).

211 4065 258 4118 Cn.
273 4066 413 4117 Domitium
428 4096 459 4104 —
473 4066 530 4133 (13)
545 4069 600 4117 acie
613 4082 665 4117 om.
680 4082 707 4115 u.
833 4065 863 4117 ll
877 4066 976 4116 iniusso
991 4068 1014 4116 b.
1123 4068 1153 4120 19
1167 4083 1223 4134 per·-

100 4151 206 4210 petunm
220 4159 247 4193 o.
352 4144 377 4193 in
393 4143 481 4208 primis
495 4144 544 4207 (o).
662 4144 691 4194 11
709 4142 800 4193 autum
814 4158 839 4206 a,
855 4144 885 4192 Α.
901 4160 929 4194 u.
1052 4142 1169 4194 Clodium
1184 4144 1224 4207 (o)
1247 4190 1249 4194 Α

100 4222 270 4286 Stephanus,
285 4220 421 4271 Claudium
437 4221 510 4271 ‘mcc
526 4218 635 4270 omnec'.
768 4220 973 4287 recoquatur,
990 4236 1040 4271 nou
1056 4236 1115 4286 unq.

99 4297 134 4352 aa
148 4297 238 4362 aaqara
253 4313 279 4347 a.

989 4376 1052 4442 39·
