2692 4688
505 192 646 264 cosmi.
663 192 695 265 V
709 192 808 264 CAP.¹
823 190 976 265 toi-12.

195 380 241 447 ut,
258 386 343 452 quatu
359 366 502 452 plurimas
518 379 631 453 posset,
648 368 687 433 iis
703 368 884 454 legionibus,
902 390 976 453 quae
991 380 1063 434 sunt
1076 369 1244 454 apuleam,
1261 392 1316 437 na·

195 468 415 536 nes'iustituat.
447 468 528 555 lpse,
547 471 602 535 etsi
618 490 669 535 res
686 482 752 535 erut
765 470 878 535 multae
894 490 1003 556 operae
1018 491 1052 535 ae
1067 471 1198 552 laboris,
1215 484 1315 540 umen

197 572 466 638 commodissimum
482 591 551 637 esse
566 572 673 637 statuit
693 592 799 637 omues
820 593 914 637 naues
936 573 1059 638 subduci
1080 583 1110 637 et
1125 596 1192 638 eum
1207 577 1317 643 amuis

195 694 254 740 une
268 673 434 738 munitione
449 675 602 761 coniungi.
640 673 675 738 ln
692 676 737 739 bis
754 676 845 740 rebus
860 677 982 741 eireiter
996 677 1060 741 dies
1073 688 1100 741 x
1115 678 1265 743 consumit
1277 698 1317 745 ne
1338 689 1346 736 ῖ

159 790 174 842 5
197 777 479 860 nocturnisquidem
495 777 719 862 temporibusad
735 776 866 842 laborem
881 779 1006 842 militum
1021 778 1215 845 intermissis.
1238 777 1317 847 snb-

195 879 293 944 lluetis
307 878 435 942 nauibus
451 881 618 962 castrisque
633 879 755 965 egregie
770 881 892 945 munitis
908 883 1027 946 easdem
1043 882 1155 971 copias,
1173 904 1249 967 ques
1262 904 1317 949 sn·

195 990 237 1060 te',
254 978 406 1066 p'rsesitlio
420 980 548 1046 usnibns
562 981 694 1066 reliquit,
711 980 776 1066 ipse
792 983 915 1062 eodem,
933 985 1012 1048 uude
1026 984 1174 1064 redierat,
1199 986 1317 1070 probei·

195 1082 302 1147 suitur.
333 1081 382 1147 Eo
398 1102 463 1147 eum
479 1084 630 1164 uenisset,
656 1086 785 1148 maiores
800 1085 859 1149 ium
875 1087 1007 1170 anulique
1021 1087 1053 1150 in
1069 1108 1135 1151 eum
1151 1087 1249 1151 laeum
1264 1108 1316 1153 no·
1337 1096 1343 1143 ἑ

195 1186 265 1271 pisa
281 1182 496 1251 Britannorum
520 1197 726 1251 eounsnerant
748 1208 864 1252 suntme
891 1189 1007 1272 imperii
1036 1186 1162 1274 bellique
1190 1188 1317 1255 admini-

139 1298 173 1354 to
193 1286 308 1353 stmnuli
330 1289 480 1353 communi
502 1289 629 1353 oonsilio
653 1289 797 1374 permissa
820 1285 1069 1372 Cassiuellann03
1094 1294 1176 1357 euius
1200 1292 1316 1358 buess

195 1390 352 1457 meiitimis
367 1390 538 1455 einltatibns
561 1392 670 1456 flumen
687 1391 810 1469 diuidit,
835 1392 911 1476 quod
935 1394 1099 1477 appelletur
1112 1393 1271 1475 Tamesis,
1296 1414 1315 1459 s

194 1493 268 1558 musi
284 1493 406 1561 eirniter
420 1493 500 1556 milia
517 1514 656 1577 passuum
673 1504 782 1558 Lxxx.
831 1492 907 1558 llnie
922 1496 1078 1579 superiore
1094 1506 1228 1580 tempore
1244 1518 1313 1563 eunt
1336 1504 1341 1532 ¹

193 1595 316 1680 reliquis
332 1592 503 1659 eiuitutibus
519 1597 702 1661 continentia
718 1596 794 1660 bella
810 1597 1062 1678 intercesserant3
1080 1600 1132 1663 seul
1144 1610 1249 1664 nostro
1260 1601 1315 1665 si·

193 1708 286 1762 uentu
300 1697 429 1782 permoti
442 1694 583 1761 Britanni
599 1699 677 1762 buno
694 1697 747 1762 toti
763 1696 841 1763 bello
857 1699 1038 1784 imperioque
1054 1702 1271 1784 praefecerant.

138 1810 171 1864 tt
276 1794 456 1864 Britanniae
469 1820 537 1885 pers
553 1799 680 1864 interior
694 1801 731 1862 ab
746 1800 783 1864 iis
799 1801 958 1880 ineolitur,
977 1820 1051 1884 quos
1068 1811 1156 1866 natos
1171 1801 1203 1864 iu
1218 1800 1316 1866 insula
1345 1826 1346 1863 l

193 1902 252 1986 ipsi
267 1902 409 1966 memoria
424 1902 572 1987 proditum
588 1903 707 1980 dieunt,
731 1902 887 1967 maritume
902 1924 972 1989 pars
988 1903 1024 1969 ab
1039 1904 1096 1982 iia,
1122 1905 1171 1987 qui
1185 1905 1314 1989 praedae
1339 1938 1346 1950 ι

197 2024 233 2067 ae
248 1998 318 2067 belli
330 2002 477 2069 inierentli
493 2024 582 2069 eausa
599 2025 638 2068 ex
653 2000 762 2088 Belgio
783 2006 967 2069 transierunt
988 2009 1003 2085 (
1011 2007 1060 2088 qui
1077 2026 1181 2071 omnes
1195 2008 1261 2072 lere
1274 2006 1314 2073 iis

199 2104 366 2175 nominibus
380 2106 535 2171 ciuitatum
551 2107 749 2192 appellantur,
768 2107 873 2190 quibus
889 2107 946 2169 orti
956 2127 997 2169 ex
1007 2107 1180 2172 ciuitatibus
1194 2128 1233 2172 eo
1247 2128 1315 2193 per·
1333 2172 1341 2185 ,

196 2210 359 2294 uenerunt)
373 2220 405 2273 et
415 2208 493 2274 bello
509 2211 603 2274 inlato
618 2207 659 2273 ibi
675 2219 903 2292 permanserunt
921 2219 1011 2291 atque
1026 2229 1115 2293 agros
1130 2209 1230 2272 colere
1245 2230 1315 2274 οοο·

135 2320 172 2375 2⁰
196 2319 314 2395 perant.
359 2309 523 2375 llominum
548 2321 596 2375 est
615 2310 732 2375 iubnita
756 2311 913 2376 multitudo
928 2309 1167 2393 creberrimaque
1181 2309 1314 2376 aedibeis

200 2414 263 2477 lere
277 2406 400 2478 Gelliois
415 2414 599 2492 consimilia,
624 2434 764 2500 peeorum
787 2435 912 2498 maguus
928 2433 1081 2477 uumerus.
1114 2411 1251 2479 Vtuntur
1263 2423 1316 2478 sut
1343 2427 1346 2435 ’

197 2532 271 2580 aere
282 2512 349 2601 [sut
364 2537 484 2580 nummo
500 2516 606 2601 aereo]
630 2525 681 2580 aut
702 2516 788 2580 taleis
805 2517 912 2581 ferreis
928 2517 964 2580 ad
981 2527 1094 2580 eertum
1110 2517 1226 2601 pondus
1241 2536 1316 2582 exa·

195 2617 316 2682 minatis
331 2639 384 2703 pru
400 2640 532 2683 nummo.
578 2616 726 2682 Nasoitur
745 2617 787 2681 ibi
810 2617 958 2703 plumbum
981 2619 1079 2681 album
1095 2619 1127 2682 iu
1142 2619 1315 2685 mediterra-
1339 2628 1346 2640 ⁴

196 2719 261 2784 ueis
276 2720 465 2806 regionibus,
482 2721 512 2785 iu
529 2721 694 2784 maritumis
711 2722 841 2799 ferrum,
870 2721 922 2784 setl
938 2720 1003 2782 eins
1019 2719 1131 2802 exigua
1147 2731 1195 2783 est
1210 2722 1313 2804 copie3

135 2834 170 2888 25
195 2842 266 2889 aare
281 2832 408 2887 utantur
422 2823 592 2907 importata.
623 2820 756 2887 Materia
771 2824 915 2905 cuiusque
930 2822 1052 2905 generis
1069 2831 1102 2883 ut
1116 2821 1147 2883 in
1157 2816 1255 2884 Gallia
1270 2831 1317 2883 est

195 2934 317 3009 praeter
339 2927 438 3010 laguna
461 2936 550 3007 atque
573 2923 713 2988 abietem.
751 2923 902 3007 Leporem
925 2935 956 2986 et
975 2923 1115 3007 gallinam
1131 2933 1162 2986 et
1176 2942 1316 2986 auserem
1339 2934 1346 2978 ἰ

195 3036 317 3112 gustare
326 3028 371 3092 las
381 3049 440 3091 non
449 3035 570 3115 palanl3
588 3027 962 3091 baeetameualuutauimi
978 3024 1196 3109 uoluptatisque
1212 3042 1314 3088 eausa.

306 3268 318 3321 1
336 3266 422 3335 qnam]
436 3282 500 3335 ques
513 3268 536 3318 b.
674 3267 757 3335 possit
770 3280 814 3314 ee.
828 3263 952 3315 Adeisud.
965 3264 1003 3315 ad
1010 3278 1040 3330 p.
1056 3265 1098 3316 85.
1229 3264 1246 3316 1
1258 3262 1319 3313 snb·

197 3344 269 3408 iungi
281 3345 317 3394 A.
423 3343 498 3395 rebus
511 3358 564 3394 om.
581 3342 612 3395 0.
720 3343 808 3392 decem
820 3340 875 3405 (11).
994 3340 1318 3407 bquusnnte‚pressidio

198 3422 322 3491 neamus]
335 3436 401 3489 quse
416 3429 476 3472 ante
488 3422 621 3489 preesldio
635 3421 745 3472 nauibus
761 3419 866 3469 luerent
878 3417 941 3469 beri
948 3433 970 3468 s.
1106 3418 1122 3469 ’1
1135 3416 1261 3482 relinquit
1272 3432 1317 3467 es.

307 3496 436 3564 redieret]
450 3504 561 3549 uenerat
574 3497 598 3549 b.
715 3496 730 3547 a
745 3496 907 3546 britanorum
922 3494 954 3545 B.
1095 3495 1127 3546 10
1141 3493 1319 3545 ‘Casibsllsno

195 3577 244 3629 asel
255 3576 424 3628 Casinelleno
436 3590 500 3628 mss.
514 3574 644 3643 qaidnm':
669 3573 876 3625 Cessouellaano
888 3571 1114 3638 lungobardiam
1128 3571 1221 3623 orosii
1231 3570 1277 3636 Vl,
1292 3571 1319 3623 1.

297 3654 335 3707 'll
353 3655 420 3717 diuit
432 3671 467 3706 m.
477 3670 524 3723 pr.
537 3654 571 3706 B.
676 3653 706 3705 11
720 3651 903 3720 praefecerunt
914 3651 951 3701 1).
1042 3650 1074 3700 15
1087 3650 1199 3701 interior
1209 3664 1263 3701 om.
1276 3651 1318 3715 A,

196 3730 310 3784 inferior
321 3732 393 3784 abo.
518 3732 549 3785 lb
563 3731 612 3799 ipsi
624 3731 670 3783 Bs
685 3730 799 3792 ‘asserat
815 3730 870 3796 ipsu
885 3728 955 3778 bed.
970 3728 1001 3778 Ρ.
1016 3728 1058 3780 78.
1182 3729 1320 3781 maritum

197 3810 238 3874 A,
253 3809 320 3861 nari
332 3816 386 3860 tum
400 3808 469 3875 sc,-
483 3808 605 3860 maritimi
619 3808 654 3859 b.
779 3806 809 3858 17
823 3805 909 3870 belgis
922 3820 982 3855 eum
991 3807 1090 3870 pausis
1102 3803 1171 3855 nott.
1185 3821 1211 3858 a.
1226 3805 1259 3856 Ρ.
1273 3808 1317 3860 il.

308 3888 471 3939 transierunt
484 3890 557 3938 ‘mss
572 3886 654 3953 parv,
670 3885 831 3936 transierunt
841 3884 899 3934 Bu.
1057 3882 1088 3937 19
1100 3884 1182 3936 inlato
1193 3888 1228 3938 B.
1241 3887 1273 3938 P.
1287 3887 1320 3939 11

197 3969 272 4016 extr.
380 3965 614 4032 permanseruntll
629 3963 744 4026 ‘esteri',
761 3968 942 4012 remanserunt
957 3961 1046 4012 berle.
1151 3962 1183 4016 21
1197 3977 1319 4031 peeorunt

199 4040 245 4106 (m
258 4041 385 4106 ‘euneti’,
399 4041 502 4111 peeoris
516 4058 539 4093 s.
690 4039 811 4106 maguus]
826 4040 917 4106 ingens
931 4040 994 4091 bed
1004 4044 1046 4103 st,
1066 4043 1187 4106 qnn'post
1198 4053 1321 4092 semema

195 4120 294 4187 ponit,
310 4136 333 4171 s.
483 4120 519 4176 22
532 4120 588 4171 ‘aut
601 4135 701 4170 nummo
714 4133 792 4169 seraa
805 4117 853 4168 nsl
862 4132 941 4168 nureo
953 4118 1036 4168 malti
1047 4117 1146 4169 antid).-
1160 4123 1206 4167 ant
1218 4129 1320 4166 nummu

170 4256 173 4263 ,
198 4212 277 4250 semu
288 4212 342 4259 aa,
359 4203 405 4247 ant
417 4210 519 4247 nummo
531 4209 612 4246 aureo
625 4198 658 4246 B.
794 4201 839 4242 aut
852 4194 930 4243 taleis
943 4194 1021 4256 abe,
1037 4198 1082 4243 nat
1094 4191 1154 4241 aliis
1169 4191 1223 4241 AB
1232 4190 1318 4242 ove.

308 4275 619 4341 23pronummoom.s.
725 4270 966 4325 2lrbarituruisA.
1073 4267 1237 4317 cinnomo„

1110 4346 1182 4412 ‘lb'
