2692 4688
511 159 811 227 ...37-

99 329 181 393 siem
197 327 314 412 palmae
331 327 466 410 ramique
482 330 774 395 latedill'nnduntur’.
793 329 905 395 Notum
922 343 970 397 est
984 333 1102 399 dicendi
1116 357 1224 421 penus,

100 451 158 514 quo
167 431 289 516 proprio
299 430 445 496 uocabulo
453 432 565 497 omisso
578 434 748 517 figuratum,
759 435 807 499 cui
821 435 895 498 illud
906 439 1227 520 comparatumsubsti·

101 537 216 601 tuitus:
241 537 274 599 in
296 556 354 618 que
376 555 411 598 re
426 535 484 598 etsi
501 535 666 618 particulae
683 537 853 620 ‘tamqnam’
869 548 902 601 et
916 539 1022 620 ‘quasi‘
1036 541 1158 625 saepius
1173 564 1226 628 po·

100 650 230 715 nnntnr,
256 649 356 702 tamen
380 635 481 700 ‘sicut'
502 637 612 720 legitur
627 638 715 702 etiam
730 640 807 722 apud
822 634 891 703 Cic.
908 641 945 704 de
959 641 1076 704 inuent.
1092 640 1136 722 ll,
1154 643 1187 722 3,
1203 643 1226 708 8

101 749 156 807 ‘ex
170 741 218 804 bis
234 738 346 802 duabus
363 739 492 803 diuersis
512 741 600 804 sicuti
619 741 761 805 familiis'.
797 742 847 805 Ab
869 762 984 805 summo
1000 743 1094 827 igitur
1115 767 1223 826 cornu,

100 844 179 928 quod
192 841 305 927 stipitis
320 841 419 905 locum
435 842 567 921 obtinet,
592 844 676 927 quasi
697 844 813 926 palmae
826 842 961 926 ramique
983 845 1107 910 diffundi
1122 848 1225 913 dicun·

101 958 161 1011 tur.
198 943 282 1009 Nem
306 954 337 1008 et
357 945 457 1028 plures
480 946 594 1030 palmae
608 956 699 1020 sunt,
721 966 786 1008 cum
802 945 823 1008 ii
837 945 932 1021 rami,
957 946 1008 1029 qui
1023 967 1043 1010 a
1056 948 1156 1033 stipite
1172 971 1226 1014 na·

99 1060 243 1127 beamur,
259 1068 366 1112 rursus
382 1047 458 1111 alios
473 1068 573 1113 ramos
588 1048 742 1126 emittunt,
759 1058 789 1110 et
803 1046 918 1132 palmae
933 1070 994 1113 non
1010 1050 1126 1134 quidem
1141 1051 1226 1136 ipseo

100 1173 154 1236 per
166 1172 214 1227 se,
231 1152 284 1215 sed
300 1172 367 1214 cum
381 1150 473 1215 ramis
489 1151 667 1214 coniunctae
681 1151 742 1215 late
756 1150 972 1215 diffunduntur.

182 1250 224 1318 C.
240 1249 296 1328 43,
310 1254 331 1316 4
346 1253 378 1316 in
393 1255 481 1317 codd.
496 1255 570 1317 baec
583 1252 697 1336 scriptu
711 1261 799 1316 eunte
819 1255 879 1316 ‘Ac
893 1275 983 1338 saepe
997 1254 1029 1318 in
1045 1275 1111 1318 eum
1127 1255 1226 1320 locum

101 1368 222 1422 uentum
238 1367 288 1421 est
302 1366 384 1419 tanto
397 1356 431 1418 in
445 1377 549 1420 omnes
565 1365 666 1439 partes
682 1354 779 1418 diuiso
793 1356 939 1437 equitatu,
955 1367 989 1419 ut
1003 1378 1064 1420 non
1079 1358 1166 1422 modo
1178 1359 1224 1423 ui-

100 1481 163 1524 sum
186 1456 224 1522 ab
246 1479 282 1523 se
303 1458 507 1541 Ambiorigem
529 1458 561 1521 in
576 1459 646 1542 luga
660 1457 926 1540 circumspicerent
939 1458 1047 1541 captiui
1064 1478 1119 1524 nec
1135 1462 1223 1545 plane

100 1564 187 1627 etiam
209 1561 310 1625 abisse
332 1581 373 1624 ex
395 1572 557 1645 conspectu
576 1559 815 1638 contenderent',
839 1571 913 1625 cett.
951 1559 1010 1626 llic
1035 1571 1109 1626 ‘non
1123 1561 1223 1628 modo'

100 1665 136 1729 ab
150 1685 187 1729 eo
203 1664 329 1747 positum
346 1683 415 1728 esse
428 1677 563 1748 apparet,
574 1663 626 1745 qui
637 1683 848 1747 responsurum
861 1662 907 1728 liis
923 1664 1031 1747 aliquid
1045 1666 1078 1729 in
1092 1687 1221 1750 sequen·

100 1768 177 1833 tibus
191 1766 295 1831 uerbis
309 1764 620 1849 existimamusque,
644 1767 790 1848 quomodo
806 1766 902 1830 solum
926 1768 1035 1830 ‘modo'
1056 1771 1221 1851 diceretur,

99 1872 301 1952 intellegeret.
338 1865 443 1950 ltaque
467 1866 550 1931 ‘non'
573 1878 656 1932 recte
675 1869 708 1932 in
722 1867 805 1932 And.
827 1880 858 1933 et
872 1865 977 1932 Oxou.
999 1870 1147 1935 sublatum
1162 1881 1221 1936 est.

99 1971 159 2039 Sed
180 1994 237 2036 cnr
250 1991 354 2036 omnes
370 1968 577 2034 vascosanum
598 1971 695 2034 secuti
719 1971 1020 2056 ‘circumspicerent'
1042 1973 1223 2056 deleuerint,

97 2078 238 2141 idoneam
258 2094 378 2138 censam
403 2094 463 2136 non
485 2072 616 2155 reperio.
656 2067 776 2156 Captiui
793 2074 873 2136 enim
886 2072 1110 2159 Ambiorigem,
1134 2097 1222 2158 qoem

99 2178 187 2244 nodo
204 2178 368 2252 uidissent,
391 2174 491 2238 subito
509 2194 527 2238 e
544 2184 707 2257 conspectu
728 2174 858 2237 ablatum
875 2187 938 2240 toto
956 2177 1082 2240 circuitu
1095 2178 1222 2241 circum-

96 2283 167 2348 latis
181 2282 276 2344 oculis
291 2277 473 2362 quaerebant
487 2274 664 2354 mirabundi,
682 2297 740 2358 quo
753 2278 952 2360 peruenisset,
971 2299 1066 2362 neque
1077 2278 1160 2342 ubire
1170 2301 1223 2364 po»

97 2387 194 2450 tuisse
208 2383 265 2448 sibi
280 2383 336 2466 ipsi
352 2381 528 2445 credentes:
546 2390 576 2442 et
593 2379 712 2443 hercule
728 2379 890 2444 etiamnum
905 2400 939 2444 sc
955 2401 1022 2445 eum
1038 2380 1142 2444 uidere
1157 2381 1223 2445 lon·

96 2489 208 2574 ginquo
223 2486 321 2568 aliquo
335 2484 403 2548 loco
418 2481 650 2547 contendebant.
689 2480 790 2564 Atque
810 2484 914 2546 eodem
938 2484 1025 2548 modo
1047 2484 1223 2568 circumspi-

96 2609 167 2654 cere
190 2587 320 2668 aliqoid,
342 2596 376 2649 ut
390 2584 655 2668 circumspiciendo
670 2584 774 2666 quaeri
788 2584 898 2668 aliquid
914 2586 1117 2670 significaret,
1144 2586 1222 2670 qnod

96 2713 153 2756 nos
168 2691 295 2754 dicimus
318 2688 394 2752 ‘sich
409 2686 486 2752 nach
501 2697 596 2750 etwas
614 2686 761 2765 umsebn',
789 2683 905 2753 Caesar
927 2690 1005 2753 dixit
1027 2690 1093 2752 hor.
1111 2710 1220 2752 comm.

97 2791 154 2871 Vl,
180 2792 214 2871 5,
239 2791 261 2855 3
288 2790 415 2874 ‘reliqua
443 2790 510 2854 eius
540 2789 665 2855 consilia
691 2787 793 2853 animo
812 2789 1101 2873 circumspiciebat'e
1125 2810 1222 2872 neque

97 2897 175 2961 enim
184 2892 495 2976 Caesarrlmbiorigis
511 2891 636 2956 consilia
652 2891 773 2954 tenebat
788 2902 819 2955 et
833 2890 1047 2976 perpendebat,
1063 2891 1129 2970 sed,
1146 2911 1223 2974 quse

97 3018 166 3062 esse
182 3006 318 3079 possent,
342 2995 530 3080 anquirebat.
569 2990 656 3075 Quae
671 2993 763 3057 uerba
779 3005 813 3057 ut
828 2994 887 3056 aliu
901 2992 1028 3057 aliorum
1043 2992 1222 3077 scriptorum

98 3100 196 3163 alieno
212 3099 280 3163 loeo
294 3120 313 3164 ι
328 3096 512 3162 Foroellinio
526 3099 672 3161 collocata
686 3106 768 3160 sunt.
793 3094 908 3159 Eadem
929 3095 1161 3177 significatione,
1177 3101 1223 3160 ab·

99 3220 156 3285 que
170 3201 247 3286 apud
263 3197 426 3265 Caesarem
442 3201 577 3276 ostendi,
604 3198 726 3262 uerbum
742 3197 814 3261 illud
831 3197 957 3281 positum
980 3208 1029 3262 est
1049 3191 1150 3261 aCic.
1168 3216 1223 3282 pro

99 3301 205 3386 Quint.
223 3301 277 3379 31,
292 3301 347 3367 bu.
364 3300 401 3367 de
415 3303 474 3388 leg.
493 3323 559 3386 agr.
576 3299 602 3378 l,
620 3300 654 3380 8,
669 3301 731 3380 233
749 3296 825 3364 son.
841 3298 872 3363 in
888 3312 965 3365 orat.
975 3299 1106 3385 Philippi
1121 3297 1225 3385 pm

98 3418 129 3471 st
141 3405 253 3470 Cottae
268 3427 297 3489 p.
314 3403 378 3469 246
393 3405 440 3469 ed.
459 3402 559 3482 Gerl.;
578 3400 673 3488 Verg.
692 3403 771 3466 Aen.
789 3399 966 3481 xl1‚8bu;
985 3400 1075 3468 Ouid.
1092 3401 1220 3467 Metam.

98 3507 140 3584 V,
156 3507 219 3587 713
244 3505 319 3572 Seu.
342 3508 431 3591 epist.
456 3504 516 3584 111,
534 3505 709 3591 1(22),2;
738 3503 814 3570 Tac.
831 3527 903 3570 snn.
919 3500 1012 3585 XIV,
1029 3504 1090 3587 35,
1112 3502 1221 3570 lustin.

98 3608 141 3687 ΙΙ,
158 3610 212 3690 12,
228 3610 282 3675 26.
299 3606 425 3689 XXXI,
444 3608 474 3688 1,
491 3605 524 3673 8.
996 3613 1003 3629 '

186 3813 259 3880 Lib.
282 3811 355 3893 Vll,
379 3811 400 3878 3
424 3815 498 3880 haec
521 3815 681 3898 leguntur:
713 3812 786 3880 ‘Vbi
809 3833 846 3878 ea
868 3812 932 3878 dies
952 3815 1054 3893 uenit,
1071 3809 1224 3880 Cometes

100 3915 231 3984 Cumulo
246 3928 278 3982 et
292 3913 513 3983 Conetodunno
527 3917 663 3995 ducibus,
681 3915 847 4000 desperatis
862 3917 1049 3997 horninibus,
1067 3915 1225 3982 Genabum

98 4023 187 4109 signo
199 4021 271 4085 dato
284 4026 490 4086 concurrunt’.
528 4019 647 4085 llirtins
661 4016 749 4097 vul,
765 4018 820 4098 38,
837 4018 858 4083 3
871 4020 928 4097 ite,
951 4030 985 4082 ut
998 4019 1035 4083 ad
1050 4020 1129 4085 bunc
1146 4016 1225 4084 Cae-

98 4126 178 4190 saris
194 4125 290 4187 locurm
305 4125 447 4209 respiciat
461 4123 521 4208 (sic
535 4123 613 4186 enim
630 4121 752 4187 scribite
783 4118 874 4186 ‘Cum
896 4121 928 4185 in
950 4117 1100 4187 Carnutes
1122 4121 1225 4185 uenis-

100 4240 166 4306 set,
190 4247 318 4311 quorum
337 4228 370 4293 ln
391 4228 516 4295 mulcete
536 4226 692 4312 superiore
713 4224 928 4292 commentario
947 4221 1066 4291 Caesar
1085 4221 1227 4306 exposuit
