2692 4688
38 210 103 281 1112
433 213 492 281 llll
513 211 662 282 ΚΕΗ-,0-
682 213 873 285 unuuuo

40 384 85 457 18
100 383 183 451 Galli
197 406 232 453 se
245 407 350 450 omnes
374 387 412 451 ab
426 386 499 452 Dite
515 399 776 474 potre=proguatos
792 389 967 473 praedicant
979 388 1070 470 itque
1084 388 1123 451 ab
1138 387 1220 453 tlrui·

61 486 184 555 tutum
198 489 346 573 prodito·
359 489 475 554 dieunt.
493 489 541 557 ul
556 494 624 555 esni
636 512 759 570 oausam
775 492 871 575 spatis
887 491 984 555 omnis
998 492 1143 574 temporis
1158 512 1219 555 non

98 612 225 673 numero
240 591 375 670 diarum,
391 593 445 656 sed
461 595 593 658 nuntium
608 595 735 672 finiunt3
759 594 822 658 dies
845 594 961 657 natales
977 603 1009 657 et
1023 594 1171 657 mensium
1187 605 1219 658 et

63 692 84 758 3
99 702 247 759 annorum
262 694 347 758 initia
362 696 409 759 sio
423 694 598 776 obseruaut,
618 708 653 761 ut
668 708 783 761 nontam
800 697 865 760 dies
879 696 1089 778 subsequatur.
1120 692 1157 758 lu
1173 716 1220 761 re-

98 796 188 880 liquis
203 798 285 862 uitae
298 797 445 862 institutis
461 798 517 862 laon
532 800 596 864 lora
610 799 648 863 ab
662 800 784 882 reliquis
800 799 960 876 differunt,
985 798 1063 879 quotl
1085 817 1158 861 suos
1181 797 1218 861 li·
1240 810 1256 861 t

98 898 202 977 leros,
220 900 280 964 nisi
295 920 360 963 eum
376 901 589 980 adoleuerunt,
614 913 649 966 ut
662 923 771 965 munus
787 900 909 965 militiae
924 901 1076 965 sustinere
1091 899 1220 983 possint,

99 1001 195 1086 palam
211 1002 248 1065 ad
263 1021 298 1066 se
313 1003 398 1067 adire
412 1024 472 1067 non
488 1006 641 1088 patiuntur
656 1005 806 1087 liliumque
820 1002 926 1089 puerili
941 1013 1040 1066 aetate
1054 1002 1085 1065 in
1100 1001 1221 1085 publioo

42 1102 86 1173 11
99 1102 132 1168 in
147 1115 309 1188 conspeetu
325 1106 419 1189 patris
434 1108 585 1171 adsistere
598 1118 687 1192 turpe
702 1108 824 1170 innunt,
841 1104 921 1182 Viri,
939 1115 1065 1187 quantas
1080 1104 1223 1188 pecunias

101 1206 139 1271 ab
153 1207 302 1271 uxoribus
317 1208 395 1272 dotis
411 1209 531 1272 nomino
547 1220 744 1293 aeceperunt,
769 1219 870 1272 tantu
891 1228 933 1271 ex
947 1206 1010 1271 suis
1026 1205 1115 1269 bonis
1128 1205 1221 1270 sesti·

66 1305 234 1373 2metione
250 1310 330 1373 lanta
344 1332 411 1373 eum
428 1312 546 1375 dotibus
561 1312 795 1376 eommuninant.
840 1308 939 1373 liuius
960 1308 1057 1372 omnis
1078 1307 1224 1391 pertrita
1247 1316 1280 1371 lt

101 1411 282 1474 oooiunetim
305 1411 381 1475 rutio
404 1412 532 1476 habetur
552 1415 725 1495 fructusque
744 1422 923 1477 seruanturs
948 1422 1018 1475 uter
1039 1430 1142 1475 eorum
1158 1409 1220 1473 uita

100 1514 271 1595 superarit,
294 1514 331 1576 aul
354 1534 421 1577 eum
444 1536 514 1597 pars
529 1516 684 1597 utriusque
699 1537 766 1578 eum
782 1515 926 1578 fructibus
943 1513 1132 1597 superiorum
1147 1520 1222 1575 tem·

67 1611 87 1676 3
103 1634 208 1698 porum
226 1616 372 1699 peruenit.
405 1614 473 1680 Viri
487 1616 519 1679 in
535 1636 668 1693 uxores,
684 1618 772 1681 siouti
788 1618 820 1680 in
835 1618 967 1693 liberos,
983 1615 1065 1679 uitae
1080 1613 1221 1696 necisque

102 1714 214 1781 labent
228 1728 425 1801 potestatem
443 1727 475 1782 et
489 1739 556 1782 oum
570 1720 789 1804 paterfamiliae
804 1719 980 1783 inlustriore
995 1717 1063 1781 loeo
1071 1726 1160 1780 uatus
1172 1715 1224 1778 le·

103 1818 216 1898 nemin,
240 1820 304 1883 aius
319 1819 474 1904 propinqui
490 1821 674 1885 conueniunt
688 1832 737 1900 ot,
762 1822 798 1885 de
813 1832 908 1886 morte
923 1820 1061 1885 sinesin
1078 1817 1224 1901 suspitio·
1246 1825 1280 1879 ts

104 1940 172 1985 uem
188 1922 291 2001 uenit,
315 1924 351 1986 tle
373 1923 519 1987 uxoribus
541 1923 572 1987 in
587 1923 728 1987 seruilem
743 1924 861 1987 modum
884 1922 1091 2007 quaestionem
1112 1918 1224 1984 labent

103 2032 155 2100 et,
176 2023 204 2086 si
219 2034 394 2108 conpertum
410 2037 475 2102 est,
496 2024 560 2109 igni
580 2037 670 2109 atquo
692 2027 830 2089 omuibus
853 2025 1010 2091 tormentit
1032 2022 1224 2088 exemoiatas

68 2123 297 2191 linterlioiuut.
336 2125 461 2192 Funera
481 2139 554 2192 sunt
574 2150 629 2212 pro
651 2129 733 2192 eultu
747 2126 903 2192 Gallorum
926 2127 1081 2212 magnilica
1096 2135 1224 2188 etsum-

45 2294 50 2313 ι
103 2238 228 2311 ptuoss3
247 2230 423 2312 omniaque,
446 2251 524 2316 quae
539 2231 617 2295 uinis
631 2231 717 2295 eorli
733 2231 825 2294 luisse
840 2230 1044 2305 arbitrantur,
1066 2227 1098 2289 in
1120 2226 1223 2309 ignem

103 2330 253 2410 inierunt,
271 2333 361 2396 etiam
377 2333 533 2410 animalia,
558 2354 595 2398 ue
609 2334 699 2416 paulo
712 2354 801 2417 supra
819 2333 895 2396 hano
909 2329 1082 2397 meritoriam
1096 2327 1178 2392 serui
1192 2336 1225 2390 et
1244 2336 1281 2391 to

104 2433 249 2510 olientes,
267 2453 341 2518 quos
357 2434 394 2495 ab
409 2434 447 2496 iis
463 2435 586 2499 dilectos
601 2455 672 2499 esse
686 2436 863 2512 eonstabat,
879 2435 967 2499 iustis
982 2431 1138 2497 funeribus
1152 2451 1225 2495 oon·

47 2532 196 2603 2111οοῦ1
213 2554 270 2596 uua
286 2534 507 2598 eremabantur.
546 2533 633 2619 Quae
646 2538 793 2619 ¹ciuitates
809 2536 992 2601 commodior
1007 2555 1092 2599 auam
1105 2553 1225 2615 rempu-

105 2632 211 2698 lalieam
227 2635 437 2700 administrare
453 2638 679 2719 existimantur,
697 2640 807 2704 habent
821 2639 935 2723 legibus
950 2648 1100 2715 anetum,
1115 2635 1142 2701 si
1157 2634 1225 2719 qais

104 2735 175 2820 quid
191 2738 227 2801 ie
241 2736 393 2821 republica
408 2760 425 2802 a
439 2740 572 2804 innitimis
587 2764 707 2807 rumore
723 2753 775 2825 aut
789 2744 867 2806 lamo
881 2740 1044 2825 auteponit,
1057 2738 1152 2803 -utiatl
1162 2758 1225 2801 ma·

69 2836 264 2925 lgistralum
280 2843 393 2905 deierat
409 2863 485 2929 neue
500 2865 567 2907 eum
582 2867 640 2927 quo
654 2847 715 2909 alio
731 2845 950 2921 eommunicet,
972 2842 1051 2925 quoi
1066 2861 1159 2925 saepe
1173 2839 1226 2905 lno-
1247 2849 1281 2903 2⁵

102 2943 202 3007 mines
219 2945 396 3009 temerarios
417 2956 505 3028 atque
529 2946 682 3030 imperitos
705 2948 791 3011 falsis
814 2945 984 3011 rumoribus
1007 2943 1119 3009 terreri
1141 2941 1224 3006 etal

105 3044 221 3109 lueinus
236 3046 337 3131 inpelli
354 3049 436 3111 etde
457 3049 580 3113 summis
596 3049 686 3113 rebus
701 3050 859 3114 eonsilium
875 3068 981 3134 capere
997 3046 1148 3131 cognitum
1163 3053 1222 3107 est.

216 3269 227 3319 1
242 3278 364 3334 pronatus
379 3274 403 3322 lt.
509 3275 585 3341 idque
598 3292 630 3327 ex
643 3275 779 3326 druidibus
793 3276 861 3325 ins.
964 3273 1026 3327 2ols
1038 3272 1106 3323 lana
1117 3281 1224 3323 eanum

106 3347 260 3397 Aimoiuus.
363 3348 536 3413 spatiumne.
640 3350 933 3405 Sflninntutrlieste.
1038 3360 1174 3401 mensuum
1187 3358 1225 3395 ss.

101 3436 148 3486 pr.
161 3421 195 3473 B.
335 3425 349 3474 5
362 3439 378 3473 u
391 3425 544 3478 «limosum.
706 3427 721 3479 t
735 3427 908 3478 adolenerunt
920 3426 976 3480 AB
985 3426 1045 3488 Ca,
1060 3422 1227 3476 adoleaerlat

105 3499 250 3550 Aimar'uas
264 3514 292 3549 u.
448 3501 462 3552 1
477 3504 510 3553 sul
522 3518 552 3554 se
564 3503 602 3555 ire
615 3506 640 3555 b.
796 3504 929 3571 filiumque
943 3506 969 3555 in
981 3503 1077 3572 puerill
1090 3504 1116 3554 lt.

104 3574 122 3627 8
134 3575 264 3627 adsistere
276 3578 331 3640 ull).
436 3581 537 3649 uirique
551 3590 662 3649 quantas
676 3584 701 3633 i.
807 3584 822 3635 t
837 3584 1007 3651 ‘senepernnt
1017 3580 1050 3632 θ’
1063 3576 1228 3644 (anseperiot

101 3652 193 3716 puto).
300 3656 327 3707 ll
344 3661 408 3706 unte
420 3664 479 3709 uter
490 3660 595 3711 addunt
609 3668 638 3710 nt
650 3662 679 3723 l,
694 3667 721 3710 et
733 3662 886 3711 Aimoinus.
1017 3658 1049 3711 12
1060 3654 1229 3723 superauerit

104 3730 258 3781 Amoenus.
360 3748 417 3782 eam
432 3733 519 3785 lruotu
533 3737 578 3786 bo.
700 3735 732 3788 13
744 3736 880 3803 perueniat
893 3737 918 3789 l.
1040 3734 1073 3786 11
1087 3740 1116 3784 nl
1129 3747 1187 3783 oum
1200 3731 1225 3783 l·

214 3807 405 3873 paterfamilias
417 3813 570 3863 Airnor'nus.
688 3814 840 3866 inlustriore
852 3813 887 3865 B.
1009 3814 1041 3866 15
1055 3812 1227 3879 suspitionem

106 3898 142 3934 m.
153 3898 198 3947 pr.
213 3884 246 3933 11.
357 3887 546 3953 liconpertum
561 3892 592 3941 Il.
701 3892 797 3957 ignei.
888 3890 1037 3958 tormentis]
1050 3890 1187 3958 suppliciis
1201 3891 1227 3939 l.

215 3960 246 4010 111
259 3963 343 4013 omnia
356 3980 473 4030 quaeque
485 3968 529 4017 Ile
550 3969 700 4035 ‘piurimi',
722 3971 808 4022 omniu
821 3987 887 4037 quae
898 3971 941 4036 1),
960 3980 987 4023 et
999 3972 1085 4023 omnir
1098 3984 1166 4037 quse
1180 3970 1229 4019 Ai-

106 4041 223 4087 moa'nus·
328 4040 511 4092 tumulorum
525 4045 549 4093 la.
664 4047 695 4099 21
710 4048 742 4098 ab
755 4047 997 4099 lrisBAs‘moinus.
1121 4047 1228 4112 23qu

105 4129 159 4165 sur.
173 4114 218 4164 le.
368 4116 402 4167 2⁴
416 4126 462 4169 sut
474 4121 497 4170 B
509 4120 545 4186 (is
557 4137 592 4172 m.
602 4138 649 4187 pr.
663 4125 725 4189 aud)
738 4125 840 4190 reliqui
849 4127 1009 4189 Aimoiuus,
1025 4140 1055 4175 nn
1069 4126 1117 4174 llo.

105 4193 301 4261 roceperint-
314 4195 434 4247 delerent
448 4198 495 4248 le.
599 4202 632 4254 25
645 4219 756 4268 quoom.
765 4204 789 4254 t.
895 4205 1085 4255 communicent
1097 4204 1122 4265 t,
1134 4217 1188 4251 nou
1202 4216 1227 4252 e.

213 4269 247 4324 26
259 4269 392 4338 imperitos
404 4288 421 4322 u
430 4289 457 4337 e,
472 4272 607 4340 impeditos
620 4280 645 4329 A
653 4278 677 4329 B
685 4278 707 4330 C
715 4279 741 4330 1>
754 4279 907 4330 Almoinus.
1009 4278 1043 4335 27
1055 4278 1149 4347 inpelli
1161 4278 1196 4331 B.
