2692 4688
455 210 594 281 COblbl.
611 213 673 282 vu
687 212 951 283 GAde-lb
1254 219 1320 289 dib

139 406 200 470 qne
213 384 593 464 incommodo-adbeiebat,
618 388 695 465 etsi,
719 399 863 471 quentnm
879 387 996 487 ratione
1011 387 1161 471 prouideri
1176 400 1261 474 peto·

139 498 206 566 rat,
228 488 267 552 ab
289 487 404 552 uostris
426 489 659 569 oeourrebatur,
684 499 717 554 ot
737 491 862 571 iooertis
878 491 1059 575 tenporibus
1075 491 1259 578 diuersisqne

139 591 300 657 itineribus
315 590 420 654 iretur.
461 588 582 656 Castris
604 592 642 655 ad
664 611 729 655 eam
752 604 867 675 partem
890 595 986 678 oppidi
1008 594 1115 679 positis
1130 590 1259 675 Caesar,
1275 596 1317 667 l'l

139 715 216 778 quse
230 694 406 758 intermissa
420 714 438 757 a
453 694 572 758 flumine
588 705 618 758 et
633 715 650 758 o
666 695 821 777 paludibus
836 697 959 774 editum,
976 706 1010 760 ut
1018 695 1258 781 supradiximus,

104 811 119 860 5
141 807 301 882 augustum
318 795 462 873 babebat,
480 817 618 881 aggerem
634 817 797 881 apparare,
814 800 919 863 uineas
933 819 1044 882 agere,
1068 809 1166 863 torres
1187 801 1261 866 duas

139 899 325 991 oqnstituere
340 898 457 982 eoepit:
476 918 544 961 narn
560 900 787 964 circumuallare
802 900 860 965 looi
876 912 981 965 natura
997 902 1184 985 prohibebat.
1211 901 1260 970 llo
1273 905 1296 971 2

140 1023 174 1066 re
190 1002 387 1065 lrum'entorio
401 997 495 1064 Bnios
517 1012 606 1083 etque
623 1000 763 1066 Haeduos
784 1004 939 1067 adborturi
960 1026 1019 1068 non
1036 1004 1260 1089 destitit-,qoo-

141 1125 206 1168 rum
221 1104 326 1181 alteri,
352 1103 430 1187 quod
453 1102 534 1168 nullo
557 1105 655 1168 studio
678 1105 826 1190 agebant,
852 1129 912 1170 non
927 1107 1049 1171 multum
1065 1104 1257 1188 adiuuabant,

140 1206 229 1272 alteri
244 1227 304 1271 uon
319 1207 435 1291 mugnis
452 1205 655 1285 iaoultatibus,
672 1209 748 1290 quod
763 1209 871 1272 oiuitns
887 1220 953 1273 erut
962 1211 1071 1294 exigua
1081 1221 1113 1275 et
1127 1211 1256 1288 indutas,

83 1320 117 1374 to
140 1309 290 1399 celeriter,
306 1309 385 1392 quod
400 1308 580 1387 babuerunt,
598 1322 856 1393 consumpserunt.
891 1309 1012 1376 Summo
1028 1313 1200 1377 difficultate
1213 1312 1258 1378 rei
1273 1309 1294 1375 3

141 1412 352 1476 inu-eutarius
366 1412 485 1476 edleoto
500 1414 638 1476 exercitu
653 1413 799 1477 tenuitate
807 1409 964 1491 lloiorum,
980 1413 1166 1498 indiligentia
1176 1414 1259 1480 llae-

141 1514 285 1592 dnornn,
302 1514 450 1578 incendiis
465 1515 689 1590 aedificiorum,
706 1536 799 1598 usque
820 1536 856 1579 eo
880 1526 912 1579 ut
933 1517 1093 1600 conplures
1116 1519 1179 1582 dies
1195 1520 1258 1582 ira·

141 1627 240 1681 orento
254 1617 367 1681 milites
388 1618 543 1682 caruerint
556 1627 587 1680 et
608 1636 716 1702 peoore
731 1639 772 1681 ex
788 1618 1046 1702 longinquioribus
1061 1619 1136 1684 niuis
1152 1620 1259 1685 adnoto

141 1730 306 1784 extremam
321 1721 428 1783 iamenu
444 1730 666 1797 sustentarent,
691 1721 771 1784 nulla
794 1730 892 1784 tamen
914 1744 975 1784 uox
991 1733 1037 1787 est
1052 1721 1088 1784 eb
1104 1721 1142 1785 iis
1157 1722 1259 1786 ondita

85 1832 117 1885 15
140 1822 238 1906 populi
258 1819 388 1887 llonani
410 1823 568 1887 maiestate
589 1835 621 1886 et
640 1822 845 1907 superioribus
861 1824 995 1887 uictoriis
1012 1824 1143 1907 indigus.
1175 1821 1294 1906 Quini

141 1924 231 1988 etium
239 1920 358 1989 Csesar
370 1946 437 1989 euos
452 1926 483 1988 in
499 1946 589 2010 opere
604 1925 737 2008 singulas
753 1926 888 2008 legiones
903 1926 1065 2010 appellaret
1080 1937 1121 2003 et,
1139 1926 1259 1993 sineer-

141 2024 208 2088 bins
224 2025 351 2110 inopinus
366 2028 498 2105 lerneut,
521 2048 554 2091 se
569 2029 759 2090 dimissurum
776 2029 1024 2113 oppugnationem
1041 2029 1174 2106 diceret,
1191 2029 1258 2093 uui-

143 2127 225 2191 uersi
240 2126 277 2191 ab
293 2148 349 2207 eo,
371 2150 408 2194 ne
422 2131 453 2194 id
468 2131 601 2207 laceret,
618 2129 778 2213 petebant:
802 2131 846 2192 sio
862 2150 896 2193 se
912 2131 1078 2212 complures
1094 2151 1190 2195 annos
1205 2133 1257 2194 illo
1272 2129 1293 2195 5

140 2230 307 2314 imperante
321 2232 484 2310 meruisse,
510 2244 543 2296 ut
566 2232 676 2295 nullam
692 2231 883 2314 ignominium
898 2233 1088 2314 acciperent,
1114 2251 1258 2312 nosquam

81 2343 117 2399 ²⁰
139 2333 249 2397 inlecta
263 2333 509 2400 rediseederentr
528 2337 584 2398 boo
599 2355 633 2399 se
646 2335 830 2419 ignominiae
841 2335 955 2397 laturos
971 2333 1050 2410 loeo,
1068 2335 1093 2397 si
1110 2334 1294 2416 inceptanti)

140 2436 390 2520 oppugnau'ooeat
404 2426 614 2522 reliquissent:
632 2448 788 2521 praestare
804 2458 908 2500 omnes
923 2439 1056 2521 perferre
1064 2436 1256 2512 acerbitates,
1273 2436 1295 2501 7
1337 2506 1340 2525 Ι

140 2557 227 2621 quana
242 2558 301 2604 non
318 2540 434 2604 ciuibus
449 2539 613 2618 Romanis,
630 2544 678 2624 qui
696 2541 813 2606 Geuabi
829 2541 951 2623 perfidia
967 2538 1121 2606 Gallorum
1138 2540 1259 2604 interis·

138 2653 218 2718 sent,
234 2653 441 2727 parenurent.
473 2641 556 2706 liaeo
572 2643 673 2707 eadent
690 2644 914 2707 centurionibus
930 2645 1117 2727 tribunisque
1131 2640 1294 2708 militum8

140 2743 336 2823 mandabant,
353 2756 385 2809 ut
399 2766 454 2830 per
468 2766 521 2808 eos
538 2747 574 2810 ed
591 2743 753 2811 Caesarem
769 2748 969 2810 deferrentur.
1002 2742 1078 2808 Cum
1095 2746 1152 2807 iam
1169 2766 1254 2809 muro
1270 2744 1314 2815 18

82 2856 116 2910 ts
139 2855 238 2911 turres
251 2848 556 2933 adpropinquassent,
573 2869 613 2913 ex
630 2850 756 2932 captiuis
771 2845 888 2914 Caesar
901 2849 1043 2931 cognouit
1058 2846 1258 2929 Vercingeto-

138 2949 233 3033 rigem
248 2961 425 3034 consumpto
447 2950 554 3034 pabulo
575 2963 673 3015 eastra
697 2953 829 3015 mouisse
855 2953 975 3035 propius
991 2949 1154 3011 Auaricum
1170 2957 1259 3030 atque

138 3050 233 3135 ipsum
248 3072 316 3117 oum
331 3054 462 3136 equitatu
478 3054 705 3136 expeditisque,
733 3055 783 3136 qui
803 3054 884 3117 inter
899 3052 1014 3134 equites
1031 3049 1169 3133 proeliari
1186 3070 1258 3114 eon·

139 3165 298 3233 suessent,
316 3154 488 3219 insidiarum
505 3176 594 3241 eausa
611 3176 647 3218 eo
662 3157 845 3237 proiectum,
864 3176 921 3237 quo
938 3164 1058 3216 nostros
1074 3161 1194 3236 postero
1209 3153 1258 3218 die

247 3362 260 3412 1
275 3361 415 3412 adiciebat
427 3363 459 3412 B.
564 3362 693 3429 peruideri
707 3378 729 3412 o.
852 3363 867 3412 l
880 3369 907 3410 et
920 3376 934 3410 a
947 3362 973 3412 A
981 3361 1059 3427 (ch
1074 3362 1167 3412 ‘multi
1178 3362 1255 3425 ulii’,

140 3447 169 3489 et
181 3442 281 3488 entim
289 3444 493 3506 praepositione
506 3456 529 3490 e.
697 3440 834 3507 paludibus
850 3439 871 3488 B
884 3445 911 3488 et
922 3439 1024 3503 reliqui
1034 3439 1110 3501 (nane
1124 3440 1191 3490 uod.
1204 3455 1257 3507 pro

141 3516 215 3565 ‘mse
227 3515 251 3565 o'
258 3517 374 3566 seribere
383 3517 493 3567 uolebat
507 3518 579 3566 ‘mss
590 3516 626 3567 o.'
635 3518 732 3568 borant
741 3515 874 3578 ‘omnes')‚
889 3516 983 3581 palude
997 3518 1086 3567 dede.
1191 3518 1258 3568 dee·

140 3594 215 3662 pitB.
320 3595 514 3645 circumuallari
526 3596 550 3644 b.
656 3595 808 3647 ldistltitA
816 3594 879 3657 ΟΒ,
889 3594 1027 3644 desistitb.
1134 3595 1163 3647 ll
1174 3595 1259 3659 (udie-

138 3678 180 3721 ete
192 3670 227 3735 B)
240 3670 361 3722 eooieoto
375 3673 399 3721 b.
539 3672 673 3735 diligantid
685 3686 721 3722 m.
732 3684 777 3736 pr.
791 3670 824 3731 B,
839 3669 981 3731 indigentia
995 3686 1047 3720 seo.
1061 3686 1097 3719 m.
1111 3671 1148 3720 D.

141 3749 174 3805 ¹2
185 3749 322 3815 conplures
331 3749 368 3799 B.
412 3790 427 3815 ,
538 3749 666 3799 lrumonto
678 3748 775 3798 milltes
789 3748 832 3797 lle
847 3745 962 3810 (πωλέ’,
976 3746 1072 3796 milites
1085 3745 1215 3797 frumento
1227 3761 1255 3798 tt.

248 3826 280 3877 1³
293 3835 416 3878 oarerent
429 3827 451 3876 b.
466 3826 497 3877 P.
511 3825 554 3877 83.
675 3886 677 3891 Ι
700 3841 734 3876 ex
748 3827 802 3876 CI)
816 3827 890 3875 ‘mss
906 3822 957 3888 tlt,
973 3841 986 3875 e
1000 3825 1046 3886 (B)
1056 3826 1148 3889 ?(e)u.

139 3902 252 3954 adducto
266 3903 290 3954 b.
398 3903 429 3954 tt
441 3901 484 3968 ab]
498 3918 529 3953 er
545 3904 569 3953 b.
680 3902 710 3952 lli
724 3903 840 3953 acerbius
853 3906 918 3952 ante
931 3917 1003 3952 sorr.
1017 3903 1050 3953 B.
1168 3903 1200 3957 18
1213 3919 1258 3972 pa·

139 3980 230 4032 lebant
241 3995 278 4030 m.
288 3994 335 4044 pr.
349 3980 384 4030 B.
504 3980 643 4046 compluris
658 3979 682 4028 b.
806 3979 837 4031 19
850 3994 976 4045 nusquam
989 3980 1013 4030 B
1026 3983 1099 4031 ‘men
1109 3981 1256 4049 plerique',·

139 4071 197 4107 ιιιιιιι
211 4056 273 4123 qnid
285 4070 308 4119 e,
324 4071 459 4121 numquam
471 4071 499 4105 u.
603 4054 636 4107 20
649 4054 752 4120 incepto
765 4071 794 4105 re
807 4055 864 4106 AB
873 4056 924 4106 CI)
933 4058 957 4106 b.
1062 4058 1093 4111 tt
1108 4065 1256 4124 praestaret

136 4133 193 4183 Au
202 4131 266 4184 OD.
371 4134 404 4187 24
415 4132 597 4200 perferrentur
610 4133 635 4182 b.
740 4133 772 4182 25
788 4134 867 4183 turris
878 4134 1113 4201 appropinquasset
1126 4135 1140 4184 b
1151 4133 1256 4200 (obpro-

136 4210 364 4276 pinquaueutB).
469 4209 632 4262 Corsorum.
649 4213 672 4261 b.
780 4209 1051 4279 Vercingetorigenb.
1171 4213 1256 4267 illitt-

138 4292 252 4343 sidiaodi
264 4305 343 4342 eausa
355 4291 474 4343 atoue.
579 4306 609 4342 eo
622 4306 674 4342 orn.
683 4292 773 4342 ubre.
