2692 4688
64 208 129 276 318
460 205 518 273 llll
540 202 684 273 subto
707 202 899 273 babuco

71 378 107 444 '2
121 400 173 443 sus
190 378 343 441 minuente
358 389 445 442 aestu
460 398 554 442 naues
569 380 600 442 in
616 379 701 442 uadis
718 377 951 442 addictarcntur.
997 373 1044 439 lte
1066 386 1192 459 utreque
1207 396 1242 441 rc

86 480 295 567 boppidorum
318 481 500 565 oppugnatio
520 481 745 566 inpediebatur3
776 501 812 544 ac
842 480 869 544 si
897 479 1015 563 mando
1036 478 1243 563 magnitudine

122 585 220 670 operis
236 586 314 647 lorte
328 584 480 666 superati,
507 595 632 648 extruso
654 584 729 646 mari
750 603 862 668 aggere
884 602 919 645 ac
941 579 1069 645 molibus
1092 590 1181 663 atque
1197 579 1244 645 bis

122 686 220 772 oppidi
242 686 398 749 moenibus
421 686 614 769 adaequatis,
646 686 710 749 suis
733 686 861 758 fortunis
885 684 1046 767 desperare
1068 692 1243 766 coeperant,

119 811 236 873 magnu-
246 808 371 852 numero
387 788 507 851 nauium
522 789 665 873 adpulso‚
684 789 768 852 cuins
783 787 828 851 rei
843 806 986 850 summam
1002 786 1172 850 facultatem
1189 786 1243 852 ba·
1264 800 1280 852 t

120 891 250 969 bebant,
272 912 326 956 sua
348 890 544 976 deportabant
566 891 666 954 omnia
685 911 779 973 seque
807 891 838 952 in
869 889 1005 973 proxima
1035 889 1142 973 oppida
1164 890 1246 954 reci·

84 994 258 1080 lpiebant:
281 993 324 1057 ibi
345 1014 379 1057 se
401 1014 505 1056 rursus
527 993 622 1056 isdem
645 992 915 1076 opportunitatibus
943 990 1001 1055 loci
1030 990 1241 1058 deleudebaat.

85 1096 106 1163 b
121 1095 206 1160 llaec
222 1118 258 1161 eo
274 1095 390 1159 lucilius
405 1115 543 1179 magnam
558 1106 674 1179 partem
689 1097 814 1160 aestatis
829 1094 998 1172 iaciebant,
1021 1094 1099 1176 quod
1119 1105 1244 1161 cosmae

121 1219 217 1262 naues
240 1196 465 1282 tempestatibus
489 1197 718 1276 detinebantur,
748 1217 922 1281 summaque
944 1206 1010 1261 erat
1034 1206 1122 1260 uasto
1149 1206 1243 1280 etque

21 1328 23 1332 ³
119 1311 225 1386 aperto
240 1299 327 1376 mari,
344 1302 461 1383 anagnis
477 1299 622 1379 aestibus,
639 1301 719 1364 reris
733 1321 769 1363 ac
784 1320 875 1383 prope
890 1299 980 1363 nullis
995 1298 1147 1384 portibus,
1170 1298 1245 1363 dilll·
1266 1310 1302 1364 te

64 1401 108 1473 18
122 1403 218 1467 cultas
235 1402 405 1486 nauigaudi.
443 1400 583 1485 Namque
605 1404 738 1487 ipsorum
754 1422 848 1466 naues
862 1401 899 1464 ad
915 1400 993 1463 bunc
1008 1402 1127 1465 modum
1142 1402 1242 1466 laetae

121 1514 315 1585 armataeque
338 1513 443 1567 erant:
468 1504 591 1568 carinae
612 1504 766 1587 aliquanto
787 1504 937 1586 planiores
958 1523 1044 1587 quan
1066 1512 1242 1567 nostrarum

121 1605 262 1682 nemum,
285 1625 343 1686 quo
366 1604 482 1668 facilius
504 1606 578 1671 uada
601 1627 637 1670 ac
652 1606 807 1670 decessum
822 1617 925 1670 aestus
941 1606 1082 1689 excipere
1096 1616 1239 1690 possems

85 1708 230 1792 2prcrae
249 1707 405 1770 admodum
436 1719 555 1772 erectae
585 1719 675 1791 atque
703 1709 773 1772 item
802 1727 915 1793 puppes
945 1707 981 1770 ad
1003 1707 1241 1792 magnitudinem

85 1808 261 1873 ddnotunm
283 1819 553 1894 tempestatumque
575 1812 834 1892 adcommodatee3
856 1829 950 1874 naues
972 1818 1055 1872 totae
1078 1810 1178 1874 laetae
1200 1828 1243 1874 ex
1264 1819 1298 1873 ta

85 1912 280 1978 traherent
296 1911 430 1995 quamuis
444 1912 503 1976 uim
520 1923 551 1977 et
565 1914 775 1978 coutumeliam
791 1912 1016 2000 perferendam
1042 1921 1177 1975 transtra
1191 1930 1242 1995 pc·

121 2014 238 2078 delibus
252 2014 284 2078 ia
299 2013 485 2079 altitudinem
501 2015 636 2080 trabibus
651 2018 771 2081 confixa
785 2017 880 2082 clanis
901 2015 1008 2080 terreis
1025 2013 1109 2099 digiti
1124 2012 1242 2099 pollicis

85 2114 341 2195 borussitudiae3
379 2137 509 2183 ancorae
544 2139 598 2204 pro
633 2120 753 2184 ionibus
783 2119 891 2182 ferreis
921 2117 1037 2181 catenis
1065 2118 1239 2195 reuinctae3

83 2216 105 2283 o
121 2219 214 2304 pelles
229 2241 282 2304 pro
299 2220 374 2284 uelis
389 2221 547 2305 alutaeque
562 2222 695 2286 tenuiter
709 2223 881 2298 conlectae,
899 2219 956 2284 bae
970 2218 1036 2283 siue
1050 2228 1172 2304 propter
1184 2215 1239 2282 lini

119 2322 250 2406 inopiam
266 2332 357 2405 atque
371 2323 436 2386 eius
453 2344 524 2388 usus
539 2324 750 2401 inscientiam,
775 2325 841 2387 siue
857 2343 904 2401 ec,
923 2323 1001 2405 quod
1017 2332 1065 2387 est
1076 2318 1171 2406 magis
1185 2338 1239 2383 ae·
1260 2328 1297 2385 2⁰

117 2425 260 2500 sisimile,
285 2425 362 2506 quod
386 2435 486 2488 tantae
509 2436 700 2509 tempestates
716 2422 831 2491 Oceani
848 2436 1008 2508 tantosque
1022 2425 1151 2510 impetos
1164 2424 1240 2487 uenss
1307 2412 1310 2417 ¹

120 2534 219 2588 torum
242 2525 386 2589 sustineri
409 2546 444 2589 ec
469 2537 551 2590 muta
572 2549 665 2592 onera
687 2528 806 2591 nauium
822 2528 887 2612 regi
903 2528 978 2593 uelis
993 2548 1054 2591 non
1069 2526 1144 2592 eatis
1159 2546 1241 2589 coar·

84 2625 106 2691 7
120 2626 207 2690 mode
222 2646 311 2710 posse
326 2627 561 2692 arbitrabantur.
607 2627 684 2694 Cum
709 2630 754 2694 bis
770 2632 899 2695 nauibus
914 2640 1036 2694 nostrae
1051 2628 1144 2694 classi
1158 2627 1239 2692 eiua

118 2728 198 2792 modi
213 2749 393 2814 congressus
408 2742 485 2810 erat,
503 2742 534 2794 ut
549 2752 607 2795 una
623 2733 778 2797 celeritate
793 2745 824 2797 et
839 2732 925 2817 pulsu
940 2753 1089 2797 remorum
1105 2739 1241 2814 praeete-

117 2843 177 2913 ret,
192 2832 309 2916 reliqua
323 2852 377 2916 pro
393 2832 449 2896 loci
466 2843 584 2912 natura,
603 2856 656 2920 pru
672 2835 701 2898 ui
716 2846 925 2921 tempestatum
941 2834 1110 2898 illisesscnt
1124 2833 1241 2918 aptiora
1260 2841 1294 2895 2⁵

226 3041 238 3092 1
254 3038 422 3091 imminuente
435 3042 459 3092 b.
565 3041 762 3093 addictareutur
772 3044 805 3093 B.
911 3038 1136 3107 blicpediebatnr
1147 3039 1183 3105 ll)
1193 3038 1240 3089 in·

117 3115 255 3183 pedibatur
265 3132 302 3167 ssa.
312 3132 358 3182 pr.
373 3118 408 3170 A.
511 3119 574 3169 atsi
588 3119 613 3170 b.
719 3118 833 3171 ilortae
846 3123 909 3168 uate
921 3132 993 3167 corr.
1006 3115 1040 3169 tt.
1128 3124 1238 3168 estraes

117 3198 235 3264 promari
248 3210 344 3260 aggere
356 3211 371 3245 o
381 3201 424 3259 et,
439 3199 489 3261 pue·
499 3210 571 3247 corr.
585 3197 779 3262 exstructo,s,·
792 3195 973 3247 eatrnsornuri
986 3208 1031 3260 pre
1044 3207 1140 3259 aggere
1152 3194 1168 3245 b
1180 3193 1239 3258 (cx-

116 3273 190 3324 clueo
203 3287 263 3323 uss.
279 3273 342 3323 ieet.
356 3274 402 3337 A).
530 3273 583 3340 lais]
596 3273 695 3325 hisdem
709 3280 810 3325 setar.
824 3276 946 3340 seeset
957 3271 1104 3325 secusdum
1116 3271 1236 3338 compl.

114 3351 197 3404 atuor.
212 3349 244 3415 d,
265 3349 346 3400 isdem
368 3350 430 3398 bet
450 3364 496 3413 pr.
514 3365 552 3400 sn.
564 3351 591 3416 s
605 3355 634 3401 et
649 3350 796 3402 secundusne
817 3351 885 3402 llud.
905 3350 939 3413 ἀς
967 3351 1007 3401 bis
1031 3348 1113 3401 ierne
1138 3353 1238 3401 eaeln

114 3427 233 3480 ceddo.
337 3426 498 3478 amoenitas
511 3426 596 3494 oppidi
611 3425 660 3478 te.
766 3427 947 3495 iadpuieoll.
1053 3424 1237 3480 iisdenAB

117 3507 140 3557 C
151 3509 181 3555 et
191 3520 227 3555 sn.
238 3501 327 3569 pref,
340 3505 390 3566 qasr‘
400 3503 500 3553 lisdem
511 3519 565 3554 see.
579 3518 634 3567 sss.,·
647 3504 674 3555 id
687 3510 730 3554 est
740 3505 804 3558 DE.
907 3503 1129 3572 oportunitatibus
1142 3503 1176 3555 B.

113 3582 131 3633 8
142 3594 235 3644 magua
247 3586 320 3647 parte
334 3580 533 3632 satisfaciebant
545 3581 609 3633 ott.
720 3584 736 3635 1
750 3583 942 3634 detenebantur
949 3598 995 3649 pr.
1008 3599 1046 3634 ssa.
1059 3582 1125 3633 AB.

115 3656 148 3710 lb
160 3671 253 3721 magno
266 3658 301 3708 1).
408 3658 655 3726 portnbnseorr.s.
774 3661 996 3713 tacentem.
1122 3655 1237 3709 ldaada

112 3735 203 3800 ota-s.
279 3750 295 3785 a
308 3734 443 3786 decessum
457 3736 553 3786 addito
566 3752 580 3786 c
593 3740 644 3787 isat.
658 3751 730 3787 asera.
747 3736 778 3800 0,
793 3751 824 3787 ac
837 3752 938 3787 cessum
952 3739 1097 3787 interiecta
1113 3733 1236 3798 litans.

221 3814 253 3866 ts
266 3814 476 3866 adcommodatae
489 3814 522 3864 B.
630 3815 661 3868 lb
674 3817 751 3867 robor
763 3831 800 3866 sn.
810 3830 857 3881 ps.
874 3817 908 3867 B.
1014 3814 1121 3881 qnaeris
1132 3840 1166 3852 -
1177 3826 1238 3880 per·

115 3888 236 3941 lesendas
248 3892 284 3942 1).
432 3899 548 3943 transtra
561 3908 593 3944 ex
607 3894 742 3960 pedalibas
755 3910 784 3959 e,
799 3902 914 3945 menstra
927 3895 1112 3961 sexpedalibas
1123 3894 1235 3959 corr-J.

220 3969 252 4020 17
264 3969 289 4019 in
302 3969 467 4021 latitudiaear
480 3975 575 4022 eontra
589 3972 666 4023 codd.
679 3987 709 4024 ss.
849 3974 882 4025 te
895 3974 1068 4038 grossitudine
1081 3988 1135 4024 sec.
1147 3987 1185 4024 sa.
1200 3970 1234 4023 Ι.

218 4057 332 4095 ancorae
342 4046 402 4097 AB
415 4045 491 4097 ‘snae
501 4046 625 4115 plerique
632 4050 650 4113 ⁹,
664 4049 794 4101 anchorae
806 4050 899 4117 DEJ.
1021 4051 1056 4106 11
1072 4066 1104 4102 ee
1115 4064 1170 4102 css.
1183 4048 1235 4116 as.

216 4121 543 4178 22sastiaereABCB.
647 4126 1152 4195 mosaeamcdesetmpmeb.

112 4200 288 4258 2lctianna
302 4200 328 4251 b.
432 4200 587 4254 caeleritate
600 4202 632 4253 ll.
732 4204 962 4272 pulsaremurusn]
976 4200 1234 4257 incitatisnenadd.

114 4279 145 4343 b,
159 4277 312 4331 incitatione
325 4276 389 4328 add.
401 4276 429 4328 d.
