2692 4688
61 203 128 273 ffid
515 195 851 264 BELLIAFRICAE

120 374 226 452 ranis,
252 390 326 455 quas
341 390 442 434 secum
457 369 596 445 babebat,
613 371 645 433 in
660 380 797 435 extremo
812 370 932 454 agmine
947 368 1104 434 collocatis
1119 380 1151 433 et
1165 383 1253 455 parte

122 475 273 559 equitatus
296 475 355 538 iter
376 472 486 536 leniter
507 493 575 536 curn
597 472 721 555 reliquis
737 473 838 536 iacere
853 472 964 556 eoepit.
995 469 1041 537 lta
1058 483 1170 556 quanto
1184 474 1251 538 lon-

122 578 190 661 gius
206 575 243 639 ab
259 576 365 660 oppido
381 574 601 652 discedebatur,
616 585 701 638 tanto
717 575 864 639 tardiores
879 576 916 639 ad
932 575 1148 658 insequendum
1164 587 1253 641 erant

86 677 108 744 6
121 677 284 743 Numidae.
316 676 439 741 Interim
464 676 496 740 in
512 677 620 741 itinere
636 698 676 742 ex
691 678 806 761 oppidis
822 688 853 741 et
867 677 1001 742 castellis
1018 677 1186 761 legationes
1201 699 1254 743 ue-

122 780 189 845 nire
204 790 234 843 et
249 779 384 863 polliceri
400 780 578 843 trumentum
590 790 770 864 paratosque
784 800 853 843 esse
862 800 938 863 quae
946 780 1125 864 imperasset
1134 783 1248 847 iacere.
1272 793 1287 845 t

121 879 229 965 ltaque
244 901 281 945 eo
297 881 345 944 die
360 891 460 945 castra
472 882 571 965 posuit
585 882 622 945 ad
638 882 776 966 oppidum
790 881 979 967 Ruspinam,
996 879 1067 946 ttat.
1084 879 1251 948 Ianuariis.

86 982 196 1055 'liade
219 983 313 1047 mouit
334 994 365 1048 et
386 983 522 1067 peruenit
541 983 578 1047 ad
602 984 739 1069 oppidum
754 981 888 1069 Leptin,
911 985 1038 1049 liberam
1053 985 1204 1050 ciuitatem
1219 997 1254 1050 et

122 1087 286 1151 inmunem.
318 1083 427 1168 Legati
450 1106 492 1150 ex
512 1086 618 1170 oppido
642 1085 761 1150 obuiam
783 1087 930 1165 ueniunt,
953 1086 1083 1151 libenter
1101 1107 1135 1151 se
1149 1086 1253 1151 omnia
1292 1152 1295 1156 .

87 1191 277 1264 tracturos,
295 1206 371 1269 qnae
386 1187 492 1266 uellet,
508 1188 698 1271 pollicentur.
730 1184 836 1271 Itaque
851 1188 1078 1253 centurionibus
1094 1190 1251 1273 adportas

123 1290 221 1375 oppidi
235 1299 267 1354 et
281 1289 423 1352 custodiis
439 1289 596 1374 impositis,
608 1310 646 1353 ne
662 1290 727 1373 quis
742 1291 829 1354 miles
845 1291 877 1354 in
892 1291 1028 1376 oppidum
1043 1291 1184 1355 introiret
1198 1303 1254 1356 aut
1277 1301 1306 1357 m

123 1392 263 1457 iniuriam
285 1392 399 1455 iaceret
421 1391 548 1475 cuipiam
572 1391 709 1467 incolae,
733 1413 793 1455 non
808 1393 898 1475 longe
913 1392 951 1456 ab
966 1392 1071 1476 oppido
1086 1393 1254 1457 secundum

89 1493 109 1560 3
124 1495 195 1559 litus
218 1494 290 1556 lacit
304 1505 416 1557 eastra.
448 1491 621 1577 Eodemque
636 1514 730 1559 naues
746 1496 904 1559 onerariae
919 1505 950 1558 et
963 1495 1072 1578 longae
1087 1495 1253 1560 nonnullae

125 1617 197 1660 casu
212 1596 414 1673 aduenerant,
440 1596 592 1678 reliquae,
608 1608 642 1659 ut
658 1606 705 1661 est
719 1597 746 1661 ei
763 1597 944 1673 nuntiatum,
961 1596 1096 1659 incertae
1111 1596 1250 1659 locorum

87 1697 109 1761 t
124 1696 243 1766 Vticam
265 1717 373 1761 uersus
396 1706 498 1781 petere
521 1698 605 1762 nisae
621 1709 702 1762 suut.
734 1696 856 1762 interim
872 1691 987 1762 Caesar
1001 1718 1020 1761 a
1033 1697 1109 1760 mari
1125 1718 1187 1760 non
1203 1697 1250 1761 di-

124 1799 208 1885 gredi
231 1821 327 1883 neque
349 1799 568 1864 mediterranea
588 1811 691 1884 petere
714 1812 836 1885 propter
851 1800 970 1864 nauium
984 1819 1119 1863 errorem
1135 1799 1254 1882 equita·
1277 1810 1308 1864 tt

125 1912 244 1986 tumque
259 1903 289 1965 in
304 1902 429 1966 nauibus
445 1923 562 1966 omnem
578 1903 746 1981 continere,
760 1914 795 1966 ut
809 1903 950 1981 arbitror,
965 1923 1002 1965 ne
1017 1902 1082 1986 agri
1093 1911 1253 1968 uastaren-

89 2002 109 2067 5
126 2014 192 2083 tura
203 2025 308 2088 aquam
323 2003 355 2067 in
371 2025 467 2068 naues
483 2004 565 2069 iubet
580 2007 770 2091 comportari.
788 2005 934 2089 Remiges
950 2005 1083 2084 interim,
1094 2004 1145 2087 qui
1160 2025 1253 2088 aqua·

124 2116 189 2171 tum
210 2126 228 2169 e
252 2106 377 2171 nauibus
399 2107 557 2186 exierant,
581 2108 681 2171 subito
697 2108 813 2193 equites
828 2104 931 2171 Mauri
948 2127 1047 2191 neque
1062 2105 1251 2191 opinantibus

125 2205 320 2274 Caesarianis
335 2209 430 2273 adorti
446 2209 555 2273 multos
570 2210 676 2274 iaculis
693 2211 958 2287 connumerarunt,
979 2209 1140 2273 nonnullos
1153 2209 1249 2272 inter·

90 2308 275 2378 blecerunt.
303 2310 416 2376 Latent
439 2313 517 2376 enim
532 2312 565 2376 in
578 2311 695 2376 insidiis
711 2335 776 2377 eum
794 2313 878 2396 equis
893 2312 974 2375 inter
989 2312 1140 2376 conualles
1156 2321 1189 2375 et
1202 2330 1253 2374 su·
1274 2319 1306 2372 tt

125 2415 189 2480 bito
220 2415 373 2491 existunt,
405 2436 466 2479 uon
488 2425 523 2477 ut
542 2415 573 2477 in
596 2436 699 2499 campo
722 2415 885 2480 cornminus
909 2415 1081 2498 depugnent
1099 2459 1250 2476 ......

90 2513 246 2587 BCaesar
266 2509 385 2579 interim
408 2517 439 2578 in
455 2513 626 2582 Sardiniam
650 2520 771 2583 nuntios
795 2540 861 2583 oum
885 2518 994 2581 litteris
1017 2528 1048 2580 et
1068 2517 1101 2580 iu
1123 2516 1252 2599 reliquas

127 2618 299 2706 prouincias
314 2617 454 2682 finitimas
469 2617 599 2698 dimisit,
623 2631 655 2683 ut
669 2620 727 2684 sibi
742 2620 875 2698 auxilia,
900 2630 1104 2697 commeatus,
1122 2621 1253 2682 lrumen·

128 2732 211 2800 tum,
229 2721 406 2806 simulatque
422 2722 539 2786 litteras
555 2721 711 2805 legissent,
729 2723 872 2785 mittenda
889 2733 1042 2798 curarent,
1060 2719 1253 2785 exoneratis·

128 2845 185 2909 que
207 2825 313 2909 partim
335 2824 462 2888 nauibus
478 2825 574 2907 longis
590 2822 745 2889 Rabirium
762 2822 938 2889 Postumum
952 2825 983 2886 in
1000 2819 1135 2886 Siciliam
1152 2822 1190 2885 ad
1205 2842 1256 2886 se·
1276 2830 1308 2883 25

91 2927 257 2992 2onndum
281 2938 475 2991 commeatum
492 2928 703 2991 arcessendum
720 2927 809 2990 mittit
826 2975 834 2990 .
855 2974 862 2988 .
884 2974 891 2988 .
909 2923 1025 2989 interim
1040 2944 1105 2986 eum
1121 2933 1148 2985 x
1163 2923 1252 2985 naui-

129 3028 186 3091 bus
209 3030 306 3111 longis
329 3031 366 3093 ad
387 3029 515 3114 reliquas
531 3051 624 3094 naues
640 3031 796 3094 onerarias
813 3026 1048 3112 conquirendas,
1072 3044 1148 3108 quae
1165 3024 1254 3088 deer-

93 3127 114 3193 3
129 3141 261 3208 rassent,
279 3142 309 3193 et
323 3132 411 3196 simul
425 3154 509 3197 marc
525 3134 665 3197 luendum
682 3132 718 3196 ab
735 3132 870 3197 bostibus
886 3131 969 3195 iubet
983 3127 1143 3214 prolreisei.
1177 3124 1255 3191 ltem

128 3227 167 3295 C.
186 3228 361 3296 Sallustium
384 3231 522 3320 Crispum
546 3247 715 3319 praetorem
737 3235 773 3298 ad
796 3231 957 3298 Cercinam
980 3232 1107 3296 insulam
1131 3250 1253 3303 uersus,

129 3356 215 3420 mum
238 3336 404 3400 aduersarii
427 3338 586 3418 tenebant,
611 3360 677 3403 eum
693 3348 778 3423 parte
793 3337 913 3401 nauium
935 3337 981 3400 ire
995 3333 1098 3414 iubet,
1121 3333 1257 3419 quodibi
1277 3343 1308 3394 tlt

235 3581 253 3633 2
267 3576 365 3645 tueare]
379 3592 457 3643 agere
471 3583 496 3631 b.
602 3582 618 3632 l
632 3579 767 3634 Numidiae
780 3595 806 3628 a.
914 3580 928 3628 5
942 3587 997 3630 ata
1012 3578 1035 3640 b,
1049 3593 1102 3627 om.
1117 3592 1143 3626 a.

129 3662 345 3725 paratosessea.
465 3657 739 3724 tiVsurpinamcodd.
846 3654 1079 3705 lutlanuariisa.
1186 3653 1257 3703 tlin-

127 3749 228 3786 munem
241 3751 267 3786 a.
384 3736 487 3786 obuiam
500 3734 609 3784 ueniunt
620 3750 647 3799 a,
661 3736 771 3786 ueniunt
782 3733 883 3784 obuiam
897 3732 958 3783 edd.
1076 3730 1091 3781 9
1104 3729 1188 3780 uellet
1200 3744 1255 3779 om.

127 3824 145 3859 a
158 3812 172 3859 b
185 3828 208 3860 o.
364 3814 536 3880 polliceretur
546 3826 563 3861 a
578 3812 602 3861 b.
751 3811 783 3862 lb
796 3811 937 3876 eodemque
951 3824 968 3859 a
983 3809 1056 3858 ‘maa
1071 3807 1106 3870 3⁹,
1121 3807 1211 3857 eodem
1225 3821 1254 3856 aa.

237 3886 267 3938 l3
282 3889 305 3937 ei
319 3904 372 3939 om.
389 3891 413 3941 b.
528 3888 560 3939 ¹8
573 3902 606 3938 ex
620 3888 645 3937 b.
760 3886 791 3938 tt
805 3887 1029 3937 conuulnerarunt
1040 3900 1057 3934 α
1072 3884 1097 3948 b,
1112 3882 1257 3934 conuulne-

128 3970 252 4013 rauerunt
264 3979 291 4012 u.
413 3967 446 4020 20
460 3967 485 4015 in
499 3965 633 4016 conualles
646 3979 672 4028 a,
687 3965 712 4013 in
726 3964 892 4014 conuallibus
906 3966 930 4014 b.
1047 3961 1077 4018 ll
1095 3962 1256 4013 existunto.

236 4042 352 4093 eominus
365 4044 415 4108 (α).
526 4044 968 4109 Lacunamogoaotaui.P·202.
1093 4042 1125 4096 2³
1141 4041 1257 4093 immen-

127 4117 192 4184 tum]
206 4119 340 4170 mitterent
353 4121 397 4186 qni
409 4119 474 4171 add.
490 4121 513 4169 b.
631 4122 664 4176 24
677 4135 711 4171 ex
724 4122 853 4172 onerariis
868 4122 962 4189 partim
976 4121 1000 4171 b.
1116 4119 1150 4173 25
1165 4117 1257 4170 Postu-

124 4200 202 4252 mium
218 4200 291 4250 ‘ansa
305 4204 335 4250 et
347 4199 408 4251 edd.
422 4199 495 4265 qua!
666 4200 700 4256 to
714 4201 839 4252 lacunam
852 4217 902 4266 ogo
915 4204 1021 4252 notaui.
1035 4201 1067 4251 Ρ.
1081 4198 1144 4250 2⁰3.

124 4276 343 4345 allaqueanda
358 4277 381 4327 b.
494 4275 528 4330 29
543 4274 686 4344 ‘Ceruium
701 4276 831 4346 (lerinam,
846 4277 998 4343 Celennam,
1014 4275 1163 4329 Celeriuam
1177 4277 1254 4330 maa)
