2684 4694
495 208 816 275 -lil—

95 403 148 463 eo,
165 382 215 468 qui
231 381 348 466 ‘paene'
365 400 425 443 nou
440 380 478 444 ad
495 379 658 460 ‘insulam'‚
675 382 728 445 sed
744 382 781 446 ad
796 381 918 445 uerbum
927 383 1079 466 pertinere
1090 382 1219 447 arbitra·

95 497 193 551 retur.
224 479 389 567 Superiora
403 481 495 545 uerba
509 492 650 566 corrupta
664 504 733 547 esse
747 484 824 546 idem
840 479 1021 548 ciacconius
1037 486 1122 564 uidit,
1146 485 1221 549 nibil

96 601 211 666 tamem
228 586 307 670 quod
322 584 476 670 probabile
491 583 586 648 uideri
602 585 707 669 possit,
724 586 834 651 effecit.
858 583 945 668 Quod
960 587 1052 651 uerba
1068 584 1125 652 ‘IV
1141 587 1220 653 bire-

95 712 162 755 mes
177 691 207 754 in
223 687 395 753 interiorem
410 697 525 771 partem
541 686 691 750 traduxit‘
705 689 772 753 siue
785 689 892 773 copula
906 690 1120 772 adiunguntur.
1145 689 1221 754 indi-

96 794 146 858 eiu
160 802 208 856 est
224 792 298 854 baec
313 811 380 853 cum
395 789 603 875 superioribus
619 789 720 854 uerbis
729 813 818 855 uuam
827 791 962 855 effecisse
970 791 1218 855 enuntiationem.

94 893 207 978 Neque
220 913 307 971 uero,
324 894 431 977 siquis
446 903 572 977 poneret
588 899 631 955 ‘et
645 904 787 974 quattuor
801 894 930 958 biremes
945 931 982 942 -
1001 894 1033 958 iu
1047 894 1222 958 interiorem

96 1010 212 1082 partem
233 995 392 1074 maduxit’,
414 996 491 1078 quod
506 991 630 1059 Clarkio
649 994 746 1058 uisum
762 1007 820 1073 est,
837 997 992 1080 superiora
1008 1007 1091 1060 recta
1106 1006 1220 1060 essent.

96 1097 261 1163 Nemeum
277 1098 371 1162 moles
387 1098 538 1162 diceretur
558 1099 694 1175 obiecta,
719 1119 780 1161 nou
802 1109 921 1182 poterat
942 1100 980 1162 iis
1003 1098 1102 1163 uerbis
1118 1119 1223 1182 super·

97 1201 167 1266 addi
181 1201 359 1265 adiectiuum
377 1200 556 1279 naturalis,
573 1200 627 1264 sed
643 1200 750 1265 ‘moles
765 1200 1080 1265 naturaliterobiccta'
1096 1201 1223 1265 dicende

98 1312 176 1367 erat.
209 1300 314 1385 ltaque
333 1303 377 1366 ita
396 1305 539 1387 scriptum
556 1304 650 1368 luisse
665 1304 805 1368 arbitror:
833 1303 1006 1386 ‘eodemque
1026 1315 1160 1388 tempore
1181 1324 1224 1367 ex

98 1405 195 1470 altera
209 1415 295 1489 parte
309 1404 387 1469 mole
403 1405 486 1468 tenui
502 1406 681 1471 naturaliter
695 1405 812 1471 obiecta
826 1444 869 1454 —
883 1417 1023 1488 quattuor
1038 1408 1168 1472 biremes
1180 1442 1224 1456 -

97 1508 132 1573 iu
145 1508 321 1573 interiorem
335 1519 450 1591 partem
467 1507 622 1572 maduxit’.
646 1506 699 1572 Ex
714 1509 760 1572 bis
775 1528 823 1585 ea,
841 1529 916 1590 quae
932 1510 1171 1595 uuncleguntur‚
1181 1509 1225 1573 ita

99 1620 167 1674 orta
181 1621 268 1689 sunt,
292 1620 325 1674 ut
339 1611 465 1694 primum
480 1611 582 1675 exitus
597 1611 809 1675 uocabulorum
833 1612 932 1674 ‘tenui
949 1613 1140 1678 naturaliter’
1156 1632 1225 1696 per·

99 1722 303 1791 mutarentur,
327 1711 403 1795 quod
425 1711 495 1775 item
517 1713 547 1776 b.
566 1710 647 1777 Gall.
665 1711 723 1792 Vt,
745 1712 800 1791 21,
823 1711 843 1775 5
866 1716 1040 1778 factumest
1058 1716 1091 1778 lu
1112 1715 1223 1799 optimo

100 1810 273 1899 Bong.pr.,
291 1824 324 1877 ut
339 1815 491 1879 ‘feminam
508 1815 642 1877 notitiae’
659 1814 853 1892 scriberetur,
870 1836 935 1879 oum
951 1816 1224 1880 deberet‘lemiuae

100 1917 262 1981 notitiam'.
283 1914 397 1980 Deinde
406 1939 473 1979 cunr
481 1937 534 2000 pro
545 1917 678 1980 ‘tenuit'’
693 1918 715 1980 i.
726 1939 754 1981 e.
767 1918 1225 2001 ‘tenuiter'scriptumesset‘tc-

100 2017 180 2083 uuit'
202 2017 290 2100 idque
312 2015 436 2080 uerbum
450 2018 615 2093 uideretur,
632 2020 796 2082 accusatiui
820 2019 943 2084 ‘molem
960 2023 1126 2085 naturalem
1143 2021 1225 2085 obie-

100 2118 194 2184 ctam'
204 2117 295 2181 efficti
318 2128 400 2181 sunt.
425 2113 510 2198 Quos
525 2120 716 2183 accusatiuos
731 2119 798 2184 ideo
814 2141 873 2183 nou
889 2122 1011 2199 retinui,
1029 2125 1096 2205 quia
1109 2123 1226 2188 adiecto

100 2224 190 2299 loco,
212 2223 244 2285 in
267 2241 354 2303 quem
377 2220 489 2302 aliquid
509 2219 677 2283 traductum
693 2231 785 2298 esset,
808 2218 928 2285 Latinis
949 2224 1052 2286 durum
1068 2225 1164 2287 uisum
1180 2234 1227 2289 est

101 2325 248 2409 duplicem
271 2324 475 2388 accusatiuum
498 2342 629 2406 ponere,
654 2323 707 2386 sed
729 2334 781 2387 aut
800 2344 837 2388 eu
860 2326 955 2388 forma
972 2326 1017 2389 usi
1033 2335 1115 2400 suut,
1140 2346 1227 2406 quam

101 2426 189 2513 posin
211 2427 350 2508 (eandem
372 2436 472 2491 autem
487 2425 598 2490 babent
612 2424 685 2489 baec
700 2423 782 2490 Liuii
797 2424 939 2503 XXXV,
956 2426 1000 2493 48
1016 2427 1166 2511 ‘equitum
1182 2427 1228 2490 in-

102 2529 318 2594 numerabilem
333 2529 392 2592 uim
410 2528 495 2593 traici
505 2527 700 2613 Hellesponto
715 2527 943 2614 quuropam'),
961 2532 1134 2608 notabere,
1151 2548 1228 2613 quae

102 2640 153 2696 est
173 2632 249 2715 apud
273 2626 365 2696 Caes.
388 2632 417 2695 b.
443 2629 524 2695 Gall.
540 2629 568 2710 l,
585 2630 639 2709 35,
663 2631 683 2694 3
706 2639 765 2696 ‘ue
786 2654 873 2716 quam
895 2634 1113 2699 multitudinem
1135 2632 1229 2697 bomi-

102 2754 176 2797 num
190 2734 316 2816 amplius
331 2744 417 2797 maus
432 2729 571 2797 llbenum
586 2734 619 2797 in
631 2730 760 2799 Galliam
774 2735 966 2801 traduceret'.
993 2733 1131 2817 Denique
1148 2746 1228 2798 ‘scu-

104 2833 191 2914 tula’,
208 2835 316 2919 quibus
331 2856 425 2900 naues
441 2837 596 2901 traductae
611 2838 762 2915 dicuutur,
780 2837 877 2920 qualia
894 2838 1038 2909 luissent,
1056 2855 1144 2899 nemo
1160 2855 1231 2919 pro·

102 2936 245 3005 babiliter
258 2939 433 3022 explicauit.
463 2936 532 3004 Hoc
554 2960 670 3024 quoque
687 2940 858 3004 emendauit
872 2935 1055 3003 Ciaceonius
1077 2936 1197 3000 suculas
1211 2957 1231 2999 a

104 3038 242 3106 Caesare
256 3041 369 3123 positas
385 3062 454 3106 esse
468 3043 591 3108 doeens.
617 3037 748 3105 Suculae
763 3042 842 3105 euim
859 3050 948 3104 erant
962 3039 993 3102 iu
1008 3040 1152 3104 macbiuis
1170 3049 1230 3103 tor·

104 3141 256 3207 omatibus
271 3143 353 3226 ligna
367 3145 512 3222 rotunde,
536 3165 612 3226 quae
628 3143 764 3207 uectibus
780 3142 991 3219 uersabautor,
1015 3142 1093 3225 quod
1107 3150 1232 3226 apparet

104 3265 147 3309 ex
160 3240 283 3308 Vitruu.
301 3243 328 3324 l,
350 3245 382 3322 l,
401 3244 434 3310 8.
459 3241 503 3323 Χ,
518 3244 552 3324 2,
575 3245 598 3310 2
618 3244 778 3327 multisque
789 3245 858 3309 aliis
872 3245 938 3309 eius
953 3244 1021 3309 libri
1035 3243 1123 3309 locis.
1147 3241 1231 3307 idem

103 3347 258 3424 mendum,
282 3348 359 3431 quod
379 3348 427 3412 bio
447 3348 524 3432 apud
539 3343 701 3413 Gaesarem
726 3347 872 3423 uidimus,
896 3342 1135 3430 apud-Catonem
1158 3367 1231 3427 quo·

104 3470 164 3533 que
178 3451 217 3514 de
230 3471 264 3514 re
279 3461 356 3514 rust.
374 3447 418 3516 68
432 3461 514 3515 recte
530 3450 643 3515 criticis
659 3449 821 3515 tollendum
837 3451 934 3515 uisum
949 3461 1007 3515 est.

190 3549 298 3617 Eiusd.
317 3575 345 3616 o.
362 3552 416 3628 to,
434 3553 454 3617 5
470 3555 544 3618 baec
559 3554 591 3617 in
606 3553 693 3617 codd.
710 3553 869 3637 leguntur:
894 3550 975 3617 ‘lloc
989 3554 1126 3618 conlecto
1139 3572 1231 3636 nego·

106 3654 151 3719 tio
164 3651 205 3719 l).
223 3653 362 3719 Laelium
377 3656 414 3719 ab
428 3655 565 3721 Asiatica
581 3658 678 3721 classa
692 3653 850 3719 abductum
864 3655 997 3739 reliquit,
1019 3656 1070 3740 qui
1084 3675 1231 3719 commee-

105 3768 157 3821 tus
172 3753 291 3822 Bullide
306 3768 397 3841 atque
414 3756 552 3824 Amantia
571 3758 726 3842 importari
747 3758 779 3821 in
793 3757 931 3841 oppidum
946 3757 1142 3842 probibcbat'.
1170 3753 1232 3821 Sed

105 3859 134 3923 si
148 3856 275 3923 Laelius
290 3860 349 3924 iam
366 3870 547 3925 commeatus
564 3856 687 3924 Oricum
703 3859 858 3942 importari
874 3861 1086 3944 prohibuisset,
1110 3882 1171 3925 uou
1185 3859 1232 3925 iu·

105 3962 279 4047 tellegitur,
301 3983 356 4025 cur
376 3983 443 4025 eum
458 3960 618 4045 Pompeius
641 3961 677 4026 ab
693 3959 829 4026 Asiatica
851 3958 949 4029 classe
971 3962 1130 4029 abductum
1145 3961 1232 4029 Orici

106 4064 267 4147 reliquisse
283 4063 411 4129 dicatur.
435 4064 581 4150 Apertum
596 4075 643 4128 est
659 4085 726 4128 eum
741 4064 876 4129 relictum
893 4086 973 4142 esse,
990 4077 1024 4130 ut
1037 4078 1099 4131 tum
1115 4067 1231 4130 demum

107 4168 453 4252 conmeatusimportari
463 4167 644 4251 prohiberet.
654 4163 758 4249 ltaque
768 4168 1140 4251 ‘probibeat'scribendum
1151 4176 1228 4230 erat.

109 4265 344 4336 Coniunctiuum
359 4270 528 4356 praeacutis
537 4266 900 4355 temporisCacsaretium
915 4271 945 4335 b.
957 4272 978 4335 l.
988 4268 1156 4336 c.2llextr.
1165 4285 1232 4350 per-
