2692 4688
502 206 825 274 -tee-

99 398 192 465 eprac
212 398 273 443 non
297 379 393 442 minos
417 380 621 444 necessarium
644 400 713 445 esse
735 381 921 447 existimauit
942 383 978 448 ele
1000 387 1158 470 repentino
1173 389 1225 452 atl-

98 492 191 547 nentu
207 477 352 545 Caesaris
366 478 540 565 Pompeium
557 483 622 548 lieri
638 484 816 561 certiorem,
841 485 884 548 nti
900 485 936 548 ael
952 484 980 548 it
996 488 1152 551 consilium
1173 510 1225 554 ce-

98 606 170 670 pere
185 595 301 671 posset,
319 593 477 668 antequam
493 586 531 649 de
546 586 693 649 mandatis
709 586 756 671 egi
772 585 931 670 inciperet,
951 597 1037 670 atque
1049 590 1225 655 eidemcon-

97 689 213 753 tinuato
229 697 318 751 noete
333 708 369 751 ae
392 687 440 751 ‹lie
459 688 569 751 itinere
583 698 672 770 atque
694 688 832 752 omnibns
848 688 942 772 copiis
957 691 1078 755 mutatis
1093 692 1129 755 ad
1145 694 1224 757 eele-

95 790 216 854 ritatem
240 790 381 853 iumentis
405 790 442 852 ad
464 787 640 874 Pompeium
663 790 837 868 contendit,
869 801 903 853 nt
928 792 1035 856 adesse
1060 788 1224 858 Caesarem

96 890 275 957 nuntiaret'.
310 889 369 955 llic
392 889 531 956 Bibulum
555 902 699 976 perpetuo
724 894 789 955 lere
811 912 916 956 errore
931 914 985 978 pro
1000 892 1134 959 Vibullio
1149 897 1224 959 scri·

96 1005 178 1079 ptum
194 1014 265 1058 esse
281 994 455 1078 superiores
471 995 657 1079 grammatici
672 1004 858 1072 statuerant,
882 996 1083 1060 recentiorum
1105 997 1223 1078 qnidam

95 1108 184 1162 rente
199 1096 259 1160 sibi
275 1092 415 1161 Bibulum
431 1097 600 1161 defendisse
615 1098 673 1162 nisi
688 1108 770 1161 sunt.
802 1095 841 1159 lli
856 1098 1016 1161 commenti
1032 1107 1103 1159 sunt
1117 1096 1224 1161 Vibnl-

97 1200 167 1263 lium
182 1219 200 1262 a
217 1194 354 1262 Caesare
369 1199 546 1283 peruenisse
561 1200 597 1262 ad
612 1196 752 1263 Bibulum
775 1199 861 1282 eique
877 1201 1015 1264 mandata
1030 1200 1221 1284 exposuisse,

97 1302 203 1367 deinde
229 1302 356 1365 cuniis
378 1301 524 1365 mandatis
547 1298 688 1365 Bibulum
711 1303 749 1365 ad
764 1298 936 1386 Pompeium
961 1322 1029 1366 esse
1044 1303 1221 1385 proiectum.

98 1404 182 1468 llaec
197 1404 335 1490 pluribus
350 1404 535 1487 argumentis
551 1413 635 1468 recte
655 1406 799 1468 refutauit
819 1402 1036 1490 Elberlingins.
1073 1401 1142 1467 Nos
1167 1404 1223 1468 boc

97 1530 155 1573 nno
170 1508 295 1592 defungi
308 1526 479 1591 possumus,
505 1507 532 1570 si
554 1506 583 1569 id
600 1508 708 1569 lactum
732 1517 831 1581 esset,
864 1508 1039 1591 peruenisse
1057 1506 1222 1573 Vibullium

96 1612 132 1675 ael
145 1609 291 1676 Bibulum
306 1607 435 1675 Caesari
450 1609 657 1672 declarandum
674 1609 786 1674 luisse:
815 1609 856 1673 ita
873 1609 1001 1693 quidem,
1025 1619 1059 1673 ut
1074 1630 1153 1674 none
1168 1631 1221 1695 po·

98 1725 212 1780 nentur
235 1711 329 1778 uerba
355 1709 499 1776 ‘Bibulus
522 1711 568 1775 bis
595 1711 758 1795 expositis'
782 1722 876 1790 cett,
908 1713 1082 1777 necessario
1110 1709 1220 1776 Bibulo

98 1816 241 1881 mandata
270 1836 289 1879 a
318 1811 454 1880 Caesare
482 1813 620 1896 exposita
650 1832 717 1877 esse
737 1813 970 1897 intellegendum
997 1822 1091 1878 esset.
1129 1811 1219 1892 Item,

95 1938 175 2002 qnae
189 1939 219 1981 e.
238 1915 453 2000 telegoniam
473 1916 752 1980 ‘demonstrauimus
766 1913 806 1978 L.
817 1915 980 1982 Vibullium
989 1913 1114 1993 Bolum,
1131 1912 1221 1979 Pom·

95 2021 159 2104 peii
174 2020 366 2104 preelectum,
383 2017 474 2080 bisin
491 2027 670 2100 potestatem
685 2017 860 2100 peruenisse
867 2015 1012 2082 Caesaris
1029 2028 1116 2101 atque
1131 2018 1167 2082 ab
1183 2036 1220 2081 eo

97 2142 170 2187 esse
194 2121 361 2197 dimissum,
387 2119 480 2184 semel
503 2122 540 2183 ad
555 2116 739 2196 Corfinium,
768 2119 876 2182 iterum
891 2121 922 2183 in
938 2118 1097 2203 Hispania.
1128 2119 1219 2185 llunc

96 2246 152 2309 pro
167 2223 234 2289 suis
247 2222 398 2289 beneficiis
414 2218 532 2287 Caesar
546 2222 683 2286 idoneum
699 2221 895 2299 iudicauerat,
914 2242 1001 2305 quem
1017 2242 1083 2284 cum
1100 2224 1220 2286 manda·

97 2330 134 2392 tis
146 2329 185 2392 ad
201 2322 262 2392 Cn.
279 2325 452 2412 Pompeium
468 2322 624 2402 mitteret',
644 2324 716 2388 baec
732 2323 825 2408 igitur
838 2325 914 2387 falso
938 2323 1054 2407 quidam
1069 2324 1112 2387 ita
1127 2323 1221 2388 inter-

98 2431 206 2517 pretati
222 2440 312 2508 suot,
336 2438 369 2492 nt
385 2426 549 2494 Vibullium
566 2428 623 2491 iam
640 2448 679 2491 ex
696 2424 840 2511 llispnnin
856 2427 893 2490 at
908 2424 1082 2510 Pompeium
1098 2426 1221 2491 missam

97 2535 153 2599 liei
168 2533 392 2598 existimarent.
416 2528 497 2593 Nam
512 2541 630 2614 poterat
643 2529 749 2592 dimitti
765 2541 796 2593 et
811 2539 922 2608 tamen,
939 2550 978 2593 ne
993 2529 1030 2592 ad
1045 2526 1220 2614 Pompeium

97 2638 350 2721 proficisceretur,
367 2633 466 2697 uetari
481 2641 571 2714 atque
584 2631 746 2715 prohiberi,
764 2632 914 2717 longeque
927 2644 1017 2697 antea
1027 2634 1063 2697 tle
1072 2634 1219 2697 mandatis

98 2739 232 2805 Vibullio
248 2738 354 2802 dandis
369 2732 489 2800 Caesar
503 2734 638 2818 cogitare
653 2745 788 2817 poterat,
806 2757 893 2818 quam
909 2755 975 2800 eum
992 2755 1057 2797 eum
1073 2736 1219 2799 mandatis

98 2844 272 2909 dimitteret.
306 2835 449 2904 Summae
472 2847 571 2900 autem
594 2836 762 2900 dementiae
784 2837 892 2901 luisset
913 2837 1049 2900 nuntium
1072 2838 1219 2900 aduentus

97 2946 141 3009 sui
156 2943 364 3028 praemittere,
381 2960 438 3025 qno
453 2938 570 3003 seilicet
582 2935 742 3023 Pompeius
760 2938 877 3003 facilius
892 2958 960 3001 enm
977 2938 1104 3002 traiectu
1120 2938 1218 3022 probi·

97 3046 192 3112 beret.
220 3043 352 3129 Enipea
367 3042 447 3107 serie
462 3061 562 3105 rerum
578 3040 615 3103 ab
631 3037 765 3105 Caesare
781 3050 968 3104 narratarum
986 3040 1061 3103 baec
1075 3040 1116 3104 ita
1131 3039 1220 3104 intel-

98 3149 222 3234 legendo
243 3166 313 3211 esse
335 3152 476 3229 apparet,
502 3142 746 3225 quemadmodum
761 3164 780 3207 a
795 3141 955 3206 Plutarebo
970 3138 1075 3225 Pomp.
1093 3139 1134 3206 65
1150 3161 1220 3205 nar-

98 3259 213 3328 rantur,
231 3248 363 3331 quibaee
380 3246 416 3310 ln
431 3240 566 3309 Caesare
581 3245 696 3309 scribite
715 3239 817 3318 αὑτός
830 3245 897 3330 μὲν
913 3249 961 3319 alc
971 3240 1115 3330 Ὤρικον
1130 3268 1220 3330 παρ-

99 3349 276 3440 ενέβαλεν,
311 3342 464 3437 Ἰούβιον
487 3345 524 3414 tt
552 3343 615 3415 cciv
645 3349 837 3433 Πομπηΐου
866 3346 968 3434 φίλον
998 3344 1218 3436 αἰχμάλωτον

99 3458 182 3544 ἔχων
198 3453 262 3524 otia
276 3452 383 3541 ἑαυτῷ
399 3446 486 3536 nuptie
503 3442 691 3535 Πομπήὶιιν
706 3443 897 3517 ἆνὲστιιλιε
923 3470 990 3513 nam
1006 3460 1146 3534 corrupto
1161 3470 1217 3514 no-

100 3557 176 3622 mine
192 3554 359 3621 Vibnllium
373 3553 536 3636 significari
551 3552 610 3615 iam
624 3547 786 3638 Xylander
809 3550 893 3614 uidit.
933 3551 1038 3636 ltaque
1053 3562 1084 3616 et
1098 3574 1152 3636 pro
1166 3550 1219 3616 Bi-

102 3659 165 3725 bnlo
173 3660 330 3746 ponendas
339 3666 385 3721 est
393 3654 554 3732 Vibullius,
571 3674 668 3737 neque
683 3655 709 3719 is
725 3654 880 3740 quicquam
894 3650 1051 3740 Corcyrae
1066 3672 1220 3739 exponere

100 3765 200 3846 potnit.
233 3758 323 3845 Quod
337 3770 436 3824 antem
448 3756 544 3821 Aldus
560 3777 600 3822 en
614 3757 667 3821 illo
692 3754 883 3842 ‘Corcyrae'
900 3754 999 3819 elleoit
1013 3762 1044 3818 ‘a
1060 3751 1218 3835 Caesare',

99 3868 205 3932 notan
234 3865 325 3931 babet
348 3858 594 3947 probabilitatem.
629 3854 813 3944 ‘Corcyrae'
837 3880 855 3923 e
883 3858 1027 3944 mag'stro
1057 3857 1217 3943 ascriptum

99 3981 152 4049 eet,
175 3970 248 4054 qni,
273 3986 340 4031 cum
355 3985 410 4051 pro
424 3961 558 4028 Vibullio
573 3963 688 4046 positus
704 3973 788 4027 esset
802 3960 941 4040 Bibulus,
967 3963 1046 4027 bnnn
1061 3959 1221 4045 Corcyrae

99 4072 186 4138 feisse
201 4071 414 4135 arbitraretur.
446 4063 580 4148 Legerat
600 4065 678 4129 enirn
700 4086 728 4127 c.
746 4062 778 4142 7,
796 4064 814 4128 1
832 4062 892 4128 ιΜ.
910 4062 1035 4129 Bibulus
1052 4086 1117 4128 oum
1135 4063 1221 4127 naui·

99 4172 148 4238 bns
162 4170 225 4239 CX
241 4167 397 4256 Corcyrae
419 4168 545 4251 [erntJ’.
579 4163 640 4231 Sed
662 4168 692 4232 in
717 4167 771 4230 bae
793 4186 910 4252 quoque
933 4188 968 4232 re
983 4167 1110 4230 errauit.
1143 4163 1220 4226 Erat

98 4277 171 4342 enim
186 4296 263 4343 sane
280 4271 436 4359 Corcyrae
451 4266 594 4347 Bibulus,
619 4290 685 4335 cum
709 4265 827 4336 Caesar
847 4269 1025 4433 aduenippt,
1049 4268 1101 4332 sel
1118 4263 1219 4328 statim
