2692 4688
477 196 616 267 CObffl.
636 197 679 265 lll
694 198 790 268 CAP.
805 200 962 268 oa-oot
1266 200 1332 273 W

154 389 245 454 aegre
262 369 452 448 resisterent,
464 370 702 436 animaduersum
715 383 766 436 est
775 373 880 436 uitium
894 375 1079 453 munitionis,
1090 377 1167 459 quod
1181 397 1272 463 supra

152 473 390 537 demonstratum
415 482 480 549 est,
504 484 597 556 atquc
616 473 697 538 inter
717 475 792 538 duos
808 475 921 552 nallos,
947 497 1003 558 qna
1019 479 1180 561 perlectum
1196 500 1271 563 opus

152 596 214 638 non
238 585 322 651 erat,
346 595 399 657 per
420 595 502 639 mare
513 564 648 640 ‘nauibus
663 576 794 660 expositi
809 577 841 640 in
856 598 980 641 auersos
997 588 1116 643 nostros
1132 579 1271 664 impetum

155 679 293 741 iecerunt
308 686 396 757 atque
412 697 453 740 cx
469 686 592 761 utraque
609 677 773 742 munitione
788 678 920 743 deiectos
933 690 1018 764 terga
1031 690 1153 745 uertere
1164 688 1271 765 rotge-

114 791 131 842 ι
153 788 236 843 runt.
265 775 333 841 Hoc
349 779 476 841 tumultu
492 779 628 842 nuntiato
643 777 842 845 Marcellinus
857 781 997 846 cobortes
1012 781 1143 846 subsidio
1159 783 1270 848 nostris
1284 780 1328 854 04

151 879 359 945 laborantibus
382 879 525 944 submittit
547 902 588 945 ex
604 883 732 961 castris3
757 904 834 967 quae
848 885 996 969 fugientes
1012 886 1202 967 conspicatae
1217 905 1270 949 no·

153 1003 210 1067 que
232 983 300 1046 illos
323 1002 380 1045 suo
403 983 533 1046 aduentu
554 985 730 1048 confirmare
753 995 917 1071 potuerunt
931 1006 1027 1069 ncque
1042 987 1126 1070 ipsae
1141 987 1269 1051 bostium

152 1086 291 1170 impetum
310 1084 453 1147 tulerunt.
480 1080 584 1168 ltaque
599 1086 804 1172 quodcumqae
818 1088 982 1152 addebatur
996 1088 1140 1167 subsidio,
1159 1089 1187 1153 id
1203 1089 1306 1153 cor-2

153 1198 269 1273 ruptum
293 1187 401 1251 timore
425 1187 600 1269 fugientium
617 1198 763 1254 terrorem
778 1200 809 1254 ct
823 1190 986 1273 pericnlum
1003 1190 1149 1276 angebat:
1176 1191 1268 1255 homi·

97 1298 130 1353 td
152 1291 261 1353 minum
277 1289 355 1353 enim
371 1289 561 1352 multitudine
574 1301 711 1374 receptos
726 1291 953 1375 impediebatur.
976 1290 1011 1356 lu
1028 1314 1064 1356 eo
1074 1296 1187 1378 proelio
1201 1315 1268 1359 cum
1285 1294 1305 1358 ³

154 1392 241 1478 gratu
255 1392 378 1456 uulnere
393 1402 477 1455 essct
491 1391 614 1456 affectus
628 1393 766 1475 aquilifer
781 1405 812 1458 et
826 1415 844 1458 a
860 1395 975 1459 uiribus
991 1396 1179 1473 deficeretur,
1198 1417 1270 1462 con-

152 1493 285 1578 spicatus
300 1494 416 1577 equites
432 1503 571 1570 nostros,
592 1491 691 1558 ‘lianc
706 1497 786 1581 ego’,
804 1497 911 1580 inquit,
930 1506 973 1560 ‘et
988 1497 1074 1561 uiuus
1090 1499 1199 1562 multos
1216 1519 1271 1584 pcr

153 1617 248 1659 annos
270 1616 378 1681 magon
402 1596 556 1681 diligentia
579 1597 695 1661 delendi
710 1608 742 1661 ct
756 1619 834 1662 nnnc
850 1600 981 1663 moriens
997 1602 1099 1665 eadem
1116 1601 1173 1665 lide
1189 1596 1269 1664 Cac-

152 1699 213 1762 sari
229 1698 365 1765 restituo.
398 1696 515 1777 Nolite,
535 1699 672 1777 obsecro,
690 1701 888 1780 committere,
906 1701 983 1784 quod
998 1712 1068 1766 ante
1083 1702 1113 1765 in
1130 1700 1305 1767 exercitui

99 1810 130 1864 ts
154 1797 298 1865 Caesaris
313 1822 372 1865 uon
389 1801 519 1880 aedidit,
543 1803 634 1865 atrei
651 1802 786 1885 militaris
802 1804 929 1868 dedecus
945 1805 1136 1882 admittatur,
1154 1805 1269 1868 incolu-

152 1922 291 1986 memque
316 1902 355 1967 ad
376 1923 440 1967 eum
463 1903 599 1967 deierte'.
633 1902 698 1967 lloc
714 1924 785 1968 casu
801 1906 900 1986 aquila
916 1916 1115 1971 conseruntur
1129 1906 1267 1971 omnibus

154 2006 269 2090 primae
290 2005 422 2070 robortis
442 2005 668 2070 centurionibus
690 2005 855 2070 interiectis
879 2017 996 2090 praeter
1012 2008 1171 2094 principem
1188 2009 1268 2094 prio·

153 2128 229 2172 rem.
264 2105 382 2191 lamque
398 2105 572 2194 Pompeiani
596 2130 702 2191 magua
717 2109 809 2172 caede
825 2120 996 2173 nostrorum
1012 2112 1121 2174 eastris
1138 2110 1267 2175 Marcel·
1280 2112 1324 2181 ts

153 2209 206 2275 lini
229 2211 504 2296 adpropinquabant
525 2231 583 2273 non
601 2211 743 2275 mediocri
759 2221 876 2275 terrore
892 2210 986 2274 inlato
1002 2212 1123 2292 reliquis
1139 2213 1270 2275 cohorti·

95 2322 130 2377 u
154 2314 226 2388 bns,
244 2325 275 2378 ct
288 2311 334 2377 bl.
351 2313 523 2392 Antonius,
541 2314 588 2397 qui
604 2315 771 2398 proximum
789 2313 885 2377 locutu
903 2312 1116 2396 praesidiorum
1134 2312 1305 2390 tenebat,2

155 2435 191 2479 ca
211 2435 246 2480 rc
268 2417 402 2483 nuntiata
425 2436 491 2480 cum
514 2416 685 2481 cohortibus
700 2427 750 2481 xu
773 2417 957 2480 descendens
977 2437 1016 2480 ex
1033 2416 1098 2480 loen
1113 2417 1270 2502 superiore

153 2517 341 2583 cernebatur.
383 2516 477 2584 Cuius
500 2519 647 2583 aduentus
671 2517 870 2604 Pompeianos
892 2520 1069 2605 compressit
1091 2531 1270 2604 nostrosque

154 2621 301 2699 irmaait,
324 2633 358 2685 ιι
378 2642 413 2686 sc
428 2642 469 2685 ex
484 2623 616 2685 maximo
634 2622 738 2687 timore
754 2624 941 2707 colligerent.
972 2621 1081 2706 Neque
1096 2624 1188 2687 multo
1203 2633 1270 2709 post
1285 2622 1304 2686 3

154 2718 270 2786 Cacsar
293 2722 513 2808 siguilicationc
536 2745 590 2808 per
611 2726 734 2789 castella
756 2727 834 2789 inmo
857 2728 952 2802 facta,
977 2735 1009 2787 ut
1024 2736 1091 2787 erat
1105 2725 1269 2809 superioris

95 2832 131 2887 at
154 2826 293 2909 temporis
307 2828 511 2904 consuetudo,
530 2827 665 2890 deductis
680 2827 854 2910 quibusdam
870 2825 1041 2891 cohortibus
1058 2844 1098 2886 ex
1115 2826 1270 2908 praesidiis

153 2928 256 2991 codena
279 2928 372 2992 uenit.
405 2926 464 3010 Qui
488 2930 608 3014 cognito
632 2929 809 2993 detrimento
825 2951 889 2993 cum
905 2927 1168 2994 animaduertisset
1182 2923 1305 2988 Penni

154 3030 251 3114 pcinm
275 3041 364 3095 cntra
386 3031 567 3096 munitiones
590 3053 764 3117 egressum,
787 3043 821 3094 ut
843 3032 936 3095 libere
952 3029 1083 3115 pabulari
1099 3039 1199 3112 posset
1214 3049 1290 3119 trec·

155 3132 254 3195 miuus
268 3133 378 3197 aditum
395 3135 521 3196 nauibus
538 3134 679 3209 baberet,
703 3143 883 3196 commutata
900 3132 1016 3195 ratione
1032 3132 1112 3209 belli,
1131 3133 1270 3215 qnoniam

156 3234 340 3319 propositum
358 3256 417 3298 non
434 3245 583 3314 tenuerat,
604 3246 703 3298 castra
719 3234 881 3299 secundum
899 3255 980 3299 marc
996 3234 1081 3299 iusta
1096 3233 1269 3319 Pompeium

95 3344 131 3396 30
154 3335 272 3399 munire
287 3336 385 3401 iussit.
405 3335 471 3420 Qua
490 3338 800 3421 perlecta-munitione
815 3338 1055 3401 animaduersum
1071 3349 1119 3401 est
1133 3358 1150 3400 a
1162 3357 1266 3420 specu·
1283 3335 1327 3403 db

156 3436 299 3503 latoribus
309 3435 452 3504 Caesaris
465 3441 602 3504 cohortos
612 3440 765 3524 quasdam,
776 3440 852 3523 quod
862 3441 957 3503 instar
968 3440 1093 3524 legionis
1103 3440 1268 3515 uideretur,

265 3663 274 3714 l
291 3664 417 3714 resistere
430 3681 457 3715 a.
561 3667 576 3718 3
591 3665 717 3732 expositis
729 3682 745 3715 u
761 3667 833 3714 ‘rnre
848 3663 921 3729 qdrl)
1026 3663 1270 3722 auersosFannnn,

154 3739 280 3791 aduersos
294 3742 371 3793 codd.
479 3745 645 3793 uostriobc.
753 3741 915 3792 ddeletosu.
1020 3735 1271 3790 5blarccllusobc.

262 3818 277 3868 b
291 3832 323 3869 ox
337 3819 431 3869 eastris
445 3834 510 3885 quac
524 3820 644 3882 lividius,
661 3835 692 3870 cs
706 3818 851 3883 rastrisque
865 3834 881 3866 u
891 3818 921 3876 b,·
935 3831 999 3883 quac
1013 3830 1043 3865 ex
1059 3813 1152 3865 eastris
1166 3828 1192 3864 tt.

155 3891 276 3958 ingentes
289 3911 316 3945 α.
436 3897 578 3963 conspicati
593 3898 617 3946 b.
740 3896 755 3946 8
768 3896 936 3961 quodcunque
951 3894 999 3956 (a).
1106 3892 1233 3945 adcbatur
1245 3911 1272 3945 a.

265 3973 296 4023 tt
310 3973 396 4039 inquid
411 3989 437 4023 a.
547 3972 718 4037 lbnnagnoo.
834 3971 975 4024 ibreicrtc
991 3971 1013 4021 b.
1141 3971 1275 4039 lbadpro·

154 4049 353 4115 pinquabanto.
460 4052 579 4103 inlatoa.
694 4048 917 4103 attitulantes.
1035 4051 1273 4103 2bcnstrnsecnn-

155 4127 215 4177 dnm
229 4143 299 4179 marc
320 4132 363 4180 dte
376 4130 511 4180 collocant
518 4168 525 4192 ,
545 4135 609 4197 post
628 4144 759 4192 agressum
781 4130 836 4191 (li)
849 4134 955 4193 ponunt
968 4128 1045 4180 codd.
1059 4130 1090 4180 1².
1108 4130 1164 4182 175.

154 4204 187 4255 30
200 4204 232 4254 ab
247 4222 282 4256 aar
296 4217 348 4258 tino
362 4207 416 4258 del.
432 4223 457 4256 ι.
585 4208 612 4258 31
631 4204 777 4270 uideretur]
792 4206 893 4256 ualeret
904 4221 987 4272 snpra
1001 4211 1129 4272 ascriptis
1144 4223 1174 4256 ur
1186 4222 1212 4266 u,
1228 4220 1273 4254 un-

154 4281 241 4333 lerent
254 4284 279 4333 b.
1319 4280 1327 4287 ’
