2684 4694
483 201 805 269 ...127—

87 377 153 455 tbo,
169 376 221 460 qui
233 373 454 461 panlointerias
464 373 654 440 scribendam
669 395 740 441 mae
754 371 830 438 m'dit
844 375 965 462 ‘quique
980 395 1121 460 pronora.
1137 388 1210 442 aunt

87 481 125 549 ad
141 479 275 556 unbem',
298 479 365 544 siue
388 478 619 561 ‘proconsules'
642 479 709 543 eine
732 485 799 563 ‘pro
813 476 992 542 consulibua’
1014 479 1210 564 interpretari

87 583 249 651 malumus.
294 577 525 665 Oudendorpiaa
539 581 571 645 in
586 582 651 646 eain
670 582 759 646 codd.
782 579 875 644 scribi
898 580 942 643 ait
964 583 1138 646 ‘comolet’
1161 580 1210 648 ael

90 685 214 751 ‘cond.’=
239 684 311 749 illud
332 693 377 750 est
400 683 432 749 in
448 682 550 748 liena.
572 705 639 769 pr.,
662 684 719 749 boc
739 685 772 748 in
786 681 859 747 Par.
885 703 950 746 sec.
986 680 1022 746 ln
1038 683 1094 748 boo
1110 696 1209 750 antem

88 799 120 855 ct
133 785 223 854 Laid.
241 808 288 872 pr.
305 797 397 870 atone
414 782 497 852 Scal.
517 787 608 851 ‘sunt’
624 808 685 853 uon
700 786 822 871 legitur,
843 797 875 849 ut
893 785 1017 850 liberam
1033 786 1125 850 faerit
1139 808 1211 850 con·

88 890 253 957 iunctiuum
269 910 401 974 poneret
419 890 606 972 nequeenim
622 889 716 953 omitti
732 889 856 954 uerbum
871 889 905 952 iu
919 890 974 953 bac
990 887 1135 952 orationis
1151 890 1212 954 ior·

88 1015 136 1058 ma
152 1002 281 1079 poteret.
313 988 469 1056 Difficilius
484 991 677 1067 diiudicatur,
695 992 939 1074 quemadmodum
954 991 1046 1055 uerba
1064 992 1211 1056 ‘latorum

89 1094 224 1163 andacia’
241 1094 419 1178 corrigenda
433 1093 507 1157 siat.
550 1091 631 1156 Nam
647 1092 725 1176 quod
750 1092 898 1163 ‘latores’
922 1090 1154 1179 Oudendorpius
1170 1094 1214 1157 ita

89 1196 233 1274 tetendit,
249 1206 282 1261 ut
297 1216 350 1261 eos
365 1196 500 1279 intellegi
515 1197 606 1274 dicat,
623 1195 674 1280 qni
690 1195 728 1260 ed
742 1208 879 1260 senatum
891 1197 1041 1274 tulissent,
1060 1218 1121 1262 non
1136 1198 1215 1262 lere·

89 1300 178 1364 batur
192 1300 230 1365 ad
245 1307 400 1374 senatum,
422 1298 475 1362 scd
491 1299 689 1363 referebatur.
734 1295 778 1362 Et
792 1309 891 1363 mmen
906 1300 1007 1384 inepte
1022 1300 1145 1364 audacia
1161 1318 1213 1364 eo·

90 1424 177 1479 ram,
193 1401 245 1484 qui
259 1401 453 1478 retulissent,
477 1401 515 1465 ad
530 1402 603 1466 illud
618 1411 741 1466 senatus
757 1404 924 1467 consultum
940 1403 1116 1466 descensum
1132 1400 1214 1467 dice·

90 1516 194 1571 retunt
218 1524 314 1587 neque
336 1503 416 1568 euim
430 1503 632 1583 referebatur,
655 1514 689 1567 ut
711 1503 768 1567 boc
783 1504 833 1567 nel
847 1504 919 1568 illud
935 1506 1112 1570 decerneret
1125 1523 1214 1569 sena·

91 1618 152 1686 tao,
169 1606 223 1673 scd
238 1607 275 1670 de
291 1605 346 1669 bac
361 1605 411 1671 nel
425 1605 476 1669 illa
490 1627 525 1671 re
540 1605 608 1688 qnid
623 1607 788 1685 uideretur,
806 1618 839 1670 nt
853 1608 1000 1673 relatione
1009 1607 1127 1691 quidem
1142 1628 1214 1673 seu·

92 1710 206 1777 tentiae
220 1720 391 1773 senatorum
407 1708 490 1773 nuda
505 1701 645 1792 exparte
660 1707 886 1793 impedirentur.
925 1708 1075 1775 floccum
1090 1712 1214 1774 accede-

91 1824 158 1887 ret,
182 1812 260 1895 quod
281 1812 354 1875 baec
368 1811 400 1875 in
415 1808 550 1895 generali
565 1809 716 1874 sententie
740 1811 817 1874 ‘nisi
833 1834 927 1896 paene
943 1813 973 1875 in
989 1813 1054 1896 ipso
1069 1813 1153 1876 urbin
1168 1812 1216 1875 in·

92 1915 200 1981 cendio
215 1933 373 1995 numquam
389 1922 458 1976 ante
474 1911 651 1976 descensum
667 1912 751 1975 aase’
774 1935 834 1977 non
856 1926 940 1979 reete
956 1916 1025 1999 paui
1042 1915 1216 1978 uiderentur

91 2019 178 2100 (nam
194 2014 272 2098 quod
293 2011 320 2076 l.
336 2011 390 2077 Fr.
409 2010 584 2077 Gronouins
605 2034 659 2096 per
678 2013 927 2079 exclamationem
943 2026 975 2080 et
989 2015 1215 2080 admirationem

91 2119 212 2185 adiecta
228 2114 368 2198 putabat,
385 2136 404 2181 a
419 2109 563 2178 Caesarie
579 2134 691 2197 genere
705 2114 835 2178 alienum
858 2116 940 2202 eet),
963 2115 1108 2182 Daumius
1124 2116 1217 2181 uerba

95 2223 239 2285 ‘latorum
253 2215 386 2282 audaeia'
402 2215 527 2281 deiende
543 2213 740 2278 existimauit.
784 2213 900 2280 Dubito
919 2227 1038 2298 tamen,
1062 2240 1101 2282 an
1123 2219 1218 2285 corri-

95 2323 224 2409 gendum
239 2320 280 2384 eit
297 2327 470 2404 ‘paucorum
486 2316 634 2382 andeoia’.
677 2314 773 2381 Pauci
797 2321 876 2383 enim
891 2319 1031 2385 dicuntur
1043 2319 1219 2406 Pompeiani

95 2424 217 2510 propria
232 2423 372 2488 lectionis
394 2421 537 2487 nobilium
562 2419 761 2504 appellatione
776 2420 837 2483 bui.
855 2421 908 2484 lib.
924 2421 986 2502 22,
1009 2421 1041 2487 5.
1058 2423 1121 2503 85,
1145 2425 1167 2489 9
1188 2433 1220 2491 ct

95 2548 146 2612 ap.
162 2523 246 2593 Hirt.
262 2526 292 2590 b.
310 2523 391 2591 Gall.
410 2520 503 2603 Vlll,
520 2521 582 2603 50,
598 2522 632 2589 2.
650 2521 710 2600 52,
727 2520 760 2586 3.
790 2520 948 2591 Manutius
962 2527 1097 2593 latronoa
1112 2548 1220 2613 propo-

97 2631 175 2699 suitz
201 2629 256 2695 aed
276 2629 320 2693 ita
340 2648 434 2713 paene
455 2626 582 2692 ridicule
603 2625 710 2690 summi
725 2625 758 2689 in
773 2625 894 2691 ciuitate
909 2629 967 2693 uiri
982 2632 1216 2714 appellarentur.

96 2729 226 2797 Dauisio
240 2740 339 2795 antem
354 2731 396 2797 ita
411 2750 624 2807 occurremus,
648 2738 681 2791 ut
703 2730 893 2814 neglegentia
915 2734 1040 2814 quadam
1062 2735 1135 2796 duas
1150 2754 1221 2799 neu·

99 2833 210 2897 tentiae
223 2832 256 2897 in
271 2853 361 2895 unam
376 2832 612 2897 enuntiationem
634 2831 812 2896 coniunctae
827 2832 971 2911 dicamne,
989 2834 1113 2898 alteram
1130 2835 1219 2915 liano,

97 2956 260 3018 numquam
274 2934 305 2997 id
319 2945 441 2999 senatus
457 2935 627 2999 cononltum
642 2933 700 2996 uici
722 2934 755 2995 in
776 2954 894 2997 sommo
916 2936 1088 3000 discrimine
1112 2937 1223 3000 lactum

100 3057 181 3114 esse,
198 3036 336 3114 alteram,
353 3056 510 3118 numquam
525 3057 686 3121 pancorum
702 3035 838 3099 audacia.
861 3031 949 3117 Quod
964 3036 1036 3100 item
1052 3040 1160 3101 lactum
1176 3048 1224 3105 eet

100 3139 131 3203 b.
149 3136 232 3203 Gall.
248 3134 309 3215 Ill,
325 3136 378 3216 17,
394 3136 415 3201 7
433 3138 476 3203 ‘id
489 3158 527 3203 ce
542 3140 579 3201 de
594 3159 686 3201 causa
701 3137 848 3215 iaciebat,
872 3137 948 3220 quod
964 3158 1032 3202 eum
1048 3150 1132 3203 tauta
1147 3140 1224 3205 mul·

101 3241 229 3307 titudine
243 3240 390 3316 bostium,
413 3240 589 3322 praesertim
605 3260 642 3303 eo
657 3238 799 3317 absente,
822 3239 872 3322 qui
887 3260 1031 3305 summam
1046 3242 1163 3326 imperii
1178 3251 1224 3307 tc·

101 3353 207 3423 neret,
231 3342 289 3407 nisi
310 3362 405 3424 aequo
427 3341 497 3407 loeo
518 3350 570 3405 aut
592 3341 811 3424 opportunitate
824 3341 924 3428 aliqua
939 3342 1007 3407 data
1025 3345 1123 3427 legato
1137 3343 1225 3407 dimi·

100 3446 227 3512 candnm
250 3464 311 3509 non
325 3442 548 3518 existimabat’,
573 3442 622 3509 ubi
638 3439 821 3509 Cieeooaina
843 3463 947 3507 uocem
971 3446 1106 3530 ‘legato’
1131 3444 1225 3509 deleri

99 3546 233 3612 nolebat.
1146 3572 1148 3577 ·

187 3646 226 3715 C.
243 3647 276 3727 6,
293 3647 316 3712 2
330 3648 492 3713 secuntum
508 3648 594 3712 codd.
606 3646 771 3732 Pompeius
785 3647 936 3713 affirmare
951 3650 1060 3714 dicitur
1075 3652 1225 3733 ‘legiones

100 3751 213 3816 babere
228 3770 297 3814 sese
313 3758 434 3832 paratas
450 3749 580 3813 decem':
607 3771 695 3834 quem
716 3770 873 3814 numerum
888 3762 1060 3835 corruptum
1076 3774 1145 3818 esse
1160 3773 1227 3818 cer·

101 3863 163 3919 tum
181 3864 240 3917 est.
286 3848 323 3917 In
337 3848 426 3916 ltalia
449 3852 528 3915 euim
544 3849 703 3937 Pompeius
728 3863 789 3913 tum
812 3851 886 3915 duas
911 3852 1044 3938 legionen
1067 3855 1228 3920 babebate

103 3951 239 4020 Caesare
256 3974 297 4016 ex
312 3963 436 4017 senatus
452 3953 589 4017 oooaulto
605 3954 730 4017 traditas
747 3959 791 4033 (c.
808 3952 842 4032 3,
858 3953 904 4036 3),
921 3955 953 4018 in
969 3955 1135 4040 Hispaniis,
1153 3978 1227 4040 quae

101 4077 156 4142 per
170 4057 288 4140 legatos
304 4054 477 4131 obtinebat,
495 4075 562 4118 cum
575 4056 704 4118 Afranio
720 4066 801 4134 tres,
825 4077 891 4120 conr
905 4053 1029 4121 Petreio
1045 4059 1137 4136 duas,
1160 4080 1228 4123 cum

106 4159 246 4226 Varrone
261 4160 334 4223 item
350 4158 423 4222 duas
435 4157 511 4237 (hai.
528 4155 550 4217 l.
568 4153 621 4231 38,
642 4153 672 4218 l.
690 4154 744 4236 39,
763 4157 793 4220 1.
809 4154 852 4235 ll,
871 4142 924 4235 18,
943 4158 987 4240 1).
1015 4155 1103 4242 Quod
1119 4160 1228 4246 siquis

104 4256 455 4331 Flumentanam
478 4269 511 4324 et
522 4254 631 4343 Pomp.
646 4253 689 4322 52
709 4268 798 4342 atque
811 4259 950 4345 Appiano
972 4261 1002 4325 b.
1027 4262 1088 4326 cin.
1113 4258 1163 4338 ll,
1187 4256 1229 4323 tt
