2692 4688
551 239 869 311 cmliii-72.
1265 245 1331 317 7⁰ss

148 417 257 483 stando
280 415 418 480 omnibns
441 414 479 478 ad
500 434 573 479 suos
595 434 630 478 so
645 412 770 498 recepit.
778 480 792 490 ,Ι
802 407 905 495 Scipio
919 409 1037 476 interim
1053 411 1188 497 legiones
1204 418 1308 504 pro-7

149 521 253 584 ductas
276 539 343 582 enm
358 516 544 601 elephantis,
570 537 643 599 quas
657 525 728 581 ente
742 524 844 579 castra
858 513 889 576 in
904 512 969 577 acie
984 514 1111 579 terroris
1127 519 1226 600 gratia
1240 521 1271 587 ie

148 629 312 703 conspectu
327 614 468 683 Caesaris
484 617 706 696 conlocauerat,
723 619 841 682 reducit
853 616 885 682 in
900 627 1010 682 castre.
1036 612 1154 683 Caesar
1168 631 1272 686 contra
1286 623 1326 694 71

148 721 297 787 eiusmodi
318 720 445 786 hostium
467 740 582 805 genera
601 720 702 805 copias
717 740 789 784 suas
803 741 864 784 non
880 731 914 783 ut
928 720 1090 804 imperator
1104 722 1271 789 exercitum

112 837 128 888 5
154 835 329 889 ueteranum
346 824 549 907 uictoremque
561 823 702 888 mammis
716 822 807 888 rebam
821 823 933 908 gestis,
957 822 1009 886 sed
1026 832 1059 885 ut
1073 823 1180 888 lanista
1197 825 1271 890 tiro·

148 946 204 992 nes
218 926 399 1010 gladiatores
414 926 666 1004 coudoeelacere3
690 945 749 1008 quo
765 925 838 1009 pede
853 946 886 989 se
902 925 1074 1009 reciperent
1087 924 1123 989 ab
1139 926 1225 994 hoste
1240 928 1306 993 et2

149 1028 392 1112 quemadmodum
405 1027 526 1092 oluersi
537 1027 720 1093 aduersariis
731 1037 762 1091 et
771 1027 803 1092 iu
814 1027 958 1110 quantulo
968 1026 1066 1111 spatio
1077 1027 1268 1109 resisterent,

148 1131 236 1196 modo
258 1139 474 1214 procurrerent
494 1130 582 1195 modo
603 1129 780 1195 recederent
801 1130 1112 1213 comminareutnrque
1126 1130 1268 1215 impetum

148 1252 185 1296 ac
206 1253 298 1317 prope
319 1253 378 1315 quo
398 1230 465 1297 loco
487 1242 519 1297 ct
541 1231 785 1314 quemadmodum
809 1231 869 1296 tela
883 1232 1057 1310 mitterent,
1082 1233 1266 1318 praecipere.

91 1344 125 1399 ιι
146 1331 276 1400 Mirifice
299 1334 379 1399 euim
403 1334 529 1400 hostium
551 1334 628 1399 leuis
643 1344 797 1399 armatura
811 1335 936 1405 anxium
952 1333 1118 1399 exercitum
1135 1334 1305 1400 nostrumd

148 1448 238 1520 atque
252 1436 411 1502 sollicitum
427 1436 572 1510 habebat,
587 1435 655 1519 quia
672 1447 704 1501 et
716 1437 831 1519 equites
846 1435 1020 1500 deterrebat
1034 1436 1176 1519 proelium
1192 1437 1270 1503 inire

147 1549 270 1623 propter
284 1560 427 1622 equorum
440 1538 608 1615 interitum,
624 1537 702 1622 quod
716 1558 770 1603 eos
784 1537 890 1603 iaculis
905 1537 1114 1617 interficiebat,
1129 1550 1162 1604 et
1176 1538 1270 1624 legio·

147 1641 265 1706 uarium
286 1642 408 1707 militem
433 1641 615 1725 defatigabat
637 1649 760 1725 propter
773 1639 982 1705 nelomtutems
1008 1640 1111 1724 grauis
1126 1641 1205 1706 euim
1219 1641 1305 1706 aed

148 1754 283 1810 maturae
302 1745 389 1810 miles
410 1745 588 1826 simulatque
610 1743 647 1807 ab
669 1743 707 1807 iis
729 1743 896 1808 insectatus
918 1746 1097 1807 constiterat
1111 1743 1142 1809 in
1157 1764 1269 1828 eosque

92 1855 125 1911 tt
146 1845 288 1930 impetum
303 1848 428 1924 lecerat,
438 1845 480 1909 illi
496 1845 592 1909 ueloci
606 1864 695 1908 eursu
706 1844 869 1929 periculum
883 1843 968 1909 tacite
981 1844 1125 1909 nitebant.
1148 1843 1268 1928 Quibus
1281 1846 1324 1917 72

148 1968 191 2011 ex
211 1947 300 2011 rebeus
315 1943 434 2012 Caesar
452 1946 646 2010 uehementer
666 1947 927 2026 commonebatur,
952 1947 1041 2030 quia,
1065 1947 1269 2032 quodcumque

147 2048 292 2133 proelium
313 2049 452 2131 quotiens
474 2057 542 2112 erat
562 2048 774 2127 commissum,
797 2049 932 2133 equitatu
950 2069 1006 2112 suc
1020 2049 1088 2113 sine
1103 2050 1269 2134 legionario

147 2149 242 2215 milite
263 2150 392 2216 hostium
414 2149 557 2234 equitatui
575 2149 695 2234 leuique
713 2159 883 2214 armaturae
898 2171 1001 2216 eorum
1017 2152 1097 2216 nullo
1113 2154 1199 2216 modo
1215 2173 1270 2237 par

147 2273 216 2318 esse
231 2263 359 2337 poterat.
384 2249 610 2317 Sollicitabatur
620 2262 717 2317 autern
731 2252 778 2317 bie
789 2252 892 2331 mins,
902 2253 980 2335 quod
991 2254 1121 2319 noudum
1134 2254 1269 2337 legiones
1283 2255 1306 2318 2
1324 2325 1328 2334 ,

90 2365 126 2422 11
146 2354 275 2420 hostiurn
291 2366 480 2440 cognouerat
493 2366 525 2420 et
539 2377 667 2439 monam
683 2355 769 2420 modo
784 2355 935 2420 sustinere
950 2375 984 2420 se
999 2364 1101 2440 posset
1115 2355 1153 2419 ab
1165 2377 1269 2421 eornm

146 2457 281 2540 equitatu
295 2458 414 2541 leuique
428 2468 597 2538 mmatura,
620 2478 695 2541 qnae
711 2469 777 2523 erat
790 2457 933 2535 mirilico,
958 2458 985 2522 si
1001 2459 1136 2542 legiones
1151 2479 1268 2544 quoque

148 2560 359 2625 accessissent.
406 2561 581 2626 Accedebat
601 2562 690 2626 etiam
713 2560 788 2626 haec
810 2581 919 2639 causa,
944 2562 1021 2644 quod
1042 2560 1303 2646 elephantorum3

147 2664 322 2746 magnitudo
336 2663 550 2746 multitudoque
566 2663 681 2729 animos
696 2664 820 2730 militum
838 2662 989 2728 detinebat
1004 2665 1034 2726 in
1051 2673 1179 2728 terrore.
1209 2660 1268 2728 Cui
1282 2661 1305 2728 4

149 2764 200 2828 uui
219 2766 264 2830 rei
284 2776 384 2831 nmen
405 2767 564 2831 inuenerat
577 2765 754 2831 remedium.
783 2763 923 2848 Namque
939 2765 1112 2847 elephantos
1127 2786 1168 2829 ex
1181 2762 1269 2828 Italia

89 2876 125 2932 2⁵
148 2869 347 2951 transportari
368 2869 519 2949 iusserat,
544 2891 602 2955 qno
617 2879 650 2934 et
663 2868 749 2934 miles
764 2877 868 2932 noster
882 2867 1069 2952 speciemque
1083 2875 1114 2930 et
1128 2866 1269 2929 uirtutem

147 2967 261 3034 bestiae
283 2983 502 3056 cognosceret,
524 2983 556 3039 et
578 2973 627 3038 cui
650 2971 728 3058 parti
748 2970 884 3055 eorporis
900 2969 963 3035 eius
978 2967 1070 3033 telum
1087 2967 1175 3032 facile
1189 2965 1269 3052 adigi

78 3134 80 3139 ,
147 3083 269 3156 posset,
294 3082 477 3156 ornatusque
501 3096 536 3138 ac
552 3076 695 3139 loricatus
709 3095 775 3138 cum
791 3081 875 3138 esset
888 3071 1084 3157 elephantus,
1108 3090 1184 3153 quae
1198 3090 1268 3156 pars

255 3303 349 3368 iquos
361 3314 421 3367 ego,
435 3315 500 3368 quoa
513 3300 591 3353 codd.
604 3301 634 3352 Ρ.
648 3302 709 3355 tat.
825 3303 841 3354 3
854 3301 1039 3352 conlocauerat
1050 3316 1077 3352 α.
1193 3302 1209 3353 1
1223 3301 1268 3351 ltc-

148 3379 226 3430 etiunt
239 3395 292 3431 om.
307 3394 330 3428 e.
435 3377 676 3430 dcoudocel'aceret
688 3394 705 3430 c
715 3378 739 3429 1.
845 3395 895 3445 quo
905 3379 984 3445 pedes
995 3394 1021 3444 u,
1032 3378 1098 3445 quod
1110 3378 1141 3428 ad
1152 3379 1231 3445 pedes
1241 3379 1266 3430 1.

258 3457 271 3506 1
286 3455 447 3506 uduersuriis
459 3456 555 3520 Aldus,
570 3455 738 3507 aduersarios
751 3470 768 3504 c
781 3455 807 3506 1.
930 3456 945 3508 9
958 3457 1108 3522 praecipere
1121 3470 1190 3507 anus
1202 3454 1266 3520 det,

148 3530 338 3597 praecipereta
347 3531 377 3593 1,·
385 3532 513 3599 praecipit
525 3547 551 3583 n.
658 3530 1195 3599 12interficiebat-(13)defatigabatae
1207 3531 1265 3583 cod.

148 3607 223 3672 Vra,
238 3607 432 3659 interficiebant
442 3635 476 3646 -
489 3608 670 3675 defatigabunt
682 3611 697 3659 d
710 3614 739 3661 el
749 3610 858 3675 relu'qni.
1022 3611 1053 3665 tt
1065 3619 1198 3663 armature
1210 3627 1227 3662 a
1241 3613 1265 3662 1.

257 3686 289 3737 ll
302 3684 334 3736 iis
347 3700 374 3749 a,
389 3685 429 3737 nis
443 3685 504 3737 edd.
622 3687 652 3739 15
665 3687 809 3753 periculum
824 3685 902 3739 laeilc
915 3701 943 3750 u,
957 3685 1037 3738 facila
1050 3687 1193 3754 periculum
1204 3686 1266 3740 odd.

257 3767 288 3816 11
301 3766 514 3816 uehementer-
526 3766 704 3832 quodcumque
717 3781 770 3818 om.
785 3767 809 3815 1.
973 3765 1034 3831 quia
1046 3780 1101 3816 om.
1113 3779 1131 3815 a
1144 3781 1158 3813 c
1169 3765 1186 3819 2
1199 3763 1266 3818 dett.

255 3842 424 3908 quodeunque
437 3841 491 3906 (a).
632 3841 663 3895 17
676 3841 815 3908 proelium]
831 3841 928 3893 bellum
942 3842 968 3894 1.
1107 3842 1227 3907 quotieas
1238 3858 1266 3896 a.

257 3918 414 3982 legionarios
427 3920 524 3972 milites
536 3935 554 3971 a
567 3921 592 3971 1.
723 3920 755 3972 18
768 3920 885 3986 equitatu
900 3922 925 3971 1.
1048 3921 1080 3972 lt
1093 3921 1210 3986 legiones
1222 3923 1267 3974 lto-

148 3997 225 4048 stium
238 3994 423 4060 antepilanos,
434 3997 544 4046 hostium
556 3995 673 4061 legiones
683 3995 807 4061 reliquae
815 3997 875 4050 edd.
978 3997 1011 4051 20
1020 4005 1124 4063 possent
1132 3999 1156 4049 1.

146 4075 177 4130 at
193 4080 269 4125 erunt
280 4088 307 4125 a.
412 4077 445 4128 22
458 4075 609 4143 accedebat]
623 4083 711 4129 autem
722 4075 785 4127 add.
801 4078 827 4128 1.
929 4077 963 4130 23
976 4079 1076 4129 unimus
1089 4079 1199 4133 militum
1210 4097 1228 4132 a
1240 4082 1265 4144 1,

147 4154 257 4206 militum
271 4153 371 4205 animos
383 4154 446 4206 edd·¹
557 4156 591 4208 tt
604 4169 636 4205 ex
648 4152 724 4206 ltuliu
738 4155 912 4221 ciacconius,
926 4156 951 4208 in
966 4155 1067 4210 ltaliam
1080 4156 1157 4208 codd.

146 4233 178 4284 25
191 4233 256 4299 quod
270 4248 287 4282 a
301 4234 325 4284 1.
460 4239 549 4285 noster
561 4232 656 4298 Aldus,
671 4239 791 4285 rosseto
804 4234 819 4285 1
831 4234 847 4288 2
859 4233 931 4289 dett.
1064 4234 1101 4288 ‘tt
1117 4237 1290 4288 onustus-au*

148 4308 242 4375 Aldus,
257 4317 430 4379 oneratusque
443 4326 461 4363 c
474 4311 489 4363 1
501 4327 516 4362 c
527 4309 555 4363 d.
660 4309 791 4383 elephans
803 4312 819 4366 1
833 4311 864 4366 d.
