2684 4694
559 189 795 259 sctussuts

383 385 544 431 mamonae
564 387 681 429 resana
695 384 817 429 cusam
830 382 988 428 murts.
1048 388 1052 394 ·

214 470 343 536 Sueten.
363 468 452 533 Caes.
469 465 529 531 55:
555 463 718 531 Orationes
733 466 849 550 aliquus
864 465 1004 549 reliquit,
1020 464 1103 530 inter
1117 487 1196 551 qnss
1213 480 1259 534 te-

129 595 212 640 mere
235 572 378 656 quaedam
401 573 549 634 teruntur.
573 567 634 634 Pro
647 564 692 650 Q.
709 567 835 633 Metello
856 590 916 632 non
932 568 1080 633 immerito
1095 569 1259 655 Augustus

129 677 286 745 existimat
309 672 403 756 magis
418 672 456 736 ab
471 672 611 735 actuariis
627 681 783 754 exceptam
799 670 876 734 mele
891 671 1146 755 subsequentibus
1161 676 1260 741 uerba

130 779 275 856 dicentis,
299 797 385 859 quam
409 774 445 839 ab
461 775 525 858 ipso
540 775 661 837 editam.
692 773 775 838 Nam
790 774 822 836 iu
837 772 1012 856 quibusdam
1027 777 1256 859 exemplaribus
1277 788 1292 841 t

130 881 252 949 inuenio
269 901 307 943 ne
322 877 497 961 inscriptam
512 877 630 959 quidem
646 898 700 960 pro
714 873 862 955 Metello,
879 875 932 941 sed
947 895 1033 958 quam
1048 878 1174 962 scripsit
1188 876 1261 944 tte

132 985 225 1064 tello,
247 1003 312 1045 cum
334 1002 375 1045 ex
391 1000 519 1064 persons
535 973 677 1043 Caesaris
693 1000 794 1043 sermo
809 979 850 1043 sit
862 976 1022 1043 Metellum
1037 1000 1132 1062 seque
1146 981 1260 1046 aduer-

132 1107 184 1152 sus
199 1083 396 1149 communium
412 1081 646 1145 obtrectatorum
661 1081 884 1145 criminationes
899 1082 1067 1165 purgantis.
1095 1082 1183 1168 Apud
1198 1085 1259 1148 mi-

131 1188 200 1254 lites
215 1207 332 1270 quoque
346 1186 379 1250 in
388 1183 533 1270 Hispania
547 1184 624 1248 idem
632 1183 789 1269 Augustus
805 1203 873 1248 esse
888 1183 945 1247 uix
957 1184 1051 1268 ipsius
1066 1195 1166 1269 putat3
1177 1207 1258 1268 quac

116 1295 231 1373 tumen
248 1290 358 1373 duplex
372 1291 482 1366 fertur,
499 1306 558 1350 una
572 1286 657 1369 quasi
672 1287 772 1370 priore
787 1285 887 1351 babila
902 1282 1027 1370 proelio‚‘
1042 1286 1136 1350 altera
1152 1298 1259 1370 poste·
1282 1298 1311 1351 ts

131 1394 235 1467 more,
261 1413 318 1475 quo
334 1390 459 1454 Asinius
475 1387 624 1454 Pollione
642 1399 756 1472 tempus
772 1388 889 1472 quidem
904 1392 1095 1455 condonandi
1110 1390 1261 1456 babuisse

133 1515 200 1558 eum
217 1494 286 1556 dicit
302 1493 399 1556 subita
414 1492 545 1556 hostium
559 1490 743 1554 incursione.

151 1676 209 1743 llll
225 1676 452 1744 auatuuta
466 1679 525 1744 Al)
540 1677 587 1744 Μ.
604 1677 803 1748 TVLLIVM
820 1675 1075 1747 CICERONEM
1090 1681 1136 1762 (a.
1155 1678 1229 1759 55).

218 1799 348 1864 Sueten.
363 1799 456 1864 Caes.
467 1797 529 1864 56:
551 1798 687 1883 Reliquit
701 1811 733 1864 et
747 1802 784 1865 de
798 1800 935 1885 analogia
950 1799 1023 1863 dnos
1037 1799 1131 1864 libros
1146 1810 1180 1864 et
1188 1796 1259 1863 An·

133 1901 281 1965 ticatones
297 1903 419 1966 totidem
434 1924 469 1966 ac
486 1913 641 1988 praeterea
657 1911 778 1986 potina,
796 1906 874 1988 quod
887 1902 1060 1973 inscribitur
1073 1903 1145 1966 iter.
1170 1898 1258 1984 Quo-
1280 1911 1311 1965 ti

131 2022 199 2066 rum
221 2003 363 2068 librorum
378 2004 489 2088 primos
504 2006 537 2069 in
552 2005 678 2069 transitu
693 2005 832 2090 Alpium,
856 2028 924 2072 cum
944 2026 986 2070 ex
999 2005 1139 2070 citeriore
1155 2003 1258 2070 Gallia

134 2106 331 2171 conuentibus
357 2109 486 2191 peractis
502 2110 538 2174 ad
555 2109 721 2173 exercitum
735 2109 868 2189 rediret,
892 2119 1054 2192 sequemes
1068 2108 1122 2173 sub
1137 2118 1254 2192 tenpms

133 2205 312 2275 Mundensis
328 2212 435 2295 proelii
451 2211 542 2290 lecit,
567 2212 782 2290 nouissimum,
807 2210 875 2275 dum
890 2211 928 2275 sb
942 2213 1017 2277 urbe
1030 2212 1064 2276 in
1077 2209 1254 2295 Hispaniam

133 2310 306 2376 ulteriorem
321 2325 428 2396 quarto
444 2324 476 2378 et
490 2314 635 2379 uicesimo
649 2315 696 2377 die
711 2315 859 2397 peruenit.

218 2414 339 2477 Fronto
351 2438 386 2498 p.
404 2412 468 2479 203
484 2416 534 2479 ed.
552 2417 663 2481 Rom:
692 2414 756 2480 Fac
771 2417 943 2481 memineris
959 2428 1071 2481 etcum
1086 2416 1189 2480 animo
1203 2426 1257 2480 tuo
1277 2426 1309 2482 to

135 2513 249 2594 cogites
265 2509 303 2575 C.
322 2510 485 2580 Caesarem
507 2518 696 2582 atrocissimo
710 2519 788 2581 bello
804 2516 1003 2583 Gallicorum
1019 2518 1079 2583 alin
1094 2519 1186 2583 multa
1200 2519 1256 2582 mi-

133 2612 230 2679 litaria
242 2616 400 2679 tumetium
415 2619 489 2681 duos
503 2621 539 2683 de
548 2620 685 2704 analogia
697 2619 789 2685 libros
798 2622 1073 2705 scrupulosissimus
1082 2621 1255 2705 scripsisse,

134 2717 215 2787 inter
231 2719 290 2782 tela
306 2719 438 2782 uolantia
455 2720 490 2784 de
506 2721 674 2786 nominibus
689 2723 889 2800 declinandis,
912 2724 949 2788 de
964 2724 1124 2788 uerborum
1141 2724 1256 2810 espiss-

135 2819 267 2885 tionibus
284 2832 314 2886 et
328 2822 496 2886 rationibus
511 2823 591 2887 inter
607 2825 732 2889 classica
748 2835 779 2889 et
794 2827 891 2889 tubas.

243 3071 258 3122 3
273 3073 403 3140 teruntur]
418 3083 447 3125 ut
459 3074 566 3125 addidit
581 3077 771 3141 casaubonus,
793 3077 867 3143 quod
879 3081 907 3128 tn
920 3077 1085 3129 Memmiana
1097 3078 1189 3128 abesse
1202 3092 1257 3128 nan

134 3146 264 3210 refertur.
369 3167 415 3216 pro
429 3151 459 3217 Q.
474 3151 591 3220 Metello]
606 3170 633 3205 a.
648 3156 690 3206 ut.
795 3154 1092 3221 llinllispsnis]a.t5.
1198 3168 1257 3204 csse

133 3221 323 3286 Memmianus,
339 3228 481 3279 orationem
495 3245 553 3280 esse
568 3235 654 3281 caleri
664 3232 800 3283 meliores.
923 3233 969 3285 uix
981 3248 1035 3284 om.
1050 3231 1186 3283 Metiscus
1196 3235 1257 3297 pri·

133 3313 204 3349 mus.
311 3300 422 3367 topatus
436 3306 561 3370 proelium
575 3307 686 3357 uidetur
698 3324 763 3372 esse,
779 3308 811 3359 dc
824 3324 876 3374 quo
888 3314 986 3359 auctor
999 3310 1024 3360 b.
1037 3309 1116 3374 llisp.
1131 3324 1153 3358 a.
1168 3310 1202 3363 ll
1215 3322 1258 3358 rs-

125 3374 198 3440 scrt,
213 3378 342 3441 posterius
354 3379 503 3430 Mundense
516 3382 574 3432 dici
583 3389 709 3448 apparet.
820 3385 851 3436 13
867 3385 912 3451 CJ.
929 3385 1021 3450 Quint.
1036 3386 1057 3449 l,
1074 3386 1098 3450 7,
1115 3385 1158 3437 tt.
1172 3384 1256 3435 Anat.

136 3450 249 3502 Vindob.
263 3470 292 3518 p.
309 3455 368 3505 ill.
475 3459 505 3508 ¹5
516 3474 622 3524 quorum
637 3460 761 3511 librorum
773 3461 871 3526 primos
884 3461 960 3527 cett]
974 3461 1087 3512 Summa
1100 3465 1175 3512 inter
1189 3464 1258 3514 Cae·

134 3542 222 3577 sarem
236 3535 264 3578 et
274 3531 429 3582 Ciceronem
436 3534 625 3599 familiaritas
638 3539 796 3587 intercessit
805 3541 913 3602 magnis
923 3542 1066 3603 utriusque
1075 3541 1175 3604 qfficiis
1185 3541 1260 3591 culta

135 3605 198 3654 inde
211 3621 227 3654 a
238 3611 391 3671 posteriore
401 3616 481 3675 parte
492 3616 561 3662 anni
573 3614 603 3665 56
617 3615 746 3679 usquead
752 3630 854 3665 annum
866 3617 907 3679 bl,
916 3630 969 3682 quo
979 3618 1074 3669 Cicero
1085 3619 1113 3666 irs
1125 3616 1260 3668 Cs'ts'ciam

134 3686 276 3749 profectus
296 3692 338 3737 est
356 3689 473 3740 abdicato
491 3706 581 3740 secum
595 3692 694 3757 Qrsinto
706 3693 819 3759 fratre,
838 3698 888 3758 qui
899 3694 963 3744 inde
973 3694 1007 3744 ab
1020 3709 1087 3743 anno
1101 3695 1132 3743 it
1147 3693 1261 3759 legatus

136 3761 260 3813 Caesaris
265 3765 375 3829 suerat.
394 3768 450 3818 tior
463 3773 593 3834 temporis
605 3775 696 3836 spatio
709 3773 812 3823 Cacsar
823 3776 904 3823 annis
918 3776 949 3825 5l
963 3778 992 3824 st
1003 3773 1035 3824 52
1047 3775 1074 3821 in
1086 3770 1207 3824 Galliam
1222 3779 1259 3825 ei-

136 3842 263 3889 ters'orem
282 3858 335 3891 non
357 3850 398 3895 est
408 3847 559 3911 projectus.
577 3849 657 3898 Anno
671 3848 703 3902 52
715 3849 861 3900 rebellione
874 3849 1107 3916 Vercingetorigis
1121 3866 1158 3902 eae
1170 3852 1259 3904 ltalia

133 3920 278 3966 reuocatus
292 3921 319 3966 iu
333 3935 437 3971 summa
449 3922 636 3973 sollicitudine
649 3940 701 3975 non
715 3925 828 3975 uidetur
836 3931 1029 3990 grammaticis
1040 3929 1122 3979 relus
1136 3932 1258 3981 tractare·

136 3992 178 4043 dis
190 4007 312 4044 uacasse.
325 3997 404 4048 Anno
417 4000 450 4049 il
462 4015 516 4049 una
529 4015 589 4049 cum
601 4001 701 4066 Quinto
712 4003 843 4053 Cicerone
856 4007 884 4053 ia
895 4004 1015 4056 Galliam
1028 4006 1186 4058 ulteriorem
1197 4007 1258 4058 red·

135 4071 183 4132 iit,
203 4069 383 4134 iubemusque
396 4077 526 4137 epistolas
538 4093 555 4125 a
567 4077 662 4129 Marco
674 4078 839 4144 adsratrem
852 4098 882 4133 eo
896 4088 1016 4151 tempore
1027 4089 1142 4149 missas,
1156 4090 1185 4136 irs
1198 4088 1260 4152 pui-

137 4147 185 4197 bus
198 4146 274 4197 nulla
288 4146 420 4197 librorum
434 4150 466 4199 de
478 4153 608 4217 analogia
621 4158 778 4220 mentioflt.
791 4158 888 4224 ltaque
900 4175 973 4214 asna
986 4165 1018 4216 bb
1031 4165 1080 4215 tos
1091 4165 1177 4216 libros
1189 4178 1260 4216 eom·

131 4228 238 4289 positas
251 4228 422 4276 existimaui.
