2692 4688
45 191 110 261 edd
425 196 500 265 'DE
523 197 669 269 netto
690 196 882 269 uatttcu

45 368 89 441 ὅ
104 370 175 435 tudo
190 371 226 435 ad
242 371 490 454 restinguendum
513 384 721 438 concurreret.
764 369 840 438 Cum
856 373 887 437 in
909 372 1048 437 omnibus
1063 375 1138 439 loeis
1154 396 1227 440 eon·

73 486 78 499 ¹
103 485 220 557 sumpta
234 473 292 537 ianr
309 475 424 556 reliqna
446 485 531 558 parte
552 476 652 539 noetis
667 488 871 562 pugnaretur,
893 497 1069 560 semperque
1091 478 1226 543 hostibus

104 596 173 662 spes
195 575 341 640 uictoriae
361 576 639 663 redintegraretur,
664 600 701 644 eo
723 581 838 663 magis,
862 579 940 662 qnod
962 579 1086 642 deustos
1108 582 1225 664 ptnteos

45 751 48 757 ¹
102 678 230 744 tarriam
245 679 386 743 uidebant
410 698 466 743 nec
482 680 569 744 tacite
584 682 668 745 adire
684 692 805 765 apertos
819 682 856 745 ad
871 682 1076 747 auxiliandum
1091 682 1226 747 animad·
1241 741 1244 745 .

101 780 279 859 nectebant,
303 802 478 866 semperque
501 783 556 867 ipsi
579 794 719 848 recentes
734 785 861 848 defessis
876 784 1073 848 succederent
1088 804 1223 848 omnem·
1246 797 1261 847 s

101 904 159 969 pac
174 880 293 948 Galliae
308 886 433 948 satutem
450 884 481 947 in
497 885 547 948 iilo
557 886 685 969 uestigio
701 884 842 970 temporis
854 887 1223 971 positamarbitrarentur,

72 992 85 1039 -'
101 986 210 1051 accidit
224 987 462 1070 inspectantibus
478 987 575 1065 uobis,
593 989 670 1071 quod
686 988 804 1072 dignum
821 989 964 1053 memoria
981 990 1076 1053 uisum
1090 999 1224 1072 praeter·

65 1088 231 1155 bbendum
246 1110 306 1152 non
322 1089 573 1153 existimanimus.
614 1088 742 1172 Quidem
767 1103 839 1156 ante
861 1103 976 1177 portam
995 1092 1095 1176 oppidi
1115 1087 1223 1155 Gallus

101 1210 156 1277 per
168 1204 273 1255 tnanns
295 1191 359 1255 seui
382 1212 418 1257 ae
441 1192 515 1277 picis
538 1193 663 1258 traditas
677 1193 780 1278 glebas
795 1195 827 1259 in
842 1195 943 1278 ignem
959 1214 977 1258 e
990 1195 1117 1277 regione
1131 1195 1223 1258 turris

101 1292 283 1380 proiciebat:
315 1296 475 1379 scorpione
497 1296 535 1359 ub
558 1298 653 1361 tatere
676 1297 785 1360 dextm
807 1298 950 1361 traiectus
972 1296 1223 1380 exanimatusque
1247 1306 1279 1360 td

65 1394 240 1461 dnuncidit.
280 1395 367 1461 Hunc
389 1420 429 1461 ex
452 1400 608 1483 proxumis
631 1419 707 1463 cuns
727 1400 875 1463 iacentem
891 1409 1101 1481 transgressus
1115 1399 1221 1462 codem

52 1504 55 1511 '
100 1498 153 1565 ibo
167 1518 291 1563 munere
308 1500 504 1584 fungebaturp
529 1502 631 1565 eadem
654 1501 771 1566 ratione
787 1502 848 1565 ictu
863 1501 1032 1584 scorpionis
1047 1500 1221 1565 exanimato

63 1600 190 1667 dadtcri
204 1602 351 1666 successit
365 1603 472 1666 tertius
487 1613 515 1667 et
533 1603 624 1667 tertio
639 1613 782 1686 quartus,
807 1624 862 1668 nec
885 1604 969 1689 prins
991 1604 1043 1668 itte
1058 1614 1107 1668 eat
1121 1623 1137 1666 a
1153 1624 1222 1688 prn-

100 1705 316 1790 pugnatoribus
332 1725 444 1769 uacuus
459 1705 583 1769 relictus
598 1705 700 1784 locus,
727 1726 815 1788 qnam
837 1709 985 1771 restincto
1007 1724 1118 1791 aggere
1131 1714 1220 1788 atque

42 1807 86 1878 20
101 1808 181 1872 cunni
197 1828 238 1871 ex
252 1818 338 1891 parte
352 1809 509 1872 summotis
525 1808 658 1872 hostibus
674 1808 741 1872 finis
757 1818 804 1871 est
818 1810 969 1894 pugnandi
984 1811 1093 1872 motus.
1109 1804 1220 1872 Omnia
1245 1818 1277 1870 ts

100 1909 218 1994 experti
235 1906 335 1987 Gabii,
359 1911 436 1992 qnod
460 1930 511 1974 res
535 1913 615 1975 nulla
631 1922 839 1988 successerat,
864 1923 985 1996 postero
1000 1910 1047 1975 die
1062 1909 1219 1974 consilinm

100 2022 246 2096 ceperunt
268 2032 308 2075 ex
323 2013 428 2097 oppido
446 2016 604 2098 profugere
620 2014 758 2078 hortante
772 2025 802 2077 et
818 2013 939 2077 iubente
954 2012 1217 2098 Vercingetorige.

63 2110 134 2181 21d
148 2114 269 2179 silentio
283 2116 382 2179 noctis
397 2116 496 2180 conati
511 2137 571 2180 non
586 2137 692 2202 magna
709 2117 822 2181 iactura
839 2136 961 2180 snorum
977 2133 1047 2179 sese
1058 2115 1220 2179 effecturos

100 2216 278 2303 sperabant,
302 2229 459 2302 propterea
483 2220 560 2303 quod
582 2240 681 2303 neque
697 2221 787 2303 longe
802 2219 839 2283 ab
853 2218 961 2303 oppido
975 2228 1075 2281 castra
1089 2212 1219 2281 Vercin-

98 2320 245 2406 getorigis
259 2320 395 2399 aberant,
413 2331 440 2384 et
457 2321 555 2406 palus,
573 2342 649 2404 qnae
663 2332 808 2407 perpetua
823 2321 1043 2400 intercedebat,
1064 2317 1219 2383 Romanos
1241 2327 1275 2383 tt

63 2420 84 2487 3
99 2424 135 2488 ad
151 2424 369 2509 insequendum
385 2422 531 2487 tardabat.
576 2421 700 2508 lamque
722 2425 778 2489 hoc
802 2426 902 2488 tacere
917 2433 1008 2487 noctu
1023 2420 1217 2508 apparabant,

98 2546 164 2588 cum
188 2525 430 2589 matresfamiliae
451 2536 575 2609 repente
596 2527 628 2590 in
651 2527 798 2611 publicum
818 2535 1033 2611 procurrerunt
1055 2526 1219 2607 dentesque

98 2626 250 2711 pmiectne
271 2627 308 2690 ad
324 2627 414 2710 pedes
428 2648 550 2691 snorum
565 2630 703 2694 omuibus
720 2630 858 2714 precibus
873 2628 1043 2713 petierunt,
1069 2644 1108 2689 ne
1129 2642 1164 2688 se
1185 2634 1216 2688 ct

97 2748 270 2793 eonmnncs
285 2729 395 2793 liberos
412 2730 546 2794 hostibus
561 2733 597 2795 ad
613 2734 785 2818 supplicium
795 2733 950 2808 dederent,
967 2747 1041 2812 quoe
1053 2726 1219 2812 adeapieu·

60 2830 82 2897 4
99 2834 164 2897 dam
180 2833 278 2915 fugam
294 2843 421 2897 naturae
435 2844 467 2896 ct
481 2833 588 2897 uirium
605 2834 763 2899 infirmitas
779 2835 938 2918 inpediret.
964 2830 1023 2897 Vbi
1035 2850 1088 2895 eos
1103 2828 1134 2893 in
1149 2850 1220 2894 scn-
1240 2839 1274 2893 25

31 2962 36 2999 ε
97 2937 191 3001 tentia
208 2947 345 3018 perstare
360 2935 510 3012 uiderunt,
528 2938 606 3019 quod
622 2940 794 3022 plerumque
809 2938 840 3000 in
856 2955 972 2999 sunrmo
988 2932 1117 3019 periculo
1130 2931 1219 2995 timor

96 3037 329 3103 misericordiam
345 3059 405 3103 non
419 3037 546 3124 recipit,
574 3042 762 3105 conclamare
785 3050 816 3104 et
831 3038 1001 3123 significare
1017 3036 1054 3100 de
1070 3036 1138 3119 iuga
1153 3032 1217 3096 tto-

203 3272 344 3324 dsnintcm
357 3273 529 3327 ednertcbant
541 3290 578 3325 en·
589 3275 656 3327 cotia
668 3274 740 3327 And.
757 3275 843 3326 Onon.
858 3289 886 3323 u.
1024 3272 1039 3322 b
1052 3267 1114 3338 ipsi]
1129 3268 1170 3319 itu
1182 3268 1216 3319 A.

204 3349 219 3400 t
240 3350 456 3416 praetereundum
474 3352 524 3402 Be
545 3352 685 3417 ίνινὶίφιῐζ
704 3348 964 3418 praetermittendum
985 3347 1058 3399 And.
1080 3346 1169 3398 Onon.
1188 3360 1216 3394 u.

203 3425 323 3480 stlattas
342 3442 388 3493 pcr
400 3443 489 3480 manna
502 3429 526 3480 B
538 3435 565 3479 et
576 3430 696 3496 reliquip
716 3428 823 3490 Gallus,
842 3428 886 3494 qui
899 3440 1050 3494 permeent
1063 3426 1109 3476 be.

95 3508 112 3560 b
124 3506 180 3559 sebi
194 3506 221 3557 d.
329 3506 361 3558 tu
374 3507 528 3573 proiiciebat
542 3507 598 3572 (B).
727 3508 866 3574 scurpione
878 3506 902 3558 B
915 3510 942 3555 et
955 3506 1009 3554 ‘bic
1020 3508 1050 3554 et
1059 3502 1135 3554 πων)
1148 3501 1174 3552 A
1183 3500 1215 3549 C.

204 3582 317 3635 ttbnnc
330 3591 402 3636 etex
416 3587 449 3638 A.
560 3586 770 3653 proxumisBD.
894 3579 1213 3643 tbattcriBetrele'pue‘,

96 3662 179 3714 eiuro
193 3661 285 3713 dede.
394 3664 424 3716 tt
438 3664 511 3714 toene
525 3680 578 3715 om.
593 3666 617 3716 b.
717 3664 749 3714 tt
762 3663 830 3714 omni
843 3678 876 3713 cx
888 3669 963 3728 parte
976 3676 1002 3724 a,
1016 3657 1084 3708 omni
1097 3670 1128 3706 ea
1142 3661 1216 3721 parte

95 3739 160 3792 Bet
169 3740 286 3807 relipuc'p
299 3740 367 3791 omni
380 3748 453 3807 parte
466 3740 556 3791 bede.
661 3739 796 3791 summotis
808 3739 841 3803 B,
856 3753 910 3788 noe
924 3735 1059 3793 enbnrotis.
1173 3731 1218 3779 bc·

95 3816 179 3868 stibus
193 3832 246 3867 oen.
260 3832 284 3867 e.
390 3816 421 3867 tt
434 3816 571 3882 ceperunt]
587 3817 706 3867 iecerunt
720 3818 766 3867 be.
881 3816 912 3868 ib
925 3807 1075 3881 sperabant]
1090 3807 1217 3876 putabant

94 3899 156 3958 aat,
171 3899 220 3959 put
230 3894 349 3944 atterum
362 3894 444 3945 babet
453 3909 505 3960 pro
518 3909 580 3945 uer.
594 3895 667 3958 tect„
682 3910 705 3946 e.
812 3892 1009 3958 Vercingetoria
1026 3891 1071 3957 (-
1084 3890 1125 3940 cix
1134 3888 1216 3955 puto)

96 3974 143 4025 be.
247 3970 280 4026 2⁰
292 3971 412 4038 aberant]
427 3973 538 4023 babebat
551 3974 598 4024 bc.
744 3988 810 4039 qnae
824 3981 949 4041 perpetua
962 3973 986 4024 tt
997 3977 1024 4024 et
1036 3969 1144 4036 reteque,
1160 3984 1217 4036 per-

95 4049 335 4119 petuaqnaebee.
423 4051 452 4101 tt
470 4051 634 4102 tendebatB.
725 4052 938 4103 buccABcbe.
1026 4046 1215 4118 republican]

93 4128 243 4181 medinmb.
366 4132 614 4194 procurrerantbcr
724 4131 758 4183 2³
773 4132 909 4198 praecibus
921 4131 954 4181 B.
1067 4130 1218 4197 petinemnt

98 4208 144 4259 bc.
259 4204 488 4272 nequeuntes.
609 4210 641 4262 25
655 4208 998 4277 impediebatb(inpediret
1010 4207 1055 4273 B).
1191 4208 1216 4258 in

94 4284 243 4354 praesentia
256 4286 290 4338 A.
396 4283 428 4339 27
442 4285 538 4354 recepit
550 4287 584 4337 A.
