2692 4688
13 272 30 281 -
60 219 125 289 ort
486 213 545 281 DE
568 213 713 282 BELLO
737 212 872 284 ctvnn

120 392 287 457 orationem
311 389 531 471 interrumpunt
554 388 653 451 subito
682 388 811 471 undique
833 388 893 451 tela
915 387 1058 468 inmissa3
1091 409 1168 471 quae
1190 389 1242 454 ille

121 497 257 560 obtectus
273 491 364 554 armis
381 491 504 552 militum
522 490 644 552 uitauit:
669 491 867 554 uulnerantur
882 501 980 553 tamen
997 492 1186 573 complures,
1209 493 1242 556 iu

120 598 167 661 luis
182 591 344 658 Cornelius
360 589 482 673 Balbus,
501 591 546 655 Μ.
566 590 691 668 Plotius,
711 590 749 654 L.
767 590 934 670 Tiburtius,
956 593 1149 657 centuriones
1165 595 1242 657 mili·

84 699 227 775 tresque
242 694 389 759 nonnulli.
421 692 500 756 Tum
515 692 688 758 Labienus:
709 694 848 757 ‘desinite
872 715 945 778 orgo
968 694 1005 757 de
1026 697 1243 779 compositione

120 800 220 882 loqui:
239 818 307 862 nam
324 795 409 859 nobis
426 795 483 858 nisi
493 792 740 878 Caesarisoapitc
755 797 852 860 relato
868 818 927 880 pax
937 816 1005 860 esse
1022 797 1100 861 nulla
1117 799 1239 881 poteet'.
1263 811 1279 862 5

60 903 108 974 20
206 897 303 963 Isdem
321 898 503 981 temporibus
518 896 565 961 M.
581 894 703 961 Coelius
719 897 817 961 Rulus
833 909 954 982 praetor
968 920 1058 962 causa
1075 900 1243 965 debitorum

121 1012 259 1086 suscepta
275 1001 360 1064 initio
376 1000 569 1083 magistratus
585 1001 715 1064 tribunal
730 1021 814 1064 suum
831 1003 916 1066 iuxta
934 999 971 1066 C.
991 1002 1139 1081 Treboni,
1157 1025 1243 1088 prae-

121 1106 198 1170 toris
215 1104 334 1180 urbani,
350 1102 452 1167 sellam
468 1101 628 1165 collocauit
644 1113 685 1179 et,
703 1104 729 1166 si
745 1104 810 1185 quis
826 1105 1036 1188 appellauissct
1052 1107 1088 1170 de
1104 1107 1244 1170 aestima·
1302 1177 1305 1181 ,

122 1208 204 1272 tione
228 1216 259 1270 et
280 1206 317 1268 de
337 1204 553 1281 solutionibus,
578 1225 654 1290 quae
676 1226 730 1288 per
751 1207 896 1269 arbitrum
917 1208 1042 1282 decent,
1073 1219 1106 1271 ut
1126 1205 1245 1272 Caesar

85 1311 107 1378 2
123 1328 267 1396 praesens
282 1309 493 1383 constituerat,
513 1309 577 1369 lore
591 1308 706 1370 auxilio
722 1309 927 1392 pollicebatur.
960 1309 1025 1374 sea
1037 1309 1127 1374 fiebat
1140 1311 1244 1393 aequi·
1268 1321 1302 1375 tt

123 1423 186 1476 tato
202 1410 316 1475 decreti
333 1421 364 1474 et
379 1410 561 1472 humanitate
576 1407 728 1488 Treboni,
752 1410 863 1494 quibis
880 1412 1061 1496 temporibus
1078 1413 1244 1476 clementer

123 1514 319 1579 atmoderate
335 1512 381 1574 ius
397 1513 553 1575 dicandum
570 1512 772 1591 existimabat,
792 1525 824 1576 ut
838 1515 962 1598 reperiri
980 1536 1039 1576 non
1056 1524 1198 1598 possent,
1223 1534 1242 1575 a

87 1615 107 1680 3
123 1615 227 1698 quibus
243 1614 358 1677 initium
375 1613 539 1697 appellandi
557 1627 745 1678 nasceretur.
768 1614 849 1680 Nam
867 1618 993 1677 sortasse
1009 1616 1135 1699 inopiam
1146 1634 1241 1677 exeu-

65 1704 68 1708 “
122 1738 191 1780 aare
215 1726 244 1778 et
267 1715 464 1779 calamitatem
486 1727 539 1779 aut
560 1719 709 1801 propriam
732 1738 815 1781 suam
839 1728 890 1780 aut
910 1727 1075 1801 temporum
1098 1716 1184 1799 queri
1208 1726 1242 1778 et

124 1819 310 1883 difficultates
326 1819 515 1882 auctionandi
532 1840 699 1903 proponere
715 1822 804 1884 etiam
820 1820 977 1884 mediocris
994 1832 1040 1882 est
1062 1818 1170 1896 animi3
1193 1818 1241 1881 in·
1269 1829 1303 1881 tt

122 1933 225 2004 tegras
242 1941 313 1985 uero
330 1930 433 1983 tenere
449 1922 675 2003 possessiones,
701 1924 750 2005 qui
774 1945 808 1987 se
831 1925 939 1986 debere
964 1923 1131 1998 fateantur,
1156 1920 1242 1982 cuius

86 2023 212 2088 danimi
229 2022 379 2086 antonius
394 2023 585 2106 inpudentiae
600 2027 668 2088 est?
698 2023 821 2108 Itaque,
847 2026 902 2088 boc
919 2025 966 2107 qui
984 2024 1167 2108 postularet,
1192 2041 1242 2083 re·

122 2126 293 2210 pariebatur
308 2146 407 2189 nemo.
439 2126 539 2209 Atque
554 2128 647 2210 ipsis,
666 2128 702 2191 ad
719 2150 843 2211 quorum
861 2127 1044 2191 commodum
1061 2125 1239 2212 pertinebat,

123 2229 226 2297 durior
240 2229 380 2292 iuuentus
397 2240 444 2292 est
459 2227 594 2293 Coelius.
628 2227 687 2294 Sed
703 2232 739 2294 ab
756 2233 810 2294 hoc
827 2233 979 2314 protectus
995 2230 1099 2306 initio,
1124 2248 1163 2291 ne
1179 2229 1242 2289 lru·

124 2343 188 2396 stra
209 2333 364 2414 ingressus
389 2340 501 2413 turpem
525 2352 643 2394 causam
660 2333 831 2410 uideretur,
856 2334 950 2416 legem
967 2330 1186 2415 promulgauit,
1210 2336 1243 2391 ut
1263 2336 1297 2391 bb

65 2433 104 2504 21
121 2434 247 2497 sexenni
264 2434 312 2496 die
328 2434 394 2495 sine
410 2434 508 2495 usuris
524 2434 656 2497 creditae
671 2435 814 2517 pecuniae
831 2436 1000 2498 soluantur.
1026 2431 1101 2497 Cum
1118 2433 1241 2495 resiste·

122 2546 171 2598 ret
184 2532 330 2598 Seruilius
347 2533 450 2595 consul
466 2534 630 2616 reliquique
647 2537 857 2620 magistratus,
875 2547 904 2598 ct
919 2538 1015 2599 minus
1032 2535 1171 2618 opinione
1187 2552 1240 2595 aua

123 2637 272 2712 efficeret,
295 2634 331 2697 ad
353 2634 501 2698 hominum
526 2637 685 2700 excitanda
708 2640 806 2701 studia
830 2639 946 2701 sublata
968 2637 1068 2721 priore
1084 2637 1150 2717 lege
1166 2636 1240 2699 duas

122 2738 337 2824 promulgauit:
355 2758 463 2812 unam,
481 2760 539 2820 qua
554 2742 706 2804 mercedes
724 2741 934 2804 habitationum
951 2759 1064 2801 annuas
1081 2739 1242 2801 conducto·

90 2842 208 2911 2ribus
224 2841 365 2917 donauit,
382 2840 467 2904 aliam
484 2841 649 2904 tabularum
667 2865 828 2918 nonarum,
853 2843 1021 2925 impetuque
1044 2841 1243 2904 multitudinis
1264 2850 1298 2905 25

121 2943 154 3007 in
170 2941 208 3007 (ἰ.
226 2943 410 3008 Trebonium
434 2944 512 3007 lacto
534 2954 565 3008 et
587 2945 737 3008 nonnullis
760 2945 926 3008 uulneratis
949 2964 1016 3005 eum
1039 2943 1074 3005 de
1099 2942 1243 3005 tribunali

123 3046 302 3109 deturbauit.
335 3045 382 3110 De
398 3047 503 3128 quibus
523 3046 611 3111 rebus
629 3046 776 3111 Seruilius
798 3047 903 3110 consul
919 3047 955 3111 ad
971 3055 1106 3109 senatum
1123 3043 1239 3121 retulit,

87 3146 108 3210 3
123 3157 304 3229 senatusque
321 3144 456 3212 Coelium
480 3150 516 3213 ab
539 3151 689 3234 republica
705 3151 916 3214 remouendum
933 3149 1058 3213 censuit.
1106 3143 1172 3207 Hoc
1188 3146 1240 3208 de-

123 3258 206 3310 creto
223 3269 287 3310 cum
305 3253 409 3314 consul
425 3263 531 3315 senatu
554 3253 705 3337 prohibuit
724 3265 754 3317 et
775 3253 942 3317 contionari
967 3261 1123 3315 conantem
1140 3249 1176 3311 de
1192 3268 1241 3309 ro·

231 3429 242 3480 l
258 3427 343 3479 subito
357 3431 469 3497 undique
481 3449 498 3482 α
512 3433 682 3500 Stephanus,
703 3435 815 3500 undique
838 3434 922 3485 subito
937 3432 1059 3497 reliquae
1072 3431 1132 3482 edd.

122 3507 266 3557 inmissae.
372 3511 554 3564 ⁸linteolunb.
661 3511 834 3566 bPlnciuna.
948 3510 1132 3577 Tyburtiuta·

121 3584 338 3650 centurimsque
354 3587 378 3636 b.
500 3589 602 3656 tergo]
617 3592 700 3657 iuquit
713 3592 738 3642 b.
845 3593 859 3642 b
877 3591 925 3640 nisi
940 3605 954 3639 a
969 3589 1091 3640 Caesaris
1105 3603 1131 3636 a.

121 3663 137 3715 b
151 3663 232 3715 isdem
246 3678 271 3726 a,
287 3663 378 3715 iisdem
392 3680 419 3714 a.
558 3668 717 3733 temporibus
730 3668 818 3730 codd,
834 3668 991 3732 temporibus
1005 3665 1099 3716 llomoe
1113 3663 1199 3714 Aldus
1211 3678 1240 3714 u.

231 3741 247 3792 7
260 3739 375 3791 Treboni
387 3757 415 3792 α.
519 3743 536 3794 8
549 3744 735 3809 appellaniaaet
748 3760 765 3793 a
781 3746 853 3794 ‘mem
865 3744 1007 3810 plerr'que',
1022 3744 1182 3809 appellasset
1193 3742 1242 3794 At-

121 3817 172 3868 due
185 3834 265 3882 napos
279 3836 306 3868 u.
448 3819 479 3872 10
491 3821 635 3889 aequitate]
649 3823 786 3874 celeritate
801 3823 825 3872 b.
967 3823 996 3873 ll
1012 3820 1126 3871 Treboni
1139 3822 1200 3885 (sie)
1213 3837 1240 3872 a.

229 3898 269 3947 bis
282 3913 335 3947 om.
349 3913 366 3948 α
376 3899 401 3948 b.
507 3899 538 3951 lb
551 3901 683 3952 moderate
697 3901 753 3951 eins
766 3917 793 3964 a,
806 3901 940 3950 moderata
953 3901 1008 3949 eins
1021 3900 1045 3950 b.
1151 3915 1241 3966 reppe-

121 3972 169 4024 riri
181 3988 207 4021 u.
346 3983 453 4040 possent
465 3976 638 4041 Stepbanus,·
652 3985 739 4044 posset
753 3977 842 4041 codd„
857 3980 914 4027 ariel
925 3977 998 4043 qnod
1009 3977 1091 4043 possit
1105 3978 1130 4027 b.

123 4051 154 4102 lb
168 4048 293 4115 proprium
308 4066 359 4099 om.
376 4053 400 4100 b.
523 4054 554 4105 17
568 4055 732 4121 inpudentiae
744 4070 771 4104 n.
895 4055 1092 4121 repperiebatur
1103 4068 1130 4103 a.

123 4127 155 4179 lb
169 4128 214 4177 sed
229 4127 400 4190 ciacconius,
416 4134 442 4178 ot
456 4128 532 4178 codd.
647 4133 676 4187 21
693 4133 801 4183 sexenni
816 4133 857 4184 die
871 4134 901 4183 Ρ.
916 4134 1069 4194 Manutius,
1084 4132 1170 4182 sexies
1184 4131 1239 4182 seni

121 4206 179 4257 diet
192 4205 268 4255 codd·
375 4207 408 4258 ²3
417 4205 516 4257 efficere
526 4209 548 4257 b·
655 4212 688 4265 25
697 4213 775 4262 aliam
788 4214 836 4276 ab,
852 4214 960 4264 alteram
969 4213 1094 4264 Faernus
1103 4229 1129 4262 u.

119 4283 152 4339 2⁹
167 4284 317 4335 continuare
333 4286 406 4336 ‘mam
423 4286 455 4351 l',
470 4285 618 4338 concionari
632 4289 681 4353 (a).
