2692 4688
484 194 807 260 -104—

1210 223 1221 319 ³.

83 371 203 434 bantur.
230 366 290 432 Sed
306 369 387 433 etde
402 368 481 430 uiuis
496 367 579 430 etde
594 366 789 431 cadaueribus
805 366 835 430 id
850 366 972 430 uerbum
989 365 1088 448 posuit
1101 362 1210 430 Liuius

83 470 209 550 XXIV,
232 468 274 536 39
298 472 475 534 ‘caeduntur
490 467 671 534 Hennenses
687 489 780 532 cauca
803 468 910 532 inclusi
932 478 1212 550 coaceruanturque

84 596 146 639 uon
162 574 252 640 caede
268 573 383 649 solum,
407 572 462 635 sed
483 571 677 654 suaninga,
703 593 769 636 cnm
790 570 841 634 alii
862 591 955 653 super
969 571 1096 634 aliorum
1112 570 1212 654 cupite

83 688 207 740 ruerent
233 686 323 756 atque
347 674 459 756 integri
487 673 618 750 sauciis,
652 673 713 737 uiui
738 673 866 736 mortuis
888 672 1055 736 incidentes
1078 675 1213 736 cumula·

83 779 211 843 rentnr'.
620 849 623 855 ,

171 876 245 942 Non
275 889 416 942 constant
443 881 499 943 sibi
512 883 530 958 ,¹
557 900 633 964 quae
669 900 696 942 c.
724 877 785 954 73,
816 878 838 941 2
868 879 898 941 in
935 878 1021 941 codd.
1051 877 1211 961 leguntora

87 978 234 1044 ‘Truncis
249 980 390 1044 arborum
405 993 458 1045 ant
472 983 627 1045 admodum
644 981 736 1045 firmis
752 981 844 1045 renuis
860 979 987 1044 abscisis
1001 991 1091 1063 etque
1107 979 1212 1045 borum

85 1080 240 1146 delibratis
255 1102 290 1145 ac
305 1085 472 1165 praeacutis
489 1083 692 1148 cacuminibus
708 1093 870 1168 perpetuae
887 1084 987 1145 fossae
1000 1083 1108 1165 quinos
1121 1083 1214 1166 pedes

85 1182 166 1247 altae
189 1183 386 1248 ducebantur.
419 1185 488 1250 lluc
510 1186 553 1250 illi
577 1185 697 1279 stipites
717 1184 839 1248 demissi
855 1196 885 1247 et
900 1185 936 1247 ab
951 1184 1053 1247 infimo
1068 1184 1212 1263 reuinoti,

86 1307 125 1350 no
140 1286 246 1350 reuelli
261 1299 403 1369 possent,
426 1289 463 1352 ub
485 1289 579 1353 ramis
600 1287 788 1351 eminebant'.
834 1284 915 1349 Naro
932 1298 1055 1350 truncos
1071 1286 1214 1350 arborum

84 1409 187 1452 ramos
204 1389 344 1454 babuisse
359 1391 489 1472 itemque
509 1390 542 1453 in
563 1389 656 1453 firmis
676 1390 767 1452 rumis
790 1388 866 1452 alios
888 1408 988 1452 muros
1011 1388 1105 1451 inisse
1123 1406 1215 1474 supa

85 1511 147 1554 non
162 1496 504 1554 commemoratnm'est:
528 1491 659 1572 itaque,
675 1492 917 1574 quemadmodum
940 1489 982 1553 illi
1004 1490 1122 1573 stipites
1138 1490 1213 1555 emi-

87 1611 160 1654 nere
175 1592 212 1654 ab
228 1591 319 1654 ramis
336 1593 505 1675 potuerint,
529 1612 589 1655 non
605 1592 801 1676 intellegitur.
833 1590 869 1656 ld
884 1613 957 1656 uero
973 1612 1214 1658 commemorari

86 1693 153 1756 dun
171 1703 238 1757 erat
250 1694 437 1773 necessario,
455 1715 523 1759 cnm
538 1694 571 1759 iu
586 1696 624 1758 iis
638 1696 744 1772 rumis,
760 1696 810 1780 qui
826 1695 1007 1773 eminebant,
1025 1706 1088 1759 tota
1102 1696 1148 1759 rei
1162 1716 1214 1760 re·

87 1793 130 1858 tio
146 1805 334 1860 uerteretur=
359 1798 475 1880 reliqua
498 1799 576 1861 enim
600 1797 709 1881 stipitis
733 1819 802 1881 pars
818 1808 900 1863 terra
915 1795 1108 1861 obruebatur.
1153 1794 1215 1861 Est

87 1896 136 1961 bio
150 1896 229 1960 idem
244 1898 395 1976 mendum,
413 1900 489 1982 quod
506 1901 572 1963 bor.
591 1922 698 1964 comm.
716 1898 760 1977 ll,
778 1898 839 1978 19,
858 1898 877 1963 ὅ
894 1906 907 1975 t
917 1922 945 1984 p.
963 1897 1028 1982 (id)
1050 1899 1215 1983 repreben-

87 1999 197 2064 dimus.
242 1996 374 2083 Scripsit
390 2002 468 2065 enim
483 1998 602 2067 Caesar
621 2002 772 2066 ‘Truncis
793 2004 932 2066 arborum
947 2003 1102 2065 admodum
1119 2001 1214 2066 lirinis

86 2103 179 2166 ramis
193 2102 344 2167 abscisis'.
365 2103 505 2169 Truncos
522 2105 614 2169 lirinis
629 2104 721 2168 ramis
737 2105 806 2181 dici,
823 2104 873 2187 qni
888 2105 990 2166 firmos
1004 2125 1105 2168 ramos
1122 2104 1215 2168 babe-

87 2204 172 2284 baut,
189 2215 323 2291 apertum
340 2218 398 2270 est.
429 2204 463 2270 Id
479 2229 544 2271 cuni
561 2229 621 2270 non
637 2208 876 2288 intellegeretur,
903 2209 988 2269 ‘aut'
1003 2206 1214 2290 interpositum

88 2318 147 2372 est.
178 2309 280 2394 Atque
294 2309 336 2373 itu
352 2311 467 2373 demum
481 2320 566 2372 recte
582 2310 688 2372 habent
707 2308 798 2372 uerba
815 2316 922 2392 ‘atque
938 2311 1043 2373 horum
1058 2309 1215 2373 delibratis

87 2432 124 2474 ao
140 2413 307 2495 praeacutis
323 2411 547 2477 cacuminibus.
584 2409 694 2492 Neque
710 2411 787 2473 enim
805 2422 974 2477 truncorum
990 2412 1145 2474 cacumina
1161 2412 1215 2475 de·

88 2510 274 2575 librabuntur
288 2522 340 2574 aut
354 2533 505 2574 rumorum
523 2512 617 2575 niceni
634 2533 735 2575 eorum
753 2514 968 2588 obtinentium,
992 2514 1044 2577 sed
1060 2533 1214 2577 ramorum

87 2611 203 2675 truncis
218 2612 456 2691 adhaerentium,
474 2615 523 2696 qui
540 2615 595 2677 soli
612 2614 794 2681 eminebant.

174 2712 214 2778 C.
230 2713 273 2778 74
289 2715 362 2780 bueo
377 2716 408 2779 in
423 2716 510 2779 codd.
527 2719 688 2799 leguntur:
723 2716 791 2779 ‘llis
808 2718 898 2782 rebus
913 2718 1053 2803 perlectis
1068 2719 1213 2801 regiones

88 2828 209 2882 secutus
224 2840 312 2902 quam
328 2819 426 2902 potuit
440 2819 636 2902 aequissimas
652 2840 705 2903 pro
728 2820 786 2883 loci
808 2832 916 2885 natura
937 2817 1014 2883 XIV
1039 2820 1119 2884 milia
1144 2842 1216 2904 pas·

88 2940 172 2984 suurn
194 2924 367 3005 complexus
390 2942 478 3006 pares
502 2923 633 2986 eiusdem
656 2923 778 3007 generis
794 2923 992 2999 munitiones,
1019 2923 1155 2987 diuersas
1172 2922 1215 2987 ab

89 3022 147 3100 bia,
165 3035 272 3089 contra
286 3025 471 3089 exteriorem
487 3025 602 3088 bostem
619 3025 760 3109 perfecit,
779 3035 812 3088 nt
827 3047 865 3087 ne
880 3046 987 3110 magna
1003 3025 1120 3108 quidem
1136 3025 1214 3089 mul·

88 3126 227 3205 titudine,
244 3129 269 3191 si
286 3128 326 3192 ita
342 3129 471 3206 accidat,
489 3128 553 3192 eius
570 3129 706 3192 discessu
721 3128 918 3193 munitionum
929 3128 1078 3210 praesidia
1086 3128 1215 3191 circum·

89 3228 171 3289 fundi
188 3240 328 3310 posscut3
347 3241 398 3293 aut
413 3253 478 3295 oum
495 3230 627 3315 periculo
643 3251 683 3294 ex
700 3231 808 3295 castris
824 3231 927 3314 egredi
943 3241 1079 3315 cogatur,
1095 3231 1214 3294 dierum

87 3323 188 3389 XXX
211 3328 348 3411 pabulum
373 3331 610 3416 frumentumque
641 3333 751 3397 babere
777 3353 881 3396 omnes
903 3342 1081 3396 cortuectnm
1104 3332 1211 3396 iubet’.

88 3427 147 3492 llic
162 3431 254 3493 narba
278 3431 362 3495 ‘eius
382 3433 534 3498 discessu'
557 3445 641 3499 recte
664 3455 723 3497 non
749 3435 859 3499 babere
881 3435 977 3498 sensit
991 3431 1210 3517 Elberlingius.

88 3527 149 3612 Qui
164 3532 244 3593 enim
259 3532 413 3599 discedere
428 3538 569 3620 potnerit,
587 3557 674 3600 nemo
690 3548 810 3619 praeter
825 3534 987 3600 Caesarem
1004 3537 1131 3622 cogitari
1147 3547 1215 3621 pot-

88 3642 146 3696 est.
178 3629 240 3696 Sed
260 3633 287 3697 is
309 3655 406 3720 neque
421 3639 574 3703 discedere
591 3638 711 3703 nolebat
726 3647 767 3715 et,
786 3661 824 3704 ue
840 3651 1011 3722 cogeretur,
1028 3659 1133 3703 ornnes
1149 3641 1214 3703 lni-

88 3747 220 3799 mentsm
237 3748 371 3819 paratum
389 3739 499 3807 babere
522 3741 651 3805 iubebat.
696 3739 807 3824 Neque
831 3743 910 3805 euim
934 3763 975 3806 ex
996 3763 1053 3815 eo,
1078 3742 1156 3824 quod
1179 3742 1214 3806 in

88 3837 174 3900 codd.
192 3838 396 3922 scriptumest
417 3850 487 3907 ‘aut
503 3866 567 3907 cum
585 3844 730 3927 periculo’
747 3856 834 3921 cett,
853 3845 1036 3909 eontrarium
1052 3844 1132 3907 edici
1146 3852 1214 3928 pot·

87 3949 145 4005 cst.
176 3937 256 4005 Nam
279 3943 419 4006 frumenti
442 3947 600 4010 connectio
615 3947 675 4011 alio
690 3959 827 4032 spectare
843 3969 905 4011 non
919 3957 1049 4032 poterat,
1069 3967 1157 4028 qoam
1173 3964 1214 4010 ne

88 4037 205 4106 Caesar
219 4041 397 4108 discederet.
429 4043 530 4127 Atque
548 4050 635 4112 ‘ant’
651 4051 719 4115 ideo
734 4051 766 4114 io
781 4051 867 4115 codd.
885 4051 1011 4135 positum
1029 4071 1118 4126 esse,
1142 4049 1214 4133 qnia

87 4143 163 4209 baec
177 4144 271 4210 uerba
285 4166 352 4209 cum
366 4147 570 4229 superioribus
584 4153 793 4236 coniungenda
815 4153 1012 4230 uidebantur,
1037 4173 1142 4217 onnes
1163 4154 1213 4217 iu·

88 4247 284 4314 tellexerunt.
314 4245 349 4313 Id
365 4248 495 4313 dubitati
509 4263 621 4336 potest,
638 4265 736 4319 utrum
755 4255 851 4333 ‘nen‘,
867 4257 945 4338 quod
961 4255 1073 4336 editur,
1096 4253 1215 4320 ciem
