2692 4688
412 207 553 277 contu.
570 208 725 278 lucar.
743 212 937 291 tto-tte,
1246 216 1312 287 1123

133 381 223 447 rebus
240 381 277 445 ad
294 381 507 466 nauigandum,
524 394 646 467 praeter
660 385 714 448 hes
728 395 817 465 xxss,
833 406 910 468 quee
923 387 1064 471 praesidii
1078 408 1169 454 oense
1178 388 1253 456 Ale-

131 487 279 549 xendrice
296 506 364 549 esse
380 496 580 560 consuerant,
603 496 773 551 constratae
795 508 918 566 omnes3
940 509 1014 571 ques
1037 490 1063 553 si
1078 494 1287 576 occupauisd

129 599 213 665 seut,
232 588 329 651 classe
337 583 464 651 Caesari
479 597 581 671 erepte
592 599 712 675 portum
728 608 764 651 ee
780 608 861 652 mare
877 600 970 653 totum
986 592 1017 654 in
1032 611 1086 654 sua
1102 603 1251 676 potestate

130 689 297 768 habereut,
325 694 492 754 commeatu
514 690 696 774 auxiliisque
711 687 874 756 Caesarem
897 692 1101 776 prohiberent.
1145 691 1286 778 ltaqueb

92 804 109 854 s
132 802 217 856 tante
232 801 279 855 est
295 793 485 856 coutenh'oue
500 802 620 869 ectum,
644 803 754 875 quante
769 794 817 876 agi
834 793 952 873 debuit,
978 815 1045 858 cum
1065 795 1109 859 illi
1124 797 1253 863 celerem

127 894 161 958 iu
178 914 214 958 ea
229 914 263 957 re
280 893 448 973 uictoriam,
466 895 496 958 hi
511 894 636 958 selutem
652 913 736 958 snam
752 896 920 960 consistere
936 897 1084 961 uiderent.
1110 895 1171 963 Sed
1186 921 1249 965 rem
1264 898 1287 965 6

129 992 383 1083 optinuitCeesar
397 1016 557 1079 omnesque
572 1016 624 1060 eas
640 1016 734 1060 ueues
751 1008 783 1060 et
797 997 940 1080 reliquas,
957 1019 1033 1081 quae
1048 1012 1135 1065 erant
1149 1001 1182 1064 in
1197 1023 1251 1066 ue·

129 1100 267 1179 delibus,
292 1099 445 1177 incendit,
471 1099 549 1182 quod
571 1108 631 1162 tam
655 1099 716 1163 late
737 1099 815 1162 tueri
832 1120 923 1184 perun
939 1121 1028 1165 manu
1043 1123 1103 1166 uon
1118 1113 1248 1187 poteret,

130 1203 346 1285 coelestimque
361 1200 399 1264 ad
415 1198 545 1265 Pharum
562 1200 688 1264 nauibus
702 1200 812 1264 milites
827 1204 979 1286 exposuit.
1010 1201 1127 1268 Pharus
1143 1206 1306 1279 estium

78 1312 108 1366 to
128 1302 224 1369 insule
239 1304 333 1368 turris
348 1323 457 1387 magua
472 1302 648 1381 altitudine,
671 1303 804 1367 mirificis
828 1305 967 1388 operibus
988 1316 1147 1386 extructa3
1173 1328 1249 1390 quae

130 1426 239 1469 nomen
254 1406 290 1470 ab
305 1405 404 1469 insula
420 1405 546 1488 accepit.
572 1402 656 1468 Hace
671 1405 768 1468 insula
785 1406 902 1469 obiecta
909 1406 1115 1472 Alexandriae
1130 1421 1247 1493 portum
1262 1412 1284 1478 2

128 1506 234 1587 edicite
250 1506 541 1591 sedasuperioribos
550 1506 759 1592 regionibusiu
769 1507 982 1592 longitudinem
992 1530 1131 1593 passuum
1140 1521 1248 1576 mcccc

128 1610 160 1673 io
176 1631 259 1675 marc
273 1609 361 1674 iactis
377 1609 504 1673 molibus
526 1619 654 1692 augusto
675 1610 783 1673 itincre
805 1620 837 1673 et
856 1620 947 1693 ponte
970 1632 1036 1674 cum
1052 1614 1158 1697 oppido
1174 1635 1248 1678 coo·

127 1712 272 1796 iungitur.
303 1710 339 1775 lu
360 1712 416 1776 hac
438 1721 510 1775 sunt
529 1711 627 1775 insula
650 1712 795 1775 domicilia
811 1713 1027 1796 Acgyptiorum
1051 1725 1081 1777 et
1096 1716 1180 1780 uicus
1195 1716 1282 1801 cp·3

78 1825 104 1876 lb
127 1814 186 1898 pidi
202 1815 424 1900 maguitudiue;
442 1834 577 1897 quaeque
592 1814 632 1877 ibi
647 1834 773 1896 cumque
788 1834 881 1877 uaucs
896 1815 1085 1898 inprudentia
1101 1828 1154 1879 aut
1172 1828 1246 1880 tem·

128 1926 245 2000 pestate
261 1917 378 2001 paulum
393 1936 448 1980 suo
463 1936 552 1979 cursu
569 1916 782 1992 decesserunt,
806 1916 860 1978 has
877 1937 959 1980 more
975 1918 1156 2000 praedonum
1173 1919 1245 1983 diri·

129 2037 202 2101 pere
217 2029 408 2083 ccusuemut.
441 2017 482 2083 lis
499 2028 597 2081 autem
615 2018 730 2095 inuitis,
746 2038 764 2079 a
780 2016 884 2098 quihus
899 2014 1015 2082 Pharus
1032 2031 1167 2100 tenetur,
1185 2043 1244 2085 nou
1259 2022 1282 2086 4

127 2131 310 2204 potestesse
332 2130 453 2206 propter
474 2120 630 2203 augustias
652 2118 779 2183 nauibus
801 2119 942 2183 introitus
958 2121 988 2182 in
1006 2131 1132 2202 portum.
1179 2122 1281 2187 lloeb

127 2230 188 2285 tum
206 2224 320 2287 ueritus
331 2218 447 2288 Caesar
462 2223 596 2286 hostibus
613 2222 642 2286 iu
659 2241 756 2305 pugna
773 2221 924 2302 occupatis
941 2220 1081 2282 militibus
1098 2223 1245 2304 expositis

78 2332 104 2386 td
126 2320 254 2388 Pharum
271 2325 428 2410 prehendit
441 2337 530 2408 atque
545 2325 586 2389 ihi
603 2325 779 2408 praesidium
797 2322 905 2406 posuit.
954 2318 1070 2403 Quibus
1094 2334 1141 2385 est
1155 2324 1244 2387 rebus
1259 2325 1281 2390 6

127 2426 282 2506 ellectum,
307 2428 350 2492 uti
373 2439 438 2492 tuto
461 2430 640 2492 frumentum
657 2427 828 2509 auxiliaque
844 2425 970 2489 nauibus
985 2426 1021 2488 ad
1038 2445 1104 2487 eum
1120 2425 1245 2511 subpor-

126 2529 185 2592 tari
201 2544 334 2612 possent.
367 2528 489 2595 Dimisit
510 2531 587 2595 eoim
611 2533 722 2594 circum
744 2550 847 2594 omues
869 2531 1049 2613 propinquas
1072 2529 1244 2612 prouincias

126 2640 216 2714 atque
237 2632 307 2696 iude
329 2633 441 2696 auxilia
464 2634 613 2696 euocauit.
659 2631 795 2716 Reliquis
811 2632 907 2716 oppidi
925 2632 1056 2715 partibus
1071 2633 1114 2695 sic
1130 2643 1177 2696 cst
1192 2654 1244 2715 pu·
1260 2633 1282 2697 7

126 2743 267 2816 gnatum,
293 2746 325 2798 ut
347 2755 443 2817 eequo
466 2735 578 2819 proelio
594 2735 817 2812 discederetur,
845 2745 876 2797 et
891 2733 987 2795 neutri
1004 2734 1186 2815 pellerentur
1201 2734 1245 2815 (id

78 2844 102 2896 ts
125 2835 291 2901 efficiebant
305 2838 464 2920 augustiae
480 2838 571 2921 loci),
598 2837 757 2921 paucisque
780 2837 926 2919 utrimque
943 2835 1110 2897 interiectis
1128 2830 1245 2897 Caesar

125 2937 190 3002 loca
207 2937 336 3002 maxime
351 2941 523 3004 necessaria
539 2940 713 3025 complexus
730 2950 818 3002 noctu
834 2936 1022 3022 praemuniit.
1047 2933 1130 2997 llaec
1147 2944 1244 2997 tractu
1258 2935 1279 2998 8

125 3039 223 3125 oppidi
238 3062 307 3125 pars
322 3054 389 3107 erat
404 3044 505 3128 regiae
522 3044 643 3125 exigua,
660 3042 691 3105 iu
707 3062 793 3124 quam
810 3041 872 3123 ipse
888 3037 1037 3103 habitandi
1052 3056 1143 3100 causa
1157 3036 1243 3100 initio

236 3263 247 3314 l
262 3280 327 3316 1111
340 3266 365 3316 b.
471 3269 487 3321 2
499 3273 657 3317 consuerent
669 3265 740 3328 abc,
755 3268 948 3315 consueuerant
959 3276 988 3311 u.
1093 3261 1109 3313 3
1123 3261 1244 3314 Caesaris

128 3340 200 3389 ‘erse
212 3339 357 3407 plerique'.
498 3344 512 3393 5
526 3342 565 3392 illi
579 3358 647 3393 unes
660 3342 726 3407 det,
741 3342 785 3392 ille
798 3342 908 3406 reliqui.
1062 3339 1077 3389 'l
1091 3337 1203 3405 optinuit
1214 3353 1242 3388 c.

233 3417 341 3484 bperuu
354 3434 371 3468 α
387 3420 459 3467 ‘msc
476 3418 508 3478 δ’,
523 3426 574 3469 tenu
589 3434 668 3485 perun
683 3435 710 3468 n.
818 3417 848 3468 10
862 3422 981 3466 extructa
995 3430 1021 3465 a.
1145 3413 1176 3464 13
1190 3410 1244 3461 ciu-

125 3492 196 3556 gitur
209 3495 232 3545 b.
357 3497 389 3546 ll
402 3496 578 3561 hegiptiorurn
592 3512 619 3546 a.
744 3497 773 3548 15
787 3510 903 3561 quaeque
915 3493 951 3544 ibi
965 3509 1072 3559 cumque
1086 3508 1152 3558 08⁰2·
1166 3507 1244 3559 quoe-

126 3574 169 3639 qui
183 3573 277 3640 ubique
291 3590 317 3637 a,
332 3575 474 3640 quicumque
489 3576 513 3638 b,
529 3589 644 3639 quueque
659 3575 752 3640 ubique
766 3591 793 3623 u.
809 3574 839 3623 P.
856 3573 913 3624 188.
1041 3570 1204 3636 inprudentia
1216 3586 1242 3620 a.

233 3650 265 3702 lb
279 3650 383 3718 poclum
396 3649 411 3700 3
425 3650 503 3714 dete,
517 3649 594 3716 poulo
607 3664 624 3699 a
633 3651 664 3713 b,·
678 3651 810 3716 paululum
823 3666 849 3700 u.
955 3648 1127 3699 decesserunt
1138 3665 1155 3699 e
1169 3651 1243 3699 ‘mse

124 3728 159 3793 l',
173 3728 336 3781 decesserint
348 3744 375 3778 u.
484 3730 514 3780 11
528 3737 685 3779 consuerunt
699 3731 771 3792 abo,
784 3732 980 3778 consueueruut
991 3741 1018 3775 u.
1125 3725 1147 3774 is
1160 3735 1244 3779 eutem

122 3821 150 3855 o.
273 3807 371 3857 Pharos
385 3822 420 3855 eat
432 3823 486 3857 uno
499 3807 553 3856 det.
568 3824 595 3856 a.
732 3809 762 3859 13
776 3807 902 3857 militibus
916 3804 1053 3868 Scaliger,
1067 3803 1245 3873 militibusque

124 3883 202 3935 codd.
326 3885 359 3940 20
373 3885 473 3935 Phoron
488 3901 523 3935 ee
535 3886 551 3937 3
565 3886 630 3937 dett.
645 3902 672 3936 u.
796 3884 935 3950 prehendit
947 3899 963 3933 a
974 3884 1018 3945 bc,
1033 3884 1203 3950 apprehendit
1216 3904 1243 3938 a.

232 3964 263 4015 21
280 3962 426 4027 subportari
440 3977 467 4011 o.
601 3961 634 4011 22
648 3963 747 4013 dimisit
759 3960 883 4025 Scaliger
895 3960 1014 4025 (demisit
1025 3960 1056 4010 P.
1070 3960 1242 4027 Manutius„

123 4039 232 4091 decoxit
243 4040 339 4099 abed,
353 4039 424 4088 misit
434 4054 485 4103 pro
499 4055 558 4089 erar.
576 4039 638 4089 loct.
653 4040 679 4090 d.
809 4039 956 4105 prouincias
970 4038 1032 4089 cbo
1044 4054 1196 4107 omnesque,
1212 4041 1244 4090 de

124 4117 224 4181 quibus
237 4119 361 4177 constet,-
376 4115 496 4177 regiones
510 4130 527 4162 n
540 4120 567 4162 et
582 4114 688 4177 (serron
702 4114 737 4164 d'.
848 4116 881 4165 25
895 4115 1024 4182 utrimque
1036 4130 1062 4178 a,
1078 4131 1130 4166 non
1145 4117 1243 4180 utrinq.

231 4193 264 4244 ld
272 4192 428 4258 praemuniti
443 4207 468 4254 c,
483 4191 641 4258 praemuniri
655 4190 685 4253 b,·
700 4191 846 4257 praemunit
857 4190 917 4242 edd.
1023 4194 1087 4242 hoec
1098 4192 1242 4253 anecdot,

123 4283 170 4318 uec
183 4268 294 4332 reliqui.
