2684 4694
509 172 791 237 „7-

87 364 154 409 rum
169 362 239 408 esse
253 342 385 407 confisam
400 344 469 407 esti
497 341 596 425 Quem
610 345 712 430 inepte
731 357 829 410 antem
845 345 962 413 Hirtius
984 349 1074 432 epist.
1090 354 1128 416 ad
1143 351 1216 419 Bul-

88 448 156 512 hnm
172 449 203 530 5.
221 453 241 512 d
256 443 419 510 Caesarem
440 446 674 511 commentarios
697 449 853 514 celerrime
873 451 1073 536 facillimeque
1093 476 1215 542 cumpu-

88 552 185 615 suisse
201 548 400 633 praedicaret,
417 549 444 612 si
458 550 486 613 is
499 550 602 613 omnia
615 550 675 613 iarn
687 550 841 615 habuisset
851 551 881 615 in
895 552 1133 637 ephemeridibus
1147 580 1215 644 per-

35 716 40 727 ,
88 652 220 735 scripta,
247 671 393 733 quamque
408 672 553 735 peruerse
568 653 646 717 idem
662 656 691 735 §.
709 651 731 715 8
747 665 924 736 quereretur
937 654 993 718 sihi
1008 677 1059 722 res
1075 659 1213 725 Alexan-

88 757 175 819 drino
190 764 222 818 et
235 753 383 817 Africano
398 753 478 818 hellu
493 767 595 839 gestas
611 775 752 819 sermone
768 765 881 819 tantum
897 752 1042 822 Caesaris
1066 782 1107 824 ex
1128 774 1215 846 parte

88 869 175 921 nutas
191 877 280 934 esse,
305 856 332 919 si
348 857 586 940 ephemeridibus
606 880 624 921 a
641 854 776 922 Caesare
796 858 829 921 in
851 858 918 942 ipsu
940 859 1018 925 bellu
1040 865 1214 946 cumpositis

88 961 132 1023 uti
156 959 321 1042 potuisset,
346 980 385 1023 ne
405 961 618 1024 animaduertit
640 959 771 1041 quidem.
824 958 875 1023 An
898 961 1023 1027 latuisse
1044 984 1097 1027 eus
1120 966 1214 1030 libros

88 1061 352 1125 familiarissimum
368 1056 512 1127 Caesaris
537 1083 632 1145 neque
654 1064 682 1126 ei
706 1063 751 1124 his
767 1061 811 1124 uti
827 1083 1007 1127 concessum
1022 1066 1137 1146 luisse,
1161 1079 1214 1132 ant

89 1161 252 1229 Caesarem
267 1165 298 1227 in
314 1161 414 1227 Gallia
429 1165 635 1248 ephemerides
651 1163 868 1248 composuisse,
886 1175 990 1248 postea
1004 1170 1213 1250 supersedisse

88 1267 292 1332 existimauit?
321 1262 403 1330 Sane
419 1288 577 1331 mensuras
592 1266 752 1343 itinerum,
776 1266 938 1344 muntium,
967 1267 1140 1347 huminum,
1158 1292 1213 1335 nu-

88 1389 188 1432 merus
203 1369 388 1451 captiuurum
403 1378 435 1431 et
449 1368 678 1431 interfecturum
695 1389 733 1431 ne
748 1389 806 1451 ego
822 1367 938 1450 quidem
954 1371 1046 1433 credo
1069 1372 1135 1437 sula
1150 1394 1212 1438 rue·

87 1473 181 1534 muria
203 1471 364 1535 Caesarem
385 1469 540 1533 custudire
562 1471 716 1553 putuisse,
741 1469 893 1533 sedidem
917 1469 990 1535 haee
1011 1492 1079 1536 eum
1099 1475 1208 1558 ipsum,

87 1575 154 1637 dum
169 1594 219 1638 res
235 1582 375 1657 gereret,
392 1571 622 1656 perscripsisse,
648 1572 705 1635 nisi
722 1583 804 1635 certo
819 1572 990 1638 testimonio
1005 1578 1212 1659 comprohahi-

88 1687 149 1752 tur,
167 1696 227 1738 nun
241 1676 337 1760 magis
351 1675 483 1738 credam.
510 1672 589 1739 lluie
605 1674 684 1738 eninr
700 1673 820 1756 negotiu
834 1674 933 1737 scriba
944 1675 1051 1759 aliquis
1064 1699 1119 1762 par
1130 1692 1208 1759 erat,

87 1789 118 1842 et
132 1779 224 1843 multu
240 1789 288 1842 est
302 1777 492 1842 uerisimilius
507 1777 558 1839 tuli
576 1776 687 1840 homini
703 1777 733 1839 id
748 1777 916 1840 mandatum
932 1799 1013 1857 esse,
1031 1800 1116 1863 quam
1130 1776 1211 1846 Cae-

86 1901 183 1945 sarem
208 1883 235 1944 ei
256 1881 301 1945 rai
321 1881 403 1944 inter
423 1900 554 1942 summas
577 1879 789 1962 occupationes
810 1899 948 1944 uacasse.
985 1877 1047 1945 Sed
1062 1882 1155 1946 multe
1168 1904 1211 1947 ex

88 1984 144 2046 huc
159 2002 272 2065 genere
289 1982 320 2045 in
335 1981 467 2065 publicas
481 1981 616 2044 rationes
632 2002 649 2044 u
665 1991 825 2064 quaestore
840 1981 1051 2046 referebantur
1064 1988 1109 2065 (et
1123 1985 1211 2049 taho·

86 2087 133 2149 las
147 2085 179 2147 in
195 2082 404 2147 Heluetiorum
419 2084 525 2145 castris
541 2093 678 2165 repertas
694 2084 824 2166 itemque
840 2104 962 2161 eurum,
980 2086 1030 2166 qui
1045 2085 1208 2150 sectionem

87 2188 185 2272 oppidi
200 2186 428 2250 Aduatucurum
444 2184 607 2262 emissent,
634 2186 670 2248 ad
685 2207 720 2250 se
734 2186 845 2250 relatus
860 2205 931 2249 esse
946 2181 1063 2251 Caesar
1076 2187 1107 2250 h.
1126 2186 1207 2253 Gall.

86 2286 114 2365 I,
130 2288 173 2353 29
186 2300 219 2353 et
233 2287 275 2366 ΙΙ,
293 2287 336 2352 33
350 2300 433 2353 extr.
451 2289 681 2370 demonstrat),
706 2308 865 2352 mensurae
880 2287 1023 2352 itinerum
1038 2290 1106 2354 sine
1120 2291 1209 2354 duhiu

87 2413 105 2454 a
119 2394 269 2475 praelecto
285 2402 451 2455 castrorum
467 2390 700 2454 cunctabantur.
738 2389 783 2452 Et
797 2400 895 2454 tamen
911 2390 977 2474 quis
994 2413 1053 2455 nun
1069 2392 1152 2457 uidet
1165 2407 1210 2457 ta-

87 2492 164 2556 libus
178 2493 269 2558 rohos
284 2494 418 2557 breuiter
432 2492 543 2555 notatis
559 2493 671 2555 nullum
694 2491 828 2577 putuisse
847 2494 993 2557 eiusmodi
1014 2494 1121 2558 librum
1137 2516 1210 2559 cun-

88 2597 154 2672 lici,
179 2597 295 2678 qualem
311 2607 343 2659 et
358 2593 484 2660 Seruius
500 2606 530 2658 et
546 2590 747 2658 Schneiderns
770 2595 822 2680 (p.
846 2594 911 2676 32)
933 2597 987 2660 hes
1004 2598 1209 2681 ephemerides

88 2698 179 2761 luisse
195 2697 306 2780 opinati
321 2700 411 2761 sunt?
454 2695 518 2760 ttes
540 2707 641 2780 gestas
663 2707 782 2775 autem,
806 2700 1050 2782 quemadmodum
1074 2703 1105 2765 in
1128 2722 1210 2763 eum·

87 2798 242 2864 menteriis
257 2811 438 2878 narrentur,
461 2799 520 2863 nisi
536 2796 700 2864 Caesarem
716 2801 860 2865 memoria
875 2812 980 2865 wnere
995 2802 1126 2883 putuisse
1142 2822 1209 2864 cre·

88 2902 207 2978 derem,
230 2900 267 2965 iis
283 2922 399 2985 qnoque
415 2904 488 2966 fides
504 2912 586 2966 essct
600 2903 791 2986 deneganda,
814 2904 863 2986 qni
879 2924 1027 2966 summum
1042 2905 1108 2967 eius
1123 2904 1209 2986 inge·

87 3004 167 3067 nium
183 3004 318 3068 laudibus
333 3007 483 3070 tulerunt:
500 3004 644 3068 mediocri
660 3005 739 3066 enim
755 3007 897 3068 memoria
913 3003 951 3067 ad
967 3003 1043 3068 hanc
1058 3027 1120 3069 rem
1134 3027 1208 3090 opus

86 3115 163 3170 erut.
201 3104 282 3169 Nam
305 3107 370 3191 ipsa
393 3109 551 3171 multorom
573 3105 668 3169 uerba
690 3125 756 3167 enm
780 3117 919 3169 accurate
943 3108 1060 3170 tradere
1076 3107 1208 3171 uoluisse

87 3207 152 3291 quis
173 3209 292 3272 tandem
315 3209 374 3271 sihi
396 3208 570 3292 persuaderi
601 3210 776 3291 pateretur?
816 3206 980 3272 Eninrueru
1002 3230 1068 3273 com
1092 3204 1209 3274 Cacsar

87 3314 245 3394 quotannis
261 3313 298 3375 de
313 3310 404 3375 rchns
423 3311 517 3396 gestis
540 3311 577 3373 ad
597 3318 732 3372 senatum
748 3311 893 3388 referret,
915 3332 990 3397 quas
1015 3311 1156 3394 epistulas
1178 3321 1209 3375 ct

87 3413 151 3498 ipse
166 3414 311 3476 extremis
327 3414 411 3477 libris
427 3411 478 3492 Il,
495 3411 551 3491 lV,
579 3409 638 3478 Vll
661 3412 697 3474 de
717 3411 795 3473 hello
810 3408 926 3476 Gallico
949 3426 1164 3477 commemorat
1178 3423 1209 3477 et

86 3516 180 3580 editas
196 3515 290 3579 luisse
305 3512 467 3580 Suetonius
484 3525 621 3592 testetur,
639 3515 721 3579 etad
737 3513 849 3577 amicus
865 3516 945 3579 inter
959 3517 1023 3600 ipsa
1046 3516 1123 3579 halla
1145 3517 1208 3601 epi·

86 3621 179 3682 stolas
193 3618 337 3696 mitteret,
354 3639 428 3702 quas
439 3619 519 3702 ipses
532 3639 648 3700 quoqne
660 3618 755 3682 editas
767 3636 835 3680 esse
850 3618 972 3695 scimus,
990 3619 1079 3702 legati
1094 3629 1206 3693 autem,
1245 3621 1247 3624 ’

86 3723 113 3784 si
134 3721 203 3802 quid
224 3720 348 3785 ahsente
371 3717 505 3786 Caesare
525 3730 683 3804 gererent,
709 3718 838 3783 dubitari
860 3739 920 3781 nun
941 3721 1053 3803 possit,
1076 3720 1147 3801 quin
1172 3721 1207 3781 ad

87 3844 154 3886 eum
170 3823 421 3907 perscripserim,
438 3825 507 3889 item
524 3845 589 3887 cunr
606 3823 738 3907 publicas
754 3821 886 3885 rationes
903 3821 1044 3900 haberet,
1071 3842 1107 3885 ea
1122 3841 1209 3904 prae·
1267 3901 1270 3908 Ι

87 3925 160 3989 sidia
176 3927 344 3990 litterarum
359 3922 486 3992 Caesari
502 3928 671 4011 suppetisse
685 3936 827 4009 apparet,
843 3935 894 3999 ut,
917 3925 1048 4007 quicum
1064 3923 1110 3987 his
1126 3923 1209 3987 adin-

89 4039 148 4090 tnm
173 4049 351 4112 componere
373 4030 601 4093 commentarius
624 4039 691 4114 pust
712 4027 846 4110 quamuis
875 4027 995 4110 longum
1018 4037 1135 4110 tempus
1156 4047 1209 4108 pu·

87 4130 183 4194 tuisse
199 4131 337 4214 negabit,
361 4131 388 4194 is
403 4132 462 4194 sibi
476 4128 603 4194 Claudio
618 4131 718 4212 aliquo
733 4129 955 4194 obliuiusiurem
972 4124 1136 4193 Caesarem
1152 4128 1208 4189 liu-

87 4244 138 4318 gat
160 4235 358 4299 accessesit.
402 4231 511 4317 Neque
531 4233 645 4296 firmius
672 4232 796 4315 reliquis
823 4231 1007 4314 argumentis
1036 4240 1100 4308 est,
1129 4229 1208 4313 quud
