2692 4688
479 192 803 261 ...120-

84 376 187 439 decem
202 371 352 456 legionum
368 368 460 433 luisse
476 367 640 433 uideamus.
675 365 724 431 Et.
733 386 874 434 numerus
889 386 946 429 sex
961 365 1114 450 legionum
1131 363 1214 435 Cae·

84 477 163 543 saris
185 473 306 560 ponitur
328 472 418 537 etiam
441 493 469 535 4.
492 469 555 546 40,
577 481 721 553 quattuor
738 467 868 533 Labieni
890 467 933 532 57
946 468 991 534 in.
1008 480 1039 533 et
1053 466 1108 535 60.
1147 466 1213 537 Sed

83 589 167 644 certe
189 575 244 640 sub
265 575 353 639 linem
376 572 501 640 aestatis
515 594 593 636 noua
609 572 687 655 legio
703 572 826 649 aderat,
843 592 919 654 quae
934 583 1024 637 sexta
1039 574 1213 658 appellaba·

84 693 145 747 tur.
163 677 242 743 Nam
258 687 394 740 extremo
409 675 485 738 libro
500 675 626 759 septimo
642 669 759 739 Caesar
773 694 807 738 se
823 674 957 756 legiones
972 675 1015 739 ita
1028 675 1062 738 in
1076 675 1215 743 bibernis

84 782 249 848 collocasse
264 778 386 856 scribit,
401 794 434 840 ut
447 773 487 839 Τ.
504 774 671 843 Labienum
688 797 754 840 oum
768 772 798 843 ll
813 775 982 860 legionibus
998 777 1028 841 in
1044 773 1213 861 Sequanis,

84 880 124 948 C.
141 879 267 949 Fabium
282 879 352 947 item
368 900 436 943 oum
450 874 482 943 H
496 879 528 943 in
542 877 666 957 Remis,
684 873 723 942 C.
740 878 906 942 Antistium
920 876 1075 962 Reginum
1089 878 1123 944 in
1137 879 1216 945 Am·

83 982 239 1060 bilaretis,
262 979 303 1045 T.
320 978 459 1045 Sextium
480 981 513 1045 in
532 978 739 1065 Biturigibus,
770 975 810 1044 C.
834 976 996 1044 Caninium
1019 979 1162 1049 Rebilum
1179 982 1216 1049 in

83 1084 215 1151 Rutenis
230 1104 297 1147 cum
312 1081 439 1167 singulis
454 1082 633 1166 legionibus,
652 1080 693 1166 Q.
705 1082 837 1148 Tullium
853 1078 1035 1148 Cioeronem
1049 1093 1081 1148 et
1088 1081 1128 1148 Ρ.
1139 1083 1215 1153 snt·

85 1190 194 1275 picium
210 1182 360 1251 Cabilloni
379 1193 411 1248 et
425 1181 595 1251 Matiscone
616 1186 653 1250 ad
667 1186 797 1251 Ararem
820 1195 960 1269 poneret,
982 1186 1048 1270 ipsa
1067 1183 1215 1255 Bibracte

85 1292 242 1356 hiemaret.
267 1286 359 1370 Atqui
375 1286 411 1350 ad
421 1285 543 1352 Ararim
559 1286 860 1370 quartamdecimam,
878 1288 928 1351 eui
941 1284 1053 1353 Cicero
1066 1308 1215 1373 preeam

84 1395 201 1459 solebat
223 1387 296 1473 (Vl,
314 1387 368 1465 32,
386 1388 433 1471 5),
457 1398 488 1452 et
509 1399 629 1454 sentem
650 1390 799 1473 legionem
825 1389 988 1455 collocatos
1011 1392 1105 1457 luisse
1122 1389 1212 1457 Hirt.

85 1492 175 1574 Vlll,
192 1492 225 1572 4,
242 1490 262 1557 3
284 1493 381 1556 refert
395 1492 432 1555 ed
450 1501 619 1555 extremum
636 1492 742 1556 librum
757 1492 915 1576 septimum
930 1493 1108 1579 respiciens.
1148 1492 1213 1563 Ui·

84 1618 150 1661 rum
166 1605 214 1661 est
227 1604 326 1658 autem
343 1614 459 1679 neque,
476 1596 593 1677 quando
608 1594 682 1658 baec
697 1605 786 1659 sexta
800 1594 879 1679 legio
894 1597 1067 1681 conscripta
1080 1594 1142 1673 sit,
1159 1616 1215 1665 44-

85 1719 173 1783 quam
188 1697 298 1762 referri
319 1698 363 1778 (id
384 1697 463 1785 quod
486 1696 518 1760 in
532 1696 736 1781 superioribus
752 1696 920 1780 legionibus
941 1709 1083 1764 accurete
1098 1719 1117 1763 4
1131 1694 1216 1767 Cae·

84 1822 155 1867 sare
170 1803 281 1865 lactum
295 1820 365 1865 esse
380 1798 533 1879 uidimus),
557 1819 655 1882 neque
676 1818 742 1863 eam
759 1820 883 1864 numero
905 1813 1040 1869 nouum
1054 1822 1125 1867 essa
1137 1802 1215 1869 reli·

83 1904 151 1988 quis
164 1903 357 1976 inferiorem,
380 1901 433 1966 sed
448 1913 596 1986 tamquam
611 1900 845 1984 antiquissimam
862 1914 980 1965 sextam
995 1922 1066 1969 esse
1079 1904 1216 1989 appelle·

84 2017 156 2071 tum.
174 2002 280 2088 ltaque
296 2027 356 2069 non
370 2005 436 2071 sino
451 2024 544 2069 causa
558 2003 698 2068 conicere
714 2004 784 2068 mibi
800 2004 904 2067 uideor
918 2004 994 2068 bauo
1009 2006 1104 2072 luisse
1118 2006 1216 2093 legio·

85 2128 154 2176 nem
169 2105 337 2186 Alaudsm,
362 2129 448 2191 quem
465 2105 551 2172 Suet.
570 2102 663 2172 Caes.
680 2105 723 2171 24
744 2125 785 2171 ex
801 2106 993 2189 transalpinis
1008 2108 1216 2193 conscriptam

86 2220 191 2296 postea
207 2210 378 2278 uniueisum
393 2207 554 2276 aCaesare
569 2209 695 2273 ciuitate
710 2208 849 2273 donatam
864 2209 1057 2274 essesoribit.
1074 2208 1214 2287 Euon-

85 2312 245 2377 anxiliaris
267 2315 367 2378 omnia
389 2312 457 2377 belli
473 2310 583 2379 Gallici
598 2309 745 2395 stipendia
761 2310 938 2389 meruisset,
955 2330 1081 2379 numeru
1096 2332 1216 2395 quoque

87 2415 258 2480 ueterrimis
273 2413 441 2495 legionibus
457 2414 613 2478 uidebatur
628 2413 829 2497 adiungendo.
868 2410 978 2496 Neque
992 2411 1101 2497 ignoro
1115 2413 1149 2480 iu
1166 2414 1215 2481 in-

84 2515 299 2598 scriptionibus
314 2536 363 2599 ap.
382 2512 471 2579 Grut.
488 2511 564 2589 403,
580 2513 613 2578 2.
630 2511 707 2592 544,
722 2512 756 2577 2.
773 2512 850 2593 559,
867 2514 899 2579 7.
916 2513 1045 2579 Heines.
1063 2511 1140 2594 410,
1155 2511 1212 2581 35.

85 2613 183 2682 Orell.
193 2614 257 2685 773
271 2615 392 2698 quintae
406 2616 518 2699 legioni
534 2638 699 2701 cognomen
711 2615 848 2683 Alaudae
862 2617 983 2700 apponi.
1004 2614 1120 2683 Verum
1134 2618 1216 2685 bauo

85 2717 218 2802 quintam
234 2717 382 2801 legionem
398 2718 544 2784 interiore
560 2729 693 2801 tempore
709 2719 901 2786 constitutam
917 2738 986 2785 esse
1007 2739 1134 2785 necesse
1149 2732 1213 2788 eet.

87 2817 276 2886 Caesariana
298 2821 379 2885 enim
401 2822 504 2906 quinta
525 2821 604 2905 logio
627 2818 799 2885 4444484
821 2817 862 2903 Q.
886 2816 995 2889 Cassio
1015 2819 1158 2907 Longino
1180 2822 1214 2889 in

85 2925 230 2989 ulteriore
243 2922 390 3007 Hispania
412 2923 581 3008 conscripta
603 2933 650 2987 est
665 2922 761 3005 (Hirt.
779 2925 811 2988 b.
828 2924 921 2989 Alex.
939 2921 982 2989 50
996 2934 1027 2988 et
1040 2924 1081 2991 5³
1097 2928 1212 3011 extu).

87 3022 208 3093 Octauo
223 3026 314 3110 igitur
328 3050 409 3093 anno
424 3023 541 3091 Caesar
556 3026 692 3097 undecim
705 3026 839 3112 legiones
856 3026 971 3091 babuit.
993 3024 1075 3091 Nam
1090 3048 1158 3091 cum
1172 3046 1213 3093 eo

86 3151 166 3194 anno
182 3152 269 3194 unam
285 3132 434 3214 legionem
457 3131 489 3194 in
503 3127 619 3193 ltaliam
636 3128 771 3194 misisset
784 3125 888 3211 (Vlll,
904 3128 960 3209 24,
976 3127 1024 3211 3),
1041 3129 1149 3195 deinde
1165 3128 1213 3197 lti-

84 3230 179 3295 berna
194 3231 237 3293 ita
260 3233 419 3297 distributa
442 3253 509 3298 esse
524 3230 643 3297 Hirtius
655 3234 751 3297 refert
765 3231 833 3314 (46,
850 3229 897 3315 3),
915 3242 949 3297 ut
963 3242 1104 3316 quattuor
1117 3231 1214 3316 legiu-

85 3350 140 3395 nes
155 3330 187 3394 in
202 3327 330 3416 Belgio,
353 3335 429 3399 duae
443 3337 475 3405 in
491 3335 641 3412 Haeduis,
659 3335 734 3399 duae
749 3335 781 3397 in
796 3333 947 3412 Turonis,
965 3334 1040 3400 duae
1054 3334 1087 3403 iu
1100 3332 1215 3401 nono

85 3432 200 3497 uicibus
215 3434 446 3500 collocarentur.
470 3435 564 3502 Nono
579 3445 678 3500 autem
694 3458 775 3505 suno
791 3432 902 3504 Cicero
916 3437 953 3501 ad
969 3437 1037 3502 Att.
1053 3433 1127 3516 Vll,
1144 3434 1214 3517 ⁷‚o

87 3530 251 3597 Caesarem
273 3535 346 3599 item
369 3538 506 3603 undecim
527 3538 663 3622 legiones
686 3547 790 3602 tenere
812 3539 928 3602 scribit.
967 3537 1029 3605 Sed
1051 3539 1108 3604 boc
1129 3561 1213 3605 nono

86 3656 168 3705 auno
181 3647 304 3705 sanstus
320 3641 488 3704 consultum
504 3642 613 3707 facturn
629 3651 693 3717 est,
719 3649 751 3702 ut
772 3640 810 3703 od
833 3640 939 3704 bellum
955 3638 1129 3705 Partbioum
1152 3662 1215 3709 444

86 3736 165 3823 legio
180 3759 200 3802 a
215 3735 275 3803 Cn.
291 3736 448 3826 Pompeio,
465 3742 562 3809 altera
576 3763 595 3807 4
609 3737 648 3806 C.
666 3737 803 3807 Caesare
819 3744 999 3807 traderetur.
1024 3740 1129 3827 ltaque
1144 3766 1214 3811 4444

86 3836 248 3925 Pompeius
263 3861 328 3905 eam
344 3843 512 3927 legionem,
535 3866 622 3928 quam
645 3840 774 3910 Caesari
795 3857 886 3909 sexto
908 3867 989 3910 anno
1004 3847 1215 3915 commodaue-

86 3950 155 4018 rat,
178 3954 346 4025 repeteret,
371 3942 487 4012 Caesar
501 3958 533 4011 et
547 3949 622 4013 banc
635 3948 757 4013 tradidit
771 3958 802 4013 et
812 3969 868 4013 suo
883 3949 1004 4012 nomine
1021 3969 1108 4028 eam,
1124 3970 1215 4032 quan

87 4045 119 4109 in
133 4043 276 4109 citeriore
292 4041 390 4108 Gallia
406 4046 552 4126 babebat,
577 4050 676 4116 dedita
695 4052 728 4115 in
744 4050 830 4116 bunius
852 4062 950 4117 autem
972 4051 1072 4119 locum
1093 4050 1217 4119 terua-

88 4146 234 4211 decimam
255 4146 288 4210 in
308 4146 424 4213 ltaliam
444 4149 528 4214 misit
549 4149 734 4237 (v111,ot).
767 4151 824 4218 His
844 4153 936 4237 igitur
957 4152 1054 4219 tribus
1068 4152 1216 4223 detractis

89 4248 207 4323 cauas
226 4251 259 4321 in
281 4251 428 4321 ulteriore
441 4248 541 4317 Gallia
563 4264 632 4319 octo
646 4256 781 4342 legiones
802 4254 974 4322 retinebatr
990 4266 1023 4323 at
1037 4278 1119 4324 nono
1132 4278 1217 4330 auus
