2692 4688
75 194 139 266 ³6⁰
471 192 529 262 tm
552 192 697 265 BELLO
720 190 917 264 GALLICO·

97 368 328 434 seorstanum.
360 366 408 433 Eo
423 368 623 454 proficiscitur
637 391 704 434 oum
720 368 905 453 legionibus=
922 367 1019 433 lorum
1033 368 1147 454 reperit
1161 389 1250 456 egre-

132 473 182 560 gie
197 483 305 537 natura
320 481 411 556 atque
426 492 516 555 opere
531 472 695 551 mnnituur3
724 482 822 535 tamen
838 472 916 535 buno
932 469 1046 534 duabus
1062 491 1101 535 ex
1117 473 1252 557 partibus

98 573 118 639 5
135 594 305 659 oppugnare
322 573 486 637 contendit.
526 573 639 637 Hostes
655 574 805 658 paulisper
820 573 927 637 morati
944 573 1068 636 militum
1084 586 1255 639 nostrorum

134 676 275 760 impeturn
306 696 366 739 non
387 677 520 740 tulerunt
540 695 666 760 seseque
688 675 747 739 alia
776 697 814 739 ex
847 685 931 760 parte
959 675 1057 759 oppidi
1087 676 1253 742 eieoernut.

98 773 266 862 dblagnus
282 778 322 842 ibi
338 798 481 841 numeros
497 779 613 862 peeoris
628 789 785 862 repertus,
808 778 951 860 multique
965 778 996 841 in
1015 780 1081 861 luga
1098 791 1168 844 sont
1182 800 1255 845 oon·
1277 795 1292 845 5

76 879 122 951 22
135 881 275 966 prehensi
291 892 380 964 atque
396 880 559 944 interlecti.
590 878 668 943 Durn
685 881 758 944 haee
773 881 804 943 in
822 880 868 943 his
885 878 959 943 loeis
974 891 1131 962 geruntur,
1150 877 1256 948 Cassi·

134 982 288 1047 uellaunus
305 983 342 1045 ad
358 977 518 1060 Cantium,
536 983 612 1065 qood
630 1002 698 1047 esse
714 983 750 1046 ad
767 1001 850 1046 rnare
866 1002 955 1065 supra
972 983 1254 1064 demonstrauimus,

134 1085 240 1169 qubus
255 1084 428 1169 regionibns
444 1095 585 1168 quattuor
599 1105 687 1169 reges
700 1092 873 1168 praeerant,
884 1079 1077 1168 Cingetorix,
1088 1081 1254 1166 Caruilius,

136 1186 370 1270 Taximagulus‚
389 1183 552 1271 Segouax,
571 1187 691 1250 nuntios
708 1187 799 1250 mittit
813 1197 902 1270 atque
917 1185 963 1249 lris
978 1187 1123 1270 imperat,
1146 1188 1189 1250 nti
1206 1210 1257 1253 oo-

135 1290 211 1354 aotis
228 1289 363 1354 omnibus
380 1289 474 1374 oopiis
499 1300 598 1353 eastra
615 1289 733 1353 naualia
750 1290 786 1352 de
801 1289 964 1374 improuiso
979 1290 1154 1354 adoriantur
1168 1301 1258 1374 atqrn
1279 1303 1316 1357 tt

98 1390 122 1456 2
136 1403 317 1477 oppugnent.
342 1389 367 1455 li
384 1392 494 1455 eumad
509 1401 609 1455 eastra
626 1391 792 1469 uenissent,
810 1392 904 1455 nostri
918 1391 1073 1475 eruptione
1089 1392 1166 1455 laeta
1182 1394 1258 1458 rnul-

136 1495 175 1557 tis
191 1514 293 1557 eornm
310 1493 499 1571 interfectis,
517 1503 603 1577 oapto
619 1495 708 1557 etianr
725 1494 814 1556 nobili
831 1495 905 1558 duee
921 1491 1109 1577 Lugotorige
1123 1514 1195 1558 suos
1211 1496 1258 1558 in·

101 1592 121 1656 3
138 1595 269 1659 colones
285 1595 482 1659 reduxerunt.
521 1590 768 1658 Cassiuellaunos
794 1596 849 1659 hoo
866 1596 979 1680 proelio
995 1596 1131 1659 nuntiato
1146 1607 1191 1661 tot
1206 1598 1258 1662 de·

136 1697 285 1762 trimeutis
301 1696 449 1780 arreptis,
475 1696 602 1761 uastatis
626 1697 750 1775 fiinibus,
776 1699 907 1761 maxime
928 1698 1017 1762 etiam
1038 1709 1191 1781 pernotus
1206 1699 1258 1764 de·

137 1800 267 1865 lectione
282 1800 454 1879 ciuitatum,
480 1799 596 1883 legatos
611 1820 667 1883 per
683 1798 856 1864 Atrebatem
874 1798 1040 1865 Commium
1056 1801 1092 1863 do
1109 1801 1260 1866 deditione
1281 1814 1317 1867 ts

98 1900 121 1967 d
136 1904 173 1968 ad
189 1898 352 1968 Caesarem
367 1901 467 1965 nrittit.
499 1897 632 1980 Caesar,
658 1923 723 1966 eom
746 1904 953 1967 constituisset
968 1904 1100 1967 hiemare
1115 1903 1146 1967 in
1161 1906 1258 1969 eonti-

136 2006 219 2071 nenti
236 2015 358 2091 propter
371 2004 544 2089 repentinos
552 2002 670 2069 Galbae
686 2017 795 2085 motus,
814 2027 912 2089 neque
927 2006 1051 2069 nrultnm
1067 2006 1193 2070 aanor
1208 2027 1259 2070 sn·

135 2119 283 2195 peresset,
301 2118 390 2192 atque
405 2107 436 2171 id
451 2107 538 2172 laoile
546 2107 664 2172 extrahi
676 2129 764 2192 posse
779 2108 980 2192 intellegeret,
997 2108 1116 2171 obsides
1132 2109 1259 2192 irnperat

135 2221 178 2291 et,
195 2212 265 2296 qnid
280 2211 416 2275 inannos
432 2210 565 2295 singulos
582 2211 739 2296 uectigalis
749 2210 854 2295 populo
866 2207 1002 2273 Romano
1011 2207 1165 2273 Britannia
1182 2228 1257 2291 pen·

101 2311 122 2376 5
139 2314 235 2393 deret,
253 2315 428 2392 eonstituit3
445 2312 600 2377 interdicit
615 2324 702 2396 atque
717 2313 844 2397 imperat
859 2308 1097 2388 Cassiuellauno,
1114 2328 1153 2375 uo
1164 2305 1256 2372 blan·
1279 2322 1318 2377 20

79 2412 123 2484 28
137 2414 277 2478 dobraeio
293 2436 350 2478 nen
365 2413 600 2479 Trinobantibus
616 2427 734 2479 noceat.
767 2411 928 2479 Obsidibus
945 2415 1074 2499 aoeeptis
1090 2414 1257 2478 exereitum

98 2513 251 2581 2rednoit
266 2517 303 2580 ad
319 2537 418 2594 nrare,
445 2537 539 2581 naues
561 2517 675 2580 inuenit
697 2517 838 2581 refertas.
877 2517 933 2580 llis
948 2517 1102 2595 dedoctis,
1128 2516 1206 2601 qood
1226 2527 1257 2580 ot

136 2618 322 2703 oaptioorum
339 2640 477 2703 nragnunr
494 2640 648 2683 nnmerum
673 2619 819 2699 babebat,
844 2630 875 2684 et
894 2621 1056 2684 nonnullae
1079 2628 1256 2703 tempestate

135 2721 326 2806 deperierant
341 2743 452 2801 naues,
477 2723 591 2786 duobos
618 2721 829 2786 commeatibus
855 2722 1021 2786 exereitum
1037 2732 1195 2805 reportare
1210 2720 1257 2784 in·

99 2820 120 2888 d
135 2823 243 2888 stituit.
276 2825 322 2890 Ao
339 2825 383 2889 sio
399 2825 517 2903 oceidit,
536 2825 579 2888 uti
595 2846 635 2887 rx
652 2835 735 2888 tanto
751 2824 870 2888 nauium
887 2844 1011 2888 numero
1028 2835 1074 2888 tot
1088 2823 1257 2908 nauigatio·
1279 2834 1316 2888 bs

135 2926 222 2992 nibus
239 2948 335 3012 neque
358 2928 414 2992 lroo
437 2948 534 3011 neque
554 2926 709 3011 superiore
730 2948 809 2990 anno
832 2928 892 2990 ulla
908 2928 1029 2990 omnino
1045 2927 1154 3004 nauis,
1179 2944 1256 3009 quae

99 3027 120 3092 d
135 3031 243 3094 milites
259 3041 405 3117 portaret,
423 3030 665 3110 desideraretnr3
694 3040 725 3093 at
746 3050 787 3093 ex
810 3031 866 3109 iis,
893 3051 966 3113 quae
984 3031 1089 3092 inanes
1104 3048 1146 3092 ex
1161 3028 1257 3092 wno-

134 3133 216 3197 nenti
233 3135 269 3197 ad
286 3156 351 3199 eum
368 3134 594 3197 remitterentur
616 3143 647 3196 et
668 3133 777 3216 prioris
794 3142 976 3196 commeatus
992 3131 1139 3216 expositis
1154 3129 1255 3193 militi-

134 3231 190 3296 bus
207 3245 238 3298 et
253 3259 328 3320 quas
342 3248 445 3321 postea
462 3233 617 3301 Labienus
633 3235 786 3303 iaciendas
802 3246 960 3302 ourauerat
977 3254 1101 3299 numero
1110 3243 1168 3310 Lx,
1187 3253 1257 3317 per-

242 3426 253 3478 l
271 3427 386 3492 repperit
399 3430 432 3479 B.
538 3426 738 3494 boonprebeusi
751 3427 785 3477 B.
897 3427 912 3478 b
926 3441 983 3478 curn
997 3426 1061 3475 boae
1074 3422 1098 3476 Β
1113 3424 1188 3476 ‘rure
1203 3424 1256 3478 ll’.

242 3506 268 3555 in
282 3505 315 3554 iis
327 3506 360 3555 B.
466 3505 481 3556 8
494 3511 618 3572 quattuor
629 3506 668 3569 B,
683 3521 736 3556 nou
750 3511 868 3571 quotuor.
974 3503 1118 3555 Cartnilios
1131 3504 1156 3554 b.

135 3582 150 3634 9
164 3583 283 3646 Segouax
296 3585 321 3634 A
328 3584 459 3635 scota
466 3623 474 3648 ,
489 3585 608 3649 Segouax
622 3600 649 3635 n.
756 3591 833 3650 atque
846 3584 878 3635 iis
893 3586 925 3634 B.
1051 3583 1082 3634 l2
1094 3582 1257 3648 Lugotorlgo

133 3659 289 3724 A(B)cn,
304 3659 460 3725 Legotorige
474 3678 507 3725 n,·
522 3662 688 3726 Cingetorige
702 3678 715 3710 e
730 3663 803 3711 ‘mre
818 3661 947 3727 qrn'dnrn’.
1031 3660 1061 3710 lb
1075 3659 1257 3712 oioitntinno·

216 3737 246 3788 ld
260 3739 442 3790 constituisset
455 3739 567 3790 diurnare
581 3741 643 3789 Bet
656 3738 772 3803 relr'prn'5
787 3739 926 3789 statuisset
939 3737 1046 3788 bieurorn
1054 3775 1062 3801 ,
1075 3736 1183 3787 adferto
1196 3750 1257 3799 nge·

132 3830 161 3865 re
172 3821 236 3878 port
248 3824 342 3881 rnotus,
357 3819 446 3869 bede.
582 3818 611 3869 l‘l
626 3819 687 3884 quid
701 3834 732 3880 a,·
746 3818 813 3883 qnod
826 3834 861 3867 m.
875 3833 918 3884 pr.
933 3823 962 3868 et
974 3824 1034 3883 quot
1046 3832 1099 3866 aar.
1114 3817 1151 3879 B,
1167 3816 1254 3882 ‘qnod

135 3891 181 3941 nel
193 3899 255 3957 quot
267 3908 331 3942 mss.
341 3895 482 3959 plerique,
497 3893 545 3944 real
557 3895 624 3959 qood
638 3895 822 3946 netrntr'nrer'.
981 3893 1099 3944 britonia
1112 3890 1145 3944 Β.

133 3969 167 4024 20
180 3970 372 4020 Coenoellnono
386 3972 418 4021 B.
546 3970 742 4037 blandubrogio,
757 3973 846 4022 deleto
860 3989 876 4037 g
888 3978 914 4024 et
927 3989 940 4024 o
953 3990 1006 4023 ree.
1021 3989 1057 4023 nr.
1071 3986 1206 4037 suprase,
1222 3973 1257 4024 B.

241 4047 271 4099 21
288 4045 496 4097 Trononnntibos
511 4048 543 4098 B.
650 4059 741 4100 not-eat
753 4052 777 4100 B
790 4049 994 4114 religaretur.
1008 4066 1045 4102 nr.
1059 4067 1075 4101 a
1083 4088 1092 4114 ,
1107 4048 1205 4100 bellom
1219 4050 1260 4100 la·

133 4123 271 4174 etotnde.
376 4123 409 4176 22
422 4123 455 4173 iis
469 4124 588 4177 deductis
601 4126 634 4177 B.
738 4128 772 4182 23
786 4128 947 4194 captiuorum
961 4127 986 4176 in
1001 4142 1119 4194 magnum
1132 4126 1167 4178 A.

133 4202 401 4270 lldeportarebde.
506 4204 680 4258 conutituite.
767 4208 844 4260 ,tiae
858 4206 881 4258 si
894 4223 930 4257 nr·
941 4222 985 4272 pr.
1005 4208 1036 4259 Β.
1135 4206 1258 4260 lbnulln

131 4284 236 4335 Adde.
342 4285 374 4338 st
388 4289 465 4348 atque
478 4299 509 4334 ea
524 4283 556 4332 iis
571 4285 595 4335 b.
698 4284 955 4339 ottoniensem.
