2692 4688
500 220 823 301 ...2454-

101 411 191 476 utin
209 428 285 474 uesu
306 417 339 472 et
359 405 477 492 capita’.
509 402 613 490 Itaque
628 407 703 472 deoc
717 407 763 471 sie
777 404 981 471 conformsui:
1008 403 1079 468 ‘Ex
1099 404 1227 469 hoedum

99 512 196 578 aruris
211 521 298 576 scats
313 520 345 574 et
358 510 417 595 pifa
431 530 486 594 pro
500 509 600 583 uallo,
623 529 678 593 pro
698 509 810 594 cespite
825 510 974 574 cadauera
989 507 1226 583 collocabantur,

99 617 227 701 insuper
249 612 373 700 [occisi]
393 612 425 676 iu
447 610 613 696 gladiorum
628 629 772 675 mucrone
794 612 891 698 capita
912 612 1064 675 hominum
1091 610 1229 677 ordinate

98 716 284 802 adoppidum
293 734 440 779 cennens
450 714 592 778 uniuersa
601 712 887 778 hostiumtimorem.
898 759 904 772 .
917 761 924 775 .
938 712 958 776 .’
975 710 1077 777 Occisi
1093 713 1228 776 iiliama-

98 821 197 907 gistro
220 818 416 883 cadaueribus
437 816 560 902 ascripti
574 827 606 879 et
620 815 728 881 deinde
743 835 784 880 ex
797 816 934 901 margine
955 816 1055 881 alieno
1071 815 1139 878 loeo
1152 813 1229 878 illati

97 933 182 989 sunt.
203 917 278 985 Post
293 920 563 984 ‘timorem'sutem
571 920 807 1004 quaefcguutur,
824 931 856 983 et
863 920 957 983 forma
967 917 1113 981 orationis
1122 926 1228 981 etsen-

71 1024 195 1090 ‘tentis
213 1024 302 1109 piane
321 1043 339 1086 a
360 1022 568 1106 superioribus
592 1021 767 1086 abhorrent.
805 1019 911 1106 Itaque
933 1021 981 1084 hie
1006 1020 1151 1103 quaedam
1177 1018 1229 1083 de·

96 1125 372 1213 esse-significant
415 1120 603 1188 Sententiam
629 1123 816 1207 superiorum
845 1122 1004 1187 uerborum
1032 1123 1075 1187 ita
1103 1123 1227 1206 explere

98 1248 276 1315 mumma
300 1227 464 1291 ‘uniuersa
479 1226 609 1291 hostium
625 1224 762 1289 timorem
778 1225 949 1310 augebant’.
979 1223 1133 1291 Vniuersa
1149 1225 1227 1290 euim

97 1332 240 1397 dicautur
253 1350 306 1395 res
320 1350 411 1414 supra
426 1339 686 1406 commemoratae,
704 1326 812 1393 uallum
821 1348 863 1391 ex
878 1326 1073 1392 cadaueribus
1090 1338 1121 1392 et
1135 1326 1227 1391 armis

96 1442 247 1499 structum
263 1433 418 1518 capitaque
440 1432 548 1516 gladiis
563 1432 681 1495 suffixa.
712 1428 877 1515 Perperam
897 1430 1038 1516 deinceps
1054 1443 1120 1513 post
1134 1428 1227 1494 uerba

98 1536 299 1618 ‘uirtutisque
320 1534 467 1618 iusignia’
491 1533 597 1598 lacuna
620 1543 724 1598 notata
746 1542 803 1597 est.
843 1530 922 1596 Nam
945 1533 1113 1598 rectissime
1136 1529 1227 1596 Pom·

98 1638 197 1723 peiaai
218 1638 341 1702 uinetis
356 1636 488 1722 insignia
502 1636 654 1721 preposite
670 1636 782 1701 uidisse
797 1636 955 1715 dicuntur,
983 1636 1123 1700 nimirum
1138 1635 1226 1701 eade-

97 1760 173 1806 nera
187 1751 220 1804 et
232 1760 316 1805 arma
331 1760 453 1804 suorum
469 1758 487 1801 a
502 1733 696 1803 Caesarianis
716 1737 747 1801 iu
768 1740 887 1803 modum
901 1738 1018 1823 tropaei
1041 1738 1152 1800 cirenm
1174 1758 1226 1822 op-

96 1842 196 1927 pidum
212 1852 367 1929 aggerata.
397 1839 507 1925 Neque
529 1852 642 1904 temere
662 1861 709 1904 me
724 1841 833 1906 fecisse
848 1841 1010 1919 existimo,
1034 1838 1114 1922 quod
1135 1836 1227 1904 Peta-

96 1944 223 2009 ιιίιιιιιιι
243 1944 373 2008 codicem
396 1951 518 2007 secutus
544 1942 664 2021 ‘sunt',
687 1943 764 2025 quod
784 1953 851 2027 post
869 1939 1086 2027 ‘circumplexi’
1101 1940 1223 2024 iegitur,

96 2045 258 2110 delendum
272 2046 448 2130 signideaui.
472 2043 539 2108 idac
554 2044 672 2108 ratione
687 2044 831 2127 apoduein
847 2065 865 2107 a
881 2045 981 2109 uerbis
1000 2044 1055 2106 ‘ita
1070 2040 1161 2107 Galii'
1175 2044 1223 2108 iu·

96 2149 217 2233 cipere,
232 2148 436 2213 coniunctiuos
447 2158 545 2211 autem
564 2145 723 2209 ‘uiderent’
739 2155 770 2208 et
787 2144 1115 2209 ‘circumcluderentur'
1132 2168 1225 2232 apar-

97 2250 193 2315 ticuia
218 2249 333 2325 ‘'eum’,
355 2270 431 2335 quae
447 2270 514 2315 cum
529 2248 598 2317 aliis
614 2246 715 2312 uerbis
731 2247 839 2332 periit,
866 2257 950 2331 aptos
972 2246 1069 2311 fuisse
1090 2256 1224 2311 statnea·

97 2352 168 2417 duur
183 2363 243 2418 est.

185 2452 225 2521 G.
240 2454 284 2522 34
296 2459 446 2537 refertur,
470 2479 535 2524 eum
560 2454 678 2524 Caesar
698 2468 798 2524 eastra
820 2459 857 2524 ad
873 2454 1042 2526 Cordubam
1059 2458 1223 2545 posuisset,

97 2562 128 2625 in
143 2560 250 2647 oppido
265 2560 444 2626 discordiam
461 2572 557 2627 ortam
572 2583 642 2627 esse
656 2562 737 2626 inter
748 2557 950 2628 Caesarianos
966 2574 1055 2648 atque
1065 2561 1223 2648 Pompeis·

99 2684 164 2728 uos.
195 2660 315 2727 Deinde
331 2664 361 2748 5.
378 2662 488 2730 2haee
503 2666 535 2728 iu
551 2665 636 2728 codd.
654 2665 763 2749 scripta
777 2676 864 2729 sunt:
884 2665 994 2729 ‘Erant
1008 2667 1057 2730 hio
1072 2666 1220 2750 legiones,

100 2784 172 2849 puae
186 2784 227 2830 es
242 2765 378 2849 perfugis
393 2767 594 2851 conscriptae,
610 2766 717 2852 partim
733 2767 946 2852 oppidanorum
962 2767 1056 2846 serui,
1074 2768 1225 2851 quierant

100 2862 226 2932 aSexto
241 2863 384 2951 Pompeio
407 2870 597 2947 manumissi3
622 2868 725 2952 quiin
748 2865 892 2934 Caesaris
915 2871 1075 2934 aduentum
1098 2869 1223 2933 deseen-

102 2966 166 3034 dere
182 2980 361 3054 coeperunt.
384 2966 482 3055 Legio
497 2968 576 3034 Xlii
592 2971 730 3055 oppidum
746 2972 906 3036 defendere
922 2971 1039 3055 eoepit:
1058 2992 1138 3049 nam,
1156 2990 1223 3034 eum

101 3068 154 3135 ius
174 3082 400 3157 repugnarent,
425 3082 526 3137 turres
548 3092 590 3137 ex
610 3082 695 3159 parte
711 3083 741 3138 et
756 3094 870 3136 murum
887 3084 1081 3157 occuparunt.
1114 3071 1222 3139 Denuo

101 3170 211 3259 legatos
226 3174 265 3238 ad
280 3169 444 3239 Caesarem
460 3174 599 3251 mittunt,
624 3184 658 3238 ut
672 3174 728 3238 sibi
744 3176 878 3260 legiones
893 3174 1027 3241 subsidio
1041 3174 1223 3241 intromitte·

101 3274 154 3339 τὰ.
171 3274 254 3341 tloc
277 3294 344 3340 oum
366 3277 641 3342 animaduerterent
656 3277 791 3342 homiues
807 3279 943 3364 fugitiui,
968 3279 1103 3365 oppidum
1117 3278 1222 3347 ineen-

102 3373 168 3443 dtre
187 3381 361 3464 coeperunt‘
384 3390 457 3444 cett.
496 3378 555 3444 iiie
576 3381 670 3446 uerba
693 3380 809 3465 ‘quiin
825 3375 970 3447 Caesaris
992 3384 1152 3449 aduentum
1169 3383 1221 3447 de·

101 3482 241 3546 molere
263 3481 437 3564 coeperunt'
461 3502 516 3566 per
539 3502 574 3548 se
593 3482 658 3566 ipsa
680 3485 796 3548 referre
821 3485 892 3549 lieet
912 3484 1020 3565 adea,
1044 3504 1120 3570 quae
1135 3484 1221 3550 initio

86 3582 260 3668 .nperinris
273 3583 380 3667 cepitis
395 3595 569 3664 narrantur,
587 3605 652 3648 curu
668 3582 787 3650 Caesar
801 3580 972 3649 Cordubam
988 3589 1221 3673 appropinquas·

99 3694 151 3765 tet,
168 3706 235 3764 ecs,
253 3685 304 3768 qui
319 3703 360 3748 ex
373 3682 536 3752 Mundensi
550 3688 665 3771 proelio
682 3708 719 3751 eo
734 3688 952 3773 confugissent,
969 3700 1059 3773 ponte
1074 3701 1220 3776 occupato

100 3778 296 3853 camdenus
310 3789 441 3854 nansitu
456 3789 613 3874 prohibere
629 3800 753 3854 conates
770 3812 848 3856 esse.
875 3791 989 3857 Verum
1004 3799 1065 3854 tum
1082 3793 1221 3877 proxima

98 3884 137 3954 ita
149 3900 257 3955 meat
271 3890 485 3975 intellegenda,
504 3902 536 3956 ut
551 3893 630 3977 legio
646 3893 853 3958 tertiadecima
867 3894 1004 3979 oppidum
1020 3906 1126 3960 contra
1142 3889 1220 3962 Cae-

98 3990 232 4057 sarianos
254 3992 425 4058 defendisse
453 3993 616 4075 diceretur,
633 3996 710 4080 quod
743 4006 847 4061 eontra
877 3999 1017 4084 perfugas
1047 4009 1078 4063 et
1106 3997 1220 4063 liberti-¹

97 4111 148 4159 uos
183 4096 298 4161 nomn
328 4116 397 4162 csse
428 4098 585 4185 sequentia
606 4098 726 4163 docent.
771 4098 887 4166 deinde
916 4100 1008 4167 uerba
1042 4106 1129 4164 ‘nam
1152 4119 1218 4164 cunr

96 4192 150 4261 ian
169 4198 392 4283 repugnarent'
414 4210 555 4286 corrupta
578 4210 668 4264 sunt:
691 4204 888 4286 nequeenim
910 4204 1080 4289 quinoque
1104 4202 1150 4264 coi
1172 4200 1219 4265 rei

95 4301 340 4386 epagmaeriut,
355 4298 551 4389 intellegitur.
580 4301 690 4387 Neque
708 4305 805 4372 denuo
821 4301 1219 4388 commences·1egsoosad
