2684 4694
495 179 819 249 —214-

95 372 238 419 umeros
254 364 321 419 erat
336 352 503 438 ponendus.
534 348 734 434 Quamobrem
748 353 846 437 ipsum
861 372 1037 429 numerum,
1062 372 1149 434 quem
1163 371 1217 436 po-

93 455 157 534 eni,
174 478 236 521 non
251 466 384 540 praesto.

180 554 218 621 C.
235 556 278 621 49
298 558 372 623 baec
392 565 423 621 et
440 556 474 630 in
496 558 583 623 codd.
600 557 711 641 scripta
732 568 764 623 et
778 578 796 621 a
810 557 1014 641 superioribus
1029 558 1109 623 edita
1123 568 1214 622 sunta

96 653 236 738 ‘Caesen
261 670 414 743 postquam
431 660 643 727 animaduertit
658 657 794 744 Scipioni
808 660 920 725 auxilia
937 662 1011 736 lere,
1036 680 1111 743 quae
1127 680 1219 743 expe·

93 769 225 839 etasset,
246 762 343 825 omnin
360 763 540 831 conuenisse
555 781 651 845 neque
665 782 777 826 moram
793 762 943 846 pugnandi
959 762 1047 825 ullam
1061 763 1145 840 iore,
1163 783 1219 846 per

93 863 194 946 iugum
209 884 356 928 summum
372 885 439 935 cum
454 863 550 949 copiis
564 864 705 948 progredi
719 865 818 949 eoepit
833 877 863 929 et
878 865 998 929 braebia
1014 865 1150 947 protinus
1165 865 1218 928 dn·

93 984 164 1031 eure
187 975 219 1029 et
239 966 363 1031 castella
385 968 501 1033 munire
521 966 704 1052 propiusque
726 963 896 1050 Scipionem
919 968 1064 1052 capiendo
1081 968 1148 1032 loca
1163 989 1218 1033 ex·

94 1065 176 1131 celsa
191 1088 340 1152 occupare
354 1070 520 1135 contendit.
543 1067 724 1139 Aduersarii
738 1070 941 1154 magnitudine
950 1071 1101 1154 copiarum
1112 1069 1219 1134 conlisi

92 1169 262 1253 proximum
278 1170 383 1243 collem
399 1182 621 1256 occupauerunt
634 1181 725 1254 atque
739 1171 782 1236 ita
798 1172 917 1256 longius
932 1173 988 1236 sibi
1005 1172 1216 1255 progrediendi

93 1272 268 1357 eripuerunt
288 1274 471 1339 facultatem.
501 1272 645 1341 Eiusdem
667 1274 753 1339 collis
770 1275 934 1357 occupandi
950 1275 1046 1358 gratia
1062 1271 1218 1337 Labienus

95 1375 252 1442 consilium
269 1387 392 1461 ceperat
405 1387 448 1452 et,
472 1398 531 1459 quo
546 1376 686 1460 propiore
700 1375 768 1440 loeo
784 1377 894 1452 fueret,
917 1397 954 1438 eo
970 1375 1097 1439 celerius
1112 1396 1219 1439 occur-

91 1478 198 1549 rerat'.
232 1475 345 1545 Verum
366 1478 559 1545 aduersarios
579 1477 655 1543 colle
677 1478 849 1560 occupando
869 1476 926 1539 sibi
950 1477 1069 1560 longius
1092 1498 1216 1561 progre-

94 1579 193 1645 diendi
209 1581 380 1646 facultatem
395 1579 665 1661 aonadempturna,
682 1579 736 1642 sed
754 1589 910 1662 paraturos
927 1579 1020 1642 luisse
1035 1578 1217 1663 interpretes

91 1681 321 1750 intellexerunt.
344 1679 448 1765 ltaque
463 1700 627 1766 pronomen
642 1681 820 1745 reflexiuum
835 1701 888 1763 pro
897 1680 1131 1745 demonstratiuo
1147 1683 1218 1766 poni

93 1793 126 1855 at
146 1785 183 1855 ad
206 1780 368 1849 Caesarem
395 1783 505 1847 referri
526 1783 755 1847 contenderunt.
792 1780 881 1865 Quod
907 1782 964 1846 etsi
986 1783 1017 1845 in
1040 1783 1219 1848 secundaria

92 1896 207 1951 mnurm
224 1885 429 1951 enuntiatione
443 1885 510 1948 fiori
525 1895 635 1968 potest,
652 1897 750 1950 tumen
767 1885 916 1950 sententia
932 1904 968 1948 eo
983 1885 1110 1948 artificio
1126 1886 1219 1952 nihilo

94 1987 192 2072 aptior
206 1987 344 2053 efficitur.
366 1984 449 2056 Nam
465 1987 656 2053 aduersarios
665 1988 771 2052 collem
784 1986 977 2069 occupauisse
988 1987 1217 2070 insequentibus

95 2089 211 2157 demum
228 2089 330 2159 uerbis
343 2092 486 2169 refertur,
503 2100 545 2167 et,
563 2091 640 2173 qnod
655 2087 860 2155 ibiLabienus
877 2089 955 2153 bunc
970 2090 1096 2153 eundem
1112 2091 1218 2154 collem

95 2201 129 2259 et
142 2212 291 2277 occupare
298 2192 431 2259 noluisse
446 2204 477 2261 et
490 2192 687 2277 occupauisse
701 2193 822 2266 dicitur,
838 2191 1005 2256 indicioest
1014 2192 1217 2274 superioribus

94 2296 197 2367 uerbis
212 2296 394 2366 declaratum
410 2315 478 2361 esse
494 2289 657 2359 Caesarem
673 2295 752 2360 buna
766 2295 871 2359 collem
887 2315 996 2378 capere
1011 2294 1215 2359 constituisse.

95 2397 202 2467 Sensit
221 2400 295 2465 baec
311 2395 474 2476 Curtius,
499 2399 564 2477 sed,
582 2419 648 2461 oum
665 2408 824 2480 corruptae
846 2397 1012 2480 scripturae
1033 2397 1216 2480 patrocinari

94 2511 228 2585 cuperet,
245 2501 373 2584 ineptias
389 2500 530 2583 quasdam
547 2500 656 2563 adiecit
670 2511 835 2564 memoratu
843 2500 992 2584 indignas.
1017 2496 1217 2563 Mibicertum

93 2614 141 2671 est
155 2604 199 2673 sic
214 2602 356 2686 scriptum
371 2602 487 2668 luisses
512 2601 712 2686 ‘propiusque
729 2598 900 2686 Scipionem
922 2601 1146 2685 capiendoloca
1162 2623 1217 2667 ex-

94 2706 176 2773 celsa
191 2724 336 2788 occupare
352 2704 518 2783 contendit,
535 2723 574 2768 ne
588 2704 756 2769 aduersarii
771 2704 975 2788 magnitudine
984 2704 1137 2786 copiamm
1145 2712 1217 2769 tou·

93 2810 141 2877 bai
156 2809 324 2894 proximum
340 2808 446 2872 collem
460 2815 644 2889 occuparent
657 2817 746 2889 atque
760 2807 803 2871 ita
817 2807 934 2890 longius
943 2805 999 2871 sibi
1009 2807 1218 2890 progrediendi

95 2913 248 2997 eriperent
263 2907 454 2979 fucultatem'.
487 2905 564 2974 Cum
583 2907 644 2973 ‘ne’
661 2909 807 2992 particula
823 2909 938 2973 extrita
951 2921 1051 2987 esset,
1076 2911 1113 2974 ad
1128 2913 1218 2975 resti-

96 3015 236 3081 tuendam
252 3012 399 3081 orationis
415 3013 539 3077 formam
555 3013 689 3098 perlecta
710 3022 781 3077 suut
796 3011 905 3095 posita.
943 3009 1062 3076 Deinde
1083 3012 1220 3076 scriben-

93 3117 162 3181 duru
186 3137 254 3183 esse
278 3117 429 3181 ‘eiusdem
452 3114 537 3181 collis
559 3114 721 3198 occupandi
736 3111 892 3179 Labienus
914 3114 1071 3179 consilinm
1086 3113 1218 3198 reperat'

94 3213 236 3283 Clarkius
252 3217 473 3283 animaduertit.
509 3214 621 3300 Neque
643 3216 724 3281 enirn
746 3216 902 3281 consilinm
918 3215 1048 3298 aliquod,
1072 3237 1126 3301 per
1140 3219 1219 3301 quod

93 3320 170 3384 colle
185 3319 352 3404 potiretur,
377 3316 530 3382 Labienus
546 3329 685 3403 ceperat,
710 3339 769 3401 qua
789 3340 848 3385 una
862 3321 982 3383 ratione
1006 3318 1119 3383 ‘eausa'
1133 3328 1218 3384 recte

92 3422 286 3488 adiciebatur.
314 3418 396 3484 Nam
411 3420 441 3484 id
456 3419 632 3500 consilium,
654 3421 733 3505 qnod
749 3421 888 3505 deinceps
903 3423 1084 3504 exponitur,
1106 3433 1219 3508 etpost

92 3534 268 3609 occupatum
289 3522 394 3587 collem
417 3534 534 3609 captum
558 3534 624 3587 erat
645 3524 736 3588 etad
759 3522 884 3587 insidias
908 3519 1035 3589 Caesari
1058 3525 1218 3589 struendas

92 3625 271 3712 pertinebat.

177 3727 291 3794 Harum
306 3726 481 3795 insidiarum
494 3727 574 3793 ratio
589 3728 758 3812 explicatur
773 3750 800 3792 c.
810 3726 865 3806 50,
881 3751 957 3813 qnae
970 3728 1115 3794 nerbasic
1126 3728 1218 3791 eden-

91 3841 159 3895 turz
187 3828 282 3895 ‘Erat
298 3830 441 3897 conuallis
465 3831 541 3895 satis
563 3851 672 3916 magna
693 3831 861 3912 latitudine,
883 3833 1041 3897 altitudine
1058 3838 1217 3913 praerupta

90 3930 206 3999 enebris
226 3930 301 3997 locis
323 3932 483 4016 speluncae
503 3934 535 3997 in
549 3935 668 3997 modum
684 3933 835 4014 subrutis,
860 3956 937 4018 quae
960 3944 1048 3998 erant
1062 3943 1217 4013 transgre-

91 4035 199 4101 dienda
215 4030 361 4113 Caesari,
392 4044 549 4118 antequam
564 4038 602 4101 ad
619 4057 685 4102 eum
702 4036 825 4116 collem,
858 4058 945 4120 quem
960 4055 1067 4120 capere
1083 4032 1215 4111 uolebat,

90 4138 315 4223 perueniretur,
333 4139 467 4221 ultraque
483 4159 547 4204 eam
563 4139 729 4206 conuallem
746 4141 888 4205 oiiuetnm
904 4150 990 4204 uetus
1005 4133 1217 4201 crebrisarbo-

88 4243 175 4311 ribus
188 4239 393 4309 condensum’.
417 4238 453 4307 ln
468 4238 540 4308 Par.
556 4262 619 4307 see.
636 4239 724 4306 Leid.
742 4264 788 4326 pr.
806 4243 873 4307 cod.
892 4237 966 4306 Vra.
984 4250 1031 4304 est
1048 4247 1215 4322 ‘transgre-
