2684 4694
500 211 821 280 ...137-

103 404 195 470 agros
211 381 372 449 Volcarum
387 381 633 451 Arecomicorum
649 396 680 449 et
693 384 868 451 Heluiorum
882 388 997 473 publice
1011 390 1050 454 iis
1066 409 1226 454 conoesse-

103 489 158 566 rit,
175 488 253 552 alter
266 486 344 551 bello
360 485 582 554 uietasGallias
597 489 767 553 attribuerit
781 490 1144 574 uectigaliaqueauxerit’.
1162 489 1224 557 Sed

102 590 228 654 ridicule
251 588 416 654 Gaesarem
434 589 678 657 Massiliensibus
702 589 817 657 Gallias
832 593 1004 657 attribuisse
1025 594 1115 658 dicia
1130 591 1225 659 Glan-

105 694 209 778 dorpio
222 692 464 757 animaduersum
477 706 535 771 est,
552 694 689 781 idemque
701 695 775 759 baec
785 694 827 759 ita
839 696 1026 760 emendauit:
1047 697 1224 761 ‘alterbello

102 796 202 861 uictos
225 792 343 882 Sallyas
366 797 557 876 attribuerit',
580 819 656 882 qnae
678 798 847 862 emendatio
868 809 899 861 et
920 794 1132 882 Oudendorpio
1154 799 1225 863 reli·

103 900 232 984 quisque
245 900 371 984 probata
387 910 454 978 est,
478 922 574 983 neque
589 922 645 987 ego
661 911 713 966 aut
727 901 882 965 meliorem
897 910 950 963 aut
964 902 1124 965 certiorem
1139 900 1225 965 inne·

101 1002 162 1067 uiri
178 1024 267 1087 posse
281 1005 383 1069 credo.
419 1002 535 1069 Verum
550 1004 581 1067 in
596 1024 645 1082 eo,
662 1014 801 1087 quamum
817 1003 895 1078 seio,
912 1023 1017 1066 omnes
1032 1013 1223 1082 errauerunt,

102 1106 183 1189 quod
198 1101 363 1171 Caesarem
380 1106 435 1169 boc
450 1107 558 1170 fecisse
573 1116 720 1170 statuunt.
750 1103 832 1170 Nam
846 1103 968 1190 Sallyes
982 1102 1225 1169 Massiliensibus

102 1208 219 1272 uicinos
241 1209 335 1273 inisse
358 1219 460 1272 notum
482 1219 547 1272 cst:
566 1204 683 1273 Caesar
703 1220 801 1273 autem
823 1231 889 1272 eum
911 1209 950 1272 iis
975 1208 1110 1291 populis,
1127 1207 1224 1290 quiin

102 1310 259 1395 prouincia
273 1313 405 1390 fuemnt,
425 1311 533 1375 nullu·
549 1311 658 1376 bellum
674 1311 788 1375 babuit.
826 1308 931 1394 ltaque
953 1311 1001 1374 hic
1021 1311 1133 1373 laetum
1156 1328 1225 1373 esse

102 1414 291 1477 statuendum
307 1423 374 1494 est,
397 1415 474 1498 quod
491 1435 582 1499 saepe
596 1434 653 1478 usu
668 1414 769 1492 uenit,
785 1423 819 1476 ut
833 1413 1006 1488 enuntiata,
1024 1431 1099 1495 qnae
1114 1410 1226 1475 babent

52 1578 55 1583 .
101 1536 266 1600 pronomen
283 1518 395 1597 ‘alter',
411 1517 533 1582 inuerso
548 1517 655 1581 ordine
668 1516 705 1580 ad
720 1515 875 1600 superiora
891 1515 1011 1578 nomina
1022 1515 1221 1589 referrentur.

101 1615 181 1682 Nam
197 1617 377 1705 Pompeius,
400 1622 458 1685 etsi
474 1641 512 1685 ne
526 1641 593 1685 eum
608 1620 726 1703 quidem
743 1615 864 1704 Sallyas
884 1619 996 1683 uicisse
1018 1617 1145 1681 relatum
1162 1626 1221 1694 est,

100 1730 201 1785 tamen
216 1730 247 1786 et
261 1722 293 1785 in
310 1722 452 1788 ulteriore
467 1723 621 1808 prouincia
635 1722 745 1786 bellum
760 1722 855 1805 gessit
870 1731 901 1785 et
922 1721 1059 1784 ciuitates
1080 1718 1223 1801 quasdam

99 1825 183 1907 agris
203 1825 352 1889 multauit.
390 1823 568 1891 Sertoriano
590 1826 669 1890 enim
691 1825 767 1889 bello
790 1846 856 1889 eum
876 1822 1037 1908 Pompeius
1059 1822 1091 1885 in
1113 1820 1224 1904 Hispa·

98 1925 182 1989 niam
198 1928 378 2006 mitteretur,
396 1939 536 2011 quaestor
550 1925 679 1992 Sertorii
693 1925 733 1990 1..
751 1926 916 1991 Hirtuleius
932 1924 970 1989 1..
989 1924 1115 1990 Valerio
1130 1920 1223 1987 Prae·

99 2027 214 2091 conino
243 2028 342 2113 legato
372 2027 468 2093 et·L.
493 2027 599 2092 Mallio
622 2031 800 2113 proconsule
815 2027 933 2093 Galliae
962 2028 1113 2094 ulterioris
1144 2027 1221 2091 fusis

99 2152 222 2195 omnem
252 2130 424 2194 ulteriorem
451 2131 636 2214 prouinciam
659 2141 855 2214 occupauerat
878 2139 909 2193 et
932 2131 1076 2193 transitus
1101 2129 1221 2214 Alpium

99 2232 260 2317 praesidiis
277 2233 407 2297 tenebat.
426 2231 506 2299 ldem
517 2232 685 2297 Hirtuleius
701 2226 852 2315 npudCie.
871 2229 1023 2316 proFont.
1042 2231 1073 2308 1,
1090 2232 1220 2317 2partis

98 2333 301 2399 aNiebubrio
315 2349 454 2420 repertae
470 2338 612 2420 quaedam
624 2338 656 2400 in
672 2333 771 2400 Gallia
786 2336 953 2399 instituisse
968 2334 1087 2398 dieitur.
1117 2332 1222 2417 ltaque

100 2434 261 2523 Pompeius
277 2440 353 2522 apud
369 2437 546 2504 Sallustium
562 2440 593 2505 io
610 2439 744 2504 historiis
759 2460 788 2524 p.
806 2436 870 2503 230
886 2435 970 2503 Gerl.
989 2438 1062 2501 baec
1080 2438 1121 2501 'de
1135 2456 1169 2501 se
1183 2437 1222 2500 ad

99 2552 237 2606 senatum
254 2541 375 2606 scribite
395 2543 514 2627 ‘qnippe
530 2543 579 2627 qui
594 2543 715 2607 nomine
731 2542 816 2606 modo
831 2543 948 2626 imperii
964 2562 981 2606 a
997 2540 1082 2605 uobis
1098 2549 1221 2624 accepto

101 2642 206 2708 diebus
221 2641 281 2706 XL
298 2647 465 2709 exereitum
488 2646 592 2731 paraui
614 2644 776 2729 hostesque
796 2646 829 2710 iu
852 2645 1020 2710 ceruicibus
1040 2645 1099 2709 iam
1113 2642 1220 2709 ltaliae

100 2757 226 2830 agentes
242 2746 278 2810 ab
293 2745 420 2831 Alpibus
435 2748 467 2812 in
483 2747 661 2834 Hispaniam
676 2748 844 2827 summoui,
870 2768 925 2831 per
939 2767 992 2810 eas
1008 2748 1066 2810 iter
1080 2747 1160 2810 aliud
1175 2756 1221 2810 at·

101 2867 160 2932 qne
176 2846 345 2929 Hannibal,
371 2850 455 2915 nobis
471 2853 666 2938 opportunius
682 2851 827 2936 patefeci,
844 2849 945 2934 recepi
961 2846 1109 2926 Galliam,
1127 2845 1221 2932 Pyre-

99 2952 296 3015 naenm'oett.
313 2951 376 3016 lam
392 2955 527 3018 nonnulli
544 2953 699 3020 Gallorum
715 2955 814 3040 populi
829 2951 980 3016 Hirtuleio
995 2972 1029 3014 se
1045 2949 1221 3014 adiunxisse

97 3063 130 3118 ct
142 3054 315 3119 aduenienti
329 3055 473 3141 Pompeio
487 3059 639 3122 restitisse
654 3057 805 3121 uidentur.
836 3055 917 3119 Nam
933 3049 1001 3117 Cic.
1020 3053 1056 3117 de
1071 3052 1142 3134 imp.
1160 3047 1219 3115 Gn.

95 3151 202 3241 Pomp.
222 3156 275 3233 ll,
292 3156 335 3223 30
354 3157 490 3242 Pompeii
510 3159 677 3243 legionibus
692 3160 752 3224 iter
765 3159 796 3223 in
812 3156 986 3242 Hispaniam
1007 3152 1161 3220 Gallorum
1176 3154 1222 3217 in·

96 3260 272 3325 temecionc
287 3262 468 3345 patefactum
485 3283 554 3326 esse
569 3271 793 3326 commemorat.
831 3258 914 3325 ldem
935 3270 1034 3324 autem
1057 3278 1112 3342 pro
1126 3254 1219 3321 Font.

96 3359 161 3439 2,4
176 3382 218 3426 ex
232 3363 354 3428 decreto
369 3362 503 3449 Pompeii
513 3362 617 3428 Gallos
632 3365 675 3428 ait
689 3386 730 3429 ex
744 3365 825 3448 agris
841 3365 986 3430 decedere
1001 3372 1122 3428 coactos
1138 3379 1219 3424 esse.

96 3458 186 3527 Bello
208 3465 301 3550 igitur
316 3463 493 3532 Sertoriano
516 3469 605 3532 etiam
622 3464 739 3553 Sallyas
755 3489 773 3532 a
787 3465 931 3554 Pompeio
946 3468 1041 3532 uictos
1065 3476 1096 3533 et
1111 3461 1221 3528 Massi·

95 3565 241 3632 lieusibus
256 3569 415 3634 attributos
431 3592 499 3636 esse
515 3571 747 3636 existimandum
762 3582 818 3635 est

182 3665 220 3735 C.
245 3670 287 3736 38
309 3672 350 3735 in.
376 3694 480 3738 manea
502 3675 588 3738 codd.
606 3674 753 3760 scriptura
775 3673 879 3740 neseio
901 3693 918 3736 a
939 3694 997 3756 quo
1018 3673 1063 3737 ita
1085 3672 1221 3758 suppleta

95 3781 160 3837 cata
181 3772 334 3838 ‘Aduentu
352 3772 392 3837 1..
409 3774 535 3840 Vibullii
556 3775 644 3855 llufi,
668 3798 754 3861 quem
770 3798 788 3840 a
802 3773 944 3860 Pompeio
967 3776 1090 3841 missum
1112 3776 1143 3838 in
1167 3774 1221 3839 Hi·

96 3875 231 3960 spaniam
248 3878 482 3941 demonstratum
497 3889 562 3957 est,
586 3878 731 3943 Afranius
747 3889 778 3942 et
791 3877 932 3943 Petreius
947 3877 1104 3958 etVarro,
1128 3876 1219 3963 legati

96 3976 251 4063 Pompeii,
269 4001 394 4062 quorum
412 4000 488 4044 unus
504 3976 548 4042 ΙΙΙ
564 3979 730 4064 legionibus
746 3979 920 4067 Hispaniam
937 3983 1126 4058 citeriorem,
1144 3978 1221 4044 alter

94 4082 209 4147 asaltn
225 4076 438 4147 Castulonensi
454 4083 490 4146 ad
505 4082 605 4146 Anam
620 4082 734 4147 duabus
749 4084 934 4171 legionibus,
963 4085 1070 4150 tertius
1093 4083 1129 4147 ab
1150 4080 1221 4144 Ana

96 4181 262 4249 Vettonum
278 4207 382 4271 agrum
396 4183 644 4272 Lusitaniamque
658 4187 723 4270 pari
738 4208 862 4252 numero
882 4189 1032 4271 lem'onum
1054 4182 1217 4260 obtinebat,

97 4285 198 4353 officia
211 4288 294 4354 inter
314 4309 349 4355 so
371 4287 564 4375 partiuntur’.
600 4287 682 4355 Nam
696 4289 788 4356 uerba
805 4288 863 4355 ⁸111
878 4288 1057 4374 legionibua’
1073 4296 1107 4352 et
1121 4281 1219 4348 ‘altor’
