2692 4688
69 175 134 244 ota
495 169 553 236 llll
576 166 720 235 BELLO
743 167 877 237 ClVlbl

127 366 184 410 nae
199 343 340 429 gratiam,
350 342 427 425 qnod
438 339 553 406 ltaliam
570 343 635 405 sine
650 341 748 426 aliquo
764 345 890 407 uulnere
906 341 1069 426 cepissent,
1080 343 1157 425 quod
1174 344 1250 408 duas

129 447 292 531 Hispanias
311 445 606 508 bellicosissimorum
623 445 772 507 bominum
789 445 978 528 peritissimis
995 456 1085 528 atque
1100 449 1254 511 exercita·

128 549 253 614 tissimis
276 546 398 610 ducibus
417 548 627 629 monuissent,
651 548 727 628 quod
744 547 883 610 finitimas
901 549 1169 631 frumentariasque
1185 570 1252 632 pro-

133 652 246 715 uincias
262 651 293 712 in
309 658 484 732 potestatem
500 651 707 732 redegissent3
735 649 860 731 denique
875 650 1028 713 recordari
1045 650 1175 729 debere,
1192 673 1253 735 qua

130 753 274 818 felicitate
289 751 369 814 inter
384 751 496 814 medias
514 752 639 815 hostium
654 751 766 814 classes
777 750 904 834 oppletis
916 774 976 814 non
990 753 1085 815 solum
1100 754 1250 837 portibus,
1273 766 1287 816 t

96 858 116 921 d
133 855 186 919 sed
209 855 296 917 etiarn
321 853 456 916 litoribus
480 874 583 916 omnes
599 853 764 917 incolumes
779 864 882 916 essent
898 855 1106 938 transportati.
1142 853 1254 919 Sinon

132 957 231 1020 omnia
255 955 398 1018 caderent
419 955 568 1032 secunda,
595 956 741 1018 fortunam
764 976 831 1019 esse
853 956 1001 1019 industria
1025 958 1250 1021 subleuandam.

133 1054 222 1140 Quod
238 1067 319 1121 esset
333 1068 486 1139 acceptum
502 1057 684 1135 detrimenti,
701 1057 833 1119 cuiusuis
850 1059 949 1140 potius
965 1079 1051 1141 quam
1065 1080 1139 1124 suae
1151 1061 1256 1145 culpae

97 1159 118 1227 5
134 1161 242 1224 debere
266 1159 366 1223 tribui.
395 1156 511 1222 Locum
536 1179 569 1222 se
585 1180 688 1222 aecum
703 1159 739 1222 ad
757 1158 955 1222 dimicandum
972 1160 1109 1238 dedisse,
1128 1163 1253 1247 potitum
1290 1208 1293 1216 .

132 1284 200 1326 esse
217 1263 343 1327 bostium
360 1262 489 1338 eastris,
513 1262 666 1345 expulisse
680 1281 716 1323 ao
730 1281 890 1345 superasse
907 1274 1085 1346 pugnantes.
1110 1260 1171 1327 Sed
1185 1264 1253 1329 siue
1277 1274 1306 1328 u

134 1365 265 1449 ipsorum
287 1364 472 1446 perturbatio
495 1364 561 1427 siue
584 1383 671 1427 error
693 1363 801 1445 aliquis
817 1364 882 1428 siue
898 1365 986 1428 etiam
1002 1366 1120 1428 fortuna
1136 1376 1253 1449 partam

133 1467 191 1531 iam
215 1477 461 1550 praesentemque
485 1465 639 1528 uictoriam
661 1465 934 1547 interpellanisset,
965 1465 1089 1529 dandam
1112 1469 1253 1532 omnibus

97 1566 275 1651 (inparem,
301 1578 334 1629 ut
356 1576 508 1650 acceptum
530 1567 747 1630 incommodum
771 1568 883 1630 uirtute
904 1568 1080 1631 sarciretur.
1114 1565 1202 1648 Quod
1225 1570 1253 1632 si

133 1681 215 1734 esset
231 1671 359 1742 factum,
384 1668 591 1733 detrimentum
607 1670 638 1732 in
655 1669 763 1733 bonum
780 1679 928 1747 uerteret,
955 1670 995 1731 uti
1012 1669 1048 1731 ad
1065 1666 1250 1752 Gergouiam

134 1771 304 1847 accidisset,
322 1782 412 1854 atqua
428 1772 468 1849 ei,
489 1772 539 1854 qui
554 1782 624 1835 unte
639 1772 779 1835 dimicare
795 1771 975 1847 timuissent,
991 1769 1070 1833 ultro
1085 1791 1119 1834 se
1134 1772 1250 1855 proelio
1274 1785 1307 1837 ts

75 1873 121 1944 74
134 1874 287 1937 offerrent.
321 1872 385 1936 llac
402 1873 499 1936 habita
514 1874 655 1938 contione
671 1873 828 1937 nonnullos
843 1873 1002 1956 signiferos
1017 1872 1179 1958 ignominia
1194 1895 1252 1937 no·

96 1975 119 2042 2
135 1976 209 2039 teuit
232 1997 266 2038 ae
282 1975 349 2038 loco
365 1975 470 2039 mouit.
502 1974 650 2041 Exercitu
665 1977 782 2061 quidem
799 1977 878 2039 omni
894 1986 996 2040 tantus
1011 1976 1134 2039 incessit
1149 1997 1191 2040 ex
1205 1977 1252 2040 in·

132 2077 287 2141 commodo
302 2079 387 2143 dolor
402 2089 573 2163 tantumque
589 2080 717 2143 studium
733 2079 874 2141 infamiae
888 2078 1088 2155 sarciendae,
1113 2090 1146 2141 ut
1161 2098 1248 2142 nemo

132 2191 186 2244 aut
207 2179 318 2244 tribuni
340 2194 392 2246 aut
407 2182 589 2246 centurionis
605 2182 761 2266 imperium
778 2181 983 2259 desideraret,
1007 2191 1039 2245 et
1054 2180 1111 2244 sibi
1127 2181 1250 2264 quisque

133 2285 224 2349 etiarn
245 2304 359 2369 poenae
381 2284 447 2348 loco
469 2285 625 2370 grauiores
648 2284 806 2367 inponeret
820 2283 960 2361 labores,
985 2283 1132 2365 simulque
1147 2303 1253 2347 omnes
1271 2293 1305 2348 2⁰

135 2387 276 2450 arderent
297 2389 457 2471 cupiditate
480 2387 647 2471 pugnandi,
672 2407 736 2449 cum
760 2386 924 2469 superioris
942 2385 1032 2448 etiam
1047 2385 1160 2448 ordinis
1178 2406 1251 2448 non·

136 2490 209 2552 nulli
224 2490 340 2552 rationo
357 2489 480 2572 permoti
499 2490 676 2553 manendum
693 2508 729 2551 eo
745 2489 810 2551 loeo
822 2498 853 2550 et
864 2508 926 2551 rem
940 2488 1053 2571 proelio
1065 2489 1250 2551 committen-

97 2588 118 2654 3
134 2591 200 2653 dam
217 2591 438 2655 existimarent.
463 2587 577 2656 Contra
592 2612 628 2654 ea
645 2586 760 2654 Caesar
775 2610 873 2673 neque
888 2591 963 2654 satis
979 2590 1120 2652 militibus
1138 2600 1249 2673 perter-

131 2692 199 2757 ritis
223 2692 390 2758 confidebat
410 2695 593 2778 spatiumque
617 2691 865 2776 interponendum
880 2693 916 2756 ad
933 2692 1114 2755 recreandos
1130 2693 1246 2755 animos

131 2795 264 2880 putabat,
282 2807 316 2860 et
328 2797 441 2861 relictis
457 2795 668 2860 munitionibus
685 2815 865 2879 magnopere
879 2794 922 2857 rei
938 2794 1149 2856 frumentariae
1166 2795 1252 2858 time·
1272 2803 1307 2857 25

76 2897 120 2968 75
134 2899 196 2963 bat.
227 2895 332 2983 Itaque
356 2899 437 2962 nulla
458 2899 635 2982 interposita
658 2917 742 2960 mora
757 2896 926 2960 sauciorum
942 2895 1027 2958 ruodo
1043 2905 1074 2957 et
1088 2914 1249 2976 aegrorum

133 3000 232 3064 babitu
257 3003 374 3066 ratione
395 3002 605 3085 impedimenta
621 3001 720 3063 omnia
735 2998 855 3063 silentio
871 2997 963 3081 prima
980 3006 1066 3059 nocte
1081 3015 1122 3058 ex
1137 2994 1250 3058 castris

135 3100 321 3183 Apolloniam
337 3105 503 3191 praemisit.
528 3103 612 3168 llaec
627 3103 840 3186 conquiescere
854 3111 924 3164 ante
939 3100 997 3164 iter
1012 3099 1178 3162 confectum
1196 3119 1250 3162 ue-

239 3360 455 3427 lcoepirsente.
560 3362 776 3430 2llyspaninse.
882 3359 1099 3423 betianhetb.
1208 3357 1251 3406 lit-

131 3439 231 3490 toribus
243 3454 270 3489 o.
387 3449 479 3491 essent
490 3457 543 3491 om.
558 3443 584 3492 b.
703 3439 890 3505 transportatis
903 3439 928 3488 id
942 3439 1026 3487 omnia
1041 3452 1067 3499 a,
1082 3434 1252 3501 menaportati

131 3519 171 3568 sin
185 3519 270 3567 omnia
285 3518 310 3567 b.
414 3519 544 3570 lfortuna
558 3547 592 3558 -
603 3518 765 3570 subleuanda
778 3517 826 3566 ab.
932 3513 1159 3567 Seuiusuiseodd.
1172 3527 1251 3578 prue-

131 3599 174 3645 fer
182 3609 284 3660 paucos
297 3595 376 3660 deff„
391 3597 447 3649 eins
462 3599 511 3648 iuri
526 3614 553 3648 u.
711 3598 726 3647 t
740 3611 769 3646 se
782 3611 872 3646 aecum
886 3594 1036 3657 Victorius,
1051 3609 1138 3645 securo
1151 3608 1166 3642 α
1177 3593 1190 3641 b
1200 3589 1250 3640 cd.

239 3674 356 3741 potitum]
370 3691 398 3726 se
411 3676 475 3725 add.
489 3676 540 3726 ab.
669 3673 698 3724 11
714 3671 795 3737 aliqui
810 3687 833 3721 c.
955 3669 1043 3735 etiarn]
1059 3677 1104 3719 aut
1118 3671 1142 3718 b.

131 3761 230 3818 partem
244 3769 271 3807 a.
379 3757 410 3807 11
424 3753 531 3819 factum]
547 3760 575 3802 ut
587 3750 650 3802 add.
665 3750 714 3801 ab.
728 3748 761 3798 Ρ.
777 3749 836 3800 181.
953 3753 1104 3798 uerteretur
1118 3746 1142 3795 b.

131 3830 164 3880 fb
177 3832 199 3880 ei
213 3847 231 3881 c
244 3838 271 3882 ot
282 3837 323 3883 sie
335 3839 385 3882 eut
397 3834 457 3896 ‘eis,
472 3833 505 3890 is,
520 3833 545 3881 bi
559 3847 622 3881 nias.
637 3827 767 3894 qnidam',
782 3827 800 3877 ii
815 3843 842 3878 u.
1020 3826 1049 3877 lb
1063 3825 1188 3876 concione
1200 3824 1250 3887 (a).

240 3909 271 3958 17
286 3910 385 3959 monuit
396 3925 412 3959 a
422 3912 446 3959 b.
570 3905 696 3958 exercitui
710 3903 787 3954 codd.
802 3909 829 3954 ef
841 3903 901 3955 edd.
915 3904 946 3955 Ρ.
963 3904 1022 3956 lif).
1147 3902 1179 3952 lb
1191 3914 1253 3949 cen·

131 3983 247 4033 tumeries
260 4000 287 4034 a.
393 3987 426 4040 20
440 4002 504 4052 pene
516 4002 543 4036 a.
660 3985 798 4050 inponeret
809 3998 836 4033 a.
950 3983 980 4036 21
998 3981 1133 4046 arderent]
1147 3981 1172 4029 in
1185 3977 1250 4028 add.

130 4061 178 4110 ab.
285 4061 562 4127 etiam]antemb.·
637 4065 671 4118 22
684 4063 903 4113 rationee‘mra.
919 4061 953 4125 δ’,
968 4060 1087 4111 oratione
1101 4077 1128 4110 n.
1145 4060 1174 4110 Ρ.
1190 4057 1250 4109 182.

238 4140 588 4205 ascendentesque,
611 4141 711 4192 relictis
732 4142 788 4201 ub,-
810 4140 961 4206 relictisque
982 4156 1008 4190 a.
1028 4141 1059 4190 Ρ.
1082 4140 1141 4191 183.

129 4218 162 4271 26
177 4216 333 4270 Graecorum
347 4236 370 4269 c.
474 4221 507 4273 at
522 4220 704 4286 impedimenta
717 4234 770 4270 om.
785 4234 802 4268 a
812 4219 836 4268 b.
943 4220 977 4274 28
990 4221 1054 4289 baec
1068 4219 1139 4283 abr,
1154 4231 1185 4268 ac
1199 4233 1226 4271 u.
