2684 4694
494 221 810 288 -131-

84 394 304 459 demoustraut.
343 391 448 477 Itaque
463 388 632 461 Caesareo
646 394 731 487 lupo,
748 396 827 462 uude
842 397 1001 484 disputatio
1016 413 1121 468 nosue
1137 414 1208 468 nata

85 506 146 576 est,
163 517 229 560 eum
245 494 415 580 prouincias
431 496 557 581 priuatis
566 497 704 564 decretas
712 516 780 564 esse
794 501 997 585 reprehendit,
1014 506 1110 593 tepeat
1119 504 1208 571 Pom·

84 600 182 685 peiam
198 599 377 663 dissimulat.
415 595 510 663 Cuius
532 601 578 665 rei
600 602 677 666 bauo
697 620 816 666 causam
833 603 927 668 inisse
942 605 1083 672 arbitror.
1115 607 1208 674 Vide·

85 710 138 766 tur
152 703 232 766 enim
249 701 323 765 baec
344 701 520 767 constitutio
543 703 579 768 de
606 715 740 790 tempore
754 706 972 771 sortiendarum
988 708 1208 794 prouinciarum

83 824 177 869 unum
193 813 282 888 caput
297 804 434 869 effecisse
456 805 533 889 Iegis
558 807 594 870 de
615 807 681 872 iure
697 809 943 893 magistratuum,
968 832 1056 896 quam
1079 808 1206 878 Suetou.

84 903 179 972 Caes.
196 904 429 991 attemperant
444 908 549 972 tulisse
564 910 671 974 refert.
704 907 751 975 De
767 931 804 976 ea
819 922 918 976 autem
938 912 1006 998 lege
1022 914 1077 978 boc
1093 914 1210 978 accide-

82 1018 146 1083 rat,
162 1009 241 1092 quod
255 1007 333 1073 idem
350 1005 511 1074 Suetonius
526 1010 635 1076 ibidem
652 1024 773 1078 uarrats
804 1012 863 1079 ⁶tt.
882 1010 1027 1080 Claudius
1043 1012 1208 1080 Marcellus

81 1112 182 1177 edicto
197 1113 350 1196 praefatus
366 1113 403 1176 de
417 1133 533 1176 summa
560 1132 593 1177 se
614 1113 766 1199 republica
789 1126 924 1182 acturum
945 1118 1050 1183 retudit
1069 1120 1106 1183 ad
1121 1138 1209 1183 sena·

84 1226 160 1293 tum,
176 1226 212 1279 ut
226 1215 264 1279 ei’
282 1210 460 1297 (Caesarem
476 1215 562 1298 dicit)
587 1218 810 1283 ‘succederetur
826 1229 895 1283 ante
910 1230 1045 1306 tempus,
1070 1221 1208 1304 quoniam

82 1315 161 1381 belio
176 1318 311 1381 contecto
328 1337 389 1401 pax
403 1327 487 1381 esset
500 1337 536 1382 ac
551 1318 657 1382 dimitti
679 1318 803 1384 deberet
816 1320 914 1385 uictor
929 1323 1099 1400 exercitus,
1126 1332 1157 1387 et
1172 1343 1210 1388 ua

84 1418 219 1483 absentis
234 1421 313 1484 ratio
328 1419 456 1484 comitiis
474 1418 652 1500 baberetur,
670 1422 788 1504 quaudo
810 1442 865 1486 nec
880 1422 1034 1509 plebiscito
1048 1420 1210 1509 Pompeius

84 1533 189 1609 postea
203 1522 391 1606 abrogasset.
413 1520 576 1586 Acciderat
585 1533 697 1603 autem,
716 1533 750 1588 ut
764 1525 790 1588 is
806 1525 901 1611 legem
917 1525 954 1591 de
968 1527 1035 1590 iure
1049 1525 1208 1609 magistro-

84 1636 169 1690 tuum
186 1626 285 1689 ierens
309 1644 346 1687 eo
368 1624 477 1708 capite,
494 1643 553 1706 quo
568 1646 586 1689 a
601 1626 746 1710 petitione
761 1628 905 1692 bonorum
923 1627 1063 1694 absentes
1078 1648 1209 1692 summo·

86 1727 189 1803 nebat,
205 1748 244 1792 ne
258 1722 423 1792 Caesarem
439 1728 556 1810 quidem
571 1727 727 1814 exciperet
742 1750 795 1815 per
809 1729 987 1794 obliuionem
1003 1751 1039 1794 au
1054 1750 1127 1794 mox
1141 1730 1209 1813 Iege

82 1829 143 1893 iam
159 1831 191 1894 in
206 1851 258 1895 aes
272 1831 368 1894 incisa
383 1841 415 1894 et
428 1829 460 1893 iu
475 1830 624 1893 aerarium
641 1832 761 1895 condita
776 1833 943 1918 corrigeret
957 1831 1114 1897 errorem’.
1140 1827 1209 1914 Quo

84 1932 153 1997 Ioco
169 1943 253 1996 recte
269 1930 425 1996 Grououio
448 1931 637 1995 scribendum
659 1933 757 1996 uisum
778 1943 826 1998 est
848 1935 984 2016 ‘quaudo
1006 1946 1038 1997 et
1052 1934 1208 2019 plebiscito

82 2033 249 2116 Pompeius
264 2044 368 2116 postea
382 2031 582 2118 abrogasset'.
614 2031 808 2097 Plebiscitum
824 2036 1023 2114 antemittit,
1047 2049 1080 2101 ut
1095 2032 1210 2101 Caesa·

83 2139 129 2201 ris
146 2135 279 2199 absentis
296 2134 504 2199 consularibus
511 2134 638 2200 comitiis
650 2136 728 2199 ratio
744 2135 915 2214 baberetur,
931 2133 1074 2222 Pompeio
1090 2141 1209 2203 tertium

86 2238 212 2303 consuis
227 2249 297 2302 ante
312 2238 408 2323 legem
431 2237 467 2301 de
486 2236 553 2301 iure
567 2238 794 2321 magistratuum
811 2239 901 2303 latum
917 2258 985 2305 esse
1001 2251 1032 2304 et
1047 2236 1209 2306 Suetonius

87 2341 218 2406 ostendit
235 2351 266 2404 et
281 2336 391 2405 Cicero
406 2341 444 2404 ad
459 2338 526 2404 Att.
544 2337 632 2420 VIII,
649 2339 682 2419 3,
700 2341 732 2404 2.
765 2340 822 2406 tttc
833 2338 1006 2424 Pompeium
1022 2342 1210 2426 priuilegium

88 2440 232 2508 Caesaris
248 2444 314 2528 tege
330 2443 455 2526 quadam
472 2463 526 2507 sua
541 2443 637 2528 ipsum
652 2444 792 2509 sanxisse
808 2443 929 2508 scribit:
948 2440 1111 2509 Marcellus
1120 2441 1211 2509 Pom·

87 2547 185 2631 peium
207 2543 273 2630 Iege
295 2566 352 2608 sua
367 2540 500 2609 Caesare
522 2567 583 2609 nou
605 2558 733 2633 excepto
748 2546 936 2631 priuilegium
952 2543 1095 2610 Caesaris
1111 2556 1211 2610 sustu·

88 2650 172 2727 Iisse,
190 2648 326 2731 quodque
341 2648 368 2712 is
383 2659 488 2733 postea
504 2649 570 2734 Iege
584 2648 642 2713 iam
657 2652 689 2714 io
705 2650 854 2716 aerarium
870 2650 990 2713 condita
1012 2651 1042 2714 id
1065 2670 1210 2714 correxe-

86 2762 136 2816 rat
151 2752 206 2836 (ei.
224 2747 311 2834 Lips.
329 2752 365 2815 ad
380 2749 455 2815 Tac.
474 2771 545 2814 auu.
563 2749 619 2832 III,
638 2749 706 2836 st),
732 2773 793 2817 nou
807 2763 892 2817 recte
908 2753 1017 2815 iactum
1031 2748 1211 2833 interpreta-

87 2854 188 2919 batur.
220 2850 267 2915 Eo
283 2864 381 2916 autem
396 2864 547 2937 tempore,
565 2874 622 2937 quo
638 2849 801 2918 Caesarem
818 2854 872 2917 bos
888 2851 1120 2915 commentarios
1135 2851 1210 2915 scri-

87 2958 185 3043 psisse
201 2956 378 3034 statuimus,
403 2975 469 3018 cum
483 2955 536 3019 Iex
551 2951 693 3041 Pompeia
708 2977 768 3020 nou
784 2964 972 3032 seruaretur,
989 2972 1112 3037 sperare
1127 2962 1212 3037 pote·

86 3070 136 3124 rat
151 3054 269 3123 Caesar
283 3061 359 3135 tore,
377 3067 411 3120 ut
426 3056 499 3120 baec
515 3055 711 3120 dissimulatio
726 3057 862 3141 legentes
878 3057 1007 3138 fugeret.

172 3159 209 3224 In
224 3162 262 3224 iis
274 3159 388 3237 uerbis,
407 3179 483 3242 quae
499 3158 636 3241 proxima
651 3167 723 3219 sunt
732 3158 807 3241 apud
820 3152 995 3221 Caesarem:
1015 3152 1064 3220 ‘Iu
1080 3155 1210 3240 reliquas

88 3264 259 3350 prouincias
274 3272 428 3347 praetores
444 3258 631 3338 mittuntur’,
648 3255 756 3344 Pigbio
770 3279 825 3344 pro
840 3257 1028 3344 praetoribus
1045 3258 1211 3343 ‘praetorii'

87 3367 215 3453 ponendi
232 3366 289 3430 uisi
307 3375 389 3429 sunt.
436 3361 503 3426 Etsi
519 3374 617 3426 autem
632 3362 743 3426 ittarta
758 3361 949 3447 interpretari
964 3362 1053 3440 licet,
1079 3372 1113 3424 ut
1128 3359 1211 3424 missi

87 3470 238 3547 dicamur,
256 3467 305 3550 qui
321 3488 375 3550 pru
391 3465 579 3552 praetoribus
594 3475 709 3544 esseut,
727 3476 826 3529 tamen
841 3462 870 3527 id
885 3458 1022 3542 maleit,
1042 3464 1111 3546 quia
1131 3458 1211 3528 Cae·

87 3575 163 3650 sari,
181 3571 231 3657 qui
246 3569 371 3656 priuatis
386 3569 556 3652 prouincias
572 3570 710 3633 decretas
726 3587 794 3632 esse
809 3567 1007 3644 demonstrat,
1024 3564 1120 3629 omnis
1130 3564 1211 3629 eius·

87 3675 167 3738 modi
183 3671 361 3759 ambiguitas
376 3671 500 3734 uitanda
514 3680 591 3735 erat.
615 3669 683 3734 IIuo
698 3670 824 3746 aceedit,
842 3666 919 3752 quod
935 3687 1022 3752 supra
1038 3667 1095 3731 iam
1113 3666 1212 3730 decla·

87 3787 188 3841 ratum
220 3786 286 3840 erat
316 3774 448 3858 reliquas
477 3773 647 3856 prouincias
675 3782 798 3857 praeter
818 3769 891 3833 duas
920 3770 1093 3834 consulares
1125 3789 1212 3852 prae·

88 3880 183 3944 torius
206 3879 317 3953 fuisse,
346 3887 377 3941 et
398 3875 474 3958 quod
496 3875 570 3938 baeu
592 3873 685 3938 uerba
707 3872 893 3939 incommode
922 3881 1146 3957 praeponuntur
1166 3872 1213 3935 iu·

89 3980 300 4065 sequentibus:
327 3986 443 4061 ‘neque
466 3987 643 4061 expectant,
661 3986 696 4040 ut
710 3976 746 4039 de
763 3995 864 4038 eurum
881 3973 1005 4059 imperio
1020 3974 1058 4038 ad
1073 3973 1212 4059 populum

91 4082 216 4148 teratur’
233 4093 318 4158 cett,
337 4077 614 4168 quaedeomuibus,
632 4078 680 4160 qui
690 4076 968 4161 prouinciassortiti
980 4085 1078 4154 eraut,
1094 4074 1214 4139 intelie-

89 4187 188 4270 geuda
204 4205 271 4250 esse
285 4192 418 4268 apparet.
437 4179 537 4244 Hisde
547 4179 645 4244 causis
661 4179 712 4243 itta
721 4179 812 4243 uerba
828 4178 930 4264 spuria
942 4198 1012 4242 esse
1021 4174 1209 4242 existimaui.

90 4287 292 4372 Namreliqua
300 4305 416 4369 quoque
425 4282 583 4369 parssexti
591 4280 696 4365 capitis
709 4281 1009 4445 ettotumiusequegf
1017 4288 1106 4361 caput
1120 4275 1212 4339 uebe-
