2692 4688
497 173 797 240 ...qo-

85 366 143 431 que
158 346 409 413 Vratislauiensis
424 344 538 430 primus
554 345 695 430 descripti
710 354 792 409 sunt.
836 340 874 407 In
896 342 942 407 bis
964 353 1105 428 quattuor
1125 343 1206 408 enim

86 452 157 532 (nisi
173 451 252 534 quod
266 450 303 513 de
318 448 405 514 Vrat
427 469 473 532 pr.
498 458 582 511 certa
603 448 775 511 coniectura
796 447 981 528 indicamus)
995 443 1075 524 vll,
1100 444 1161 523 22,
1186 445 1206 510 5

64 562 68 591 ¹¹
85 554 179 618 uerba
196 562 245 617 ‘et
258 542 377 635 apertos
392 550 563 614 cuniculos'
579 560 611 612 et
624 560 726 614 cetera
742 568 836 631 nsque
852 549 888 612 ad
904 551 992 612 tinem
1007 549 1112 632 capitis
1128 549 1207 613 desi·

86 656 246 732 derantur,
271 675 337 718 cum
360 654 391 716 in
407 649 507 735 [long.
531 673 576 735 pr.
600 660 717 715 extent.
763 650 878 715 llorum
897 649 1055 715 Parisinus
1080 651 1205 735 primus,

86 760 135 842 qui
152 767 199 821 est
213 757 243 820 io
266 757 350 840 regia
372 755 550 820 bibliotheca
573 773 696 817 numero
719 754 876 836 quinquies
897 753 1070 817 millesimus
1094 755 1207 836 septin-

85 858 269 944 gentesimus
294 856 502 940 sexagesimus
523 857 650 934 tertius,
680 856 711 919 in
738 855 918 920 membranis
939 857 1079 920 maximis
1101 857 1207 941 partim

85 983 166 1025 nono
180 961 287 1045 partim
304 960 478 1023 duodecimo
493 958 614 1023 saeculo
629 959 777 1041 scriptus,
800 960 952 1042 inspectus
967 967 1033 1023 crat
1046 959 1208 1043 neglegen-

85 1063 200 1127 tissime
216 1062 252 1126 ab
264 1061 455 1138 Acbaintm'o,
472 1060 544 1124 mibi
559 1060 645 1137 satis,
663 1071 696 1125 ut
706 1060 848 1138 arbitror,
865 1071 1005 1126 accurate
1020 1062 1144 1126 collatus
1160 1073 1208 1126 est

83 1164 271 1250 alleyerlio.
304 1161 413 1228 Codex
428 1172 476 1227 est
489 1162 622 1246 pluribus
638 1163 770 1246 partibus
786 1172 954 1228 truncatus.
991 1163 1071 1229 Nam
1089 1175 1209 1249 praeter

84 1288 133 1345 ea,
150 1288 227 1350 quae
243 1268 273 1331 io
290 1268 346 1331 bac
360 1276 444 1350 parte
459 1265 646 1348 integrorum
662 1266 826 1329 desiderari
841 1266 905 1329 dixi
920 1275 951 1328 et
966 1268 996 1329 in
1009 1267 1146 1330 omnibus
1160 1267 1207 1331 in·

83 1370 177 1454 tegris
193 1371 298 1432 deesse
314 1379 419 1450 postea
435 1366 550 1445 dicam,
576 1367 651 1430 libro
666 1369 761 1451 primo
776 1378 919 1451 quattuor
932 1368 1003 1430 lolia
1018 1368 1206 1451 perierante

83 1471 186 1536 uerbis
202 1493 229 1534 c.
246 1469 279 1547 7,
303 1470 323 1533 3
344 1470 459 1532 ‘locum
476 1469 669 1533 obtinebant'
690 1488 784 1553 usqne
805 1470 842 1533 ad
857 1470 944 1533 duem
959 1469 1104 1532 orationis
1119 1468 1207 1534 Diui·

84 1574 155 1638 tiaci
171 1577 215 1656 (c.
231 1570 289 1654 20)
304 1569 505 1657 pertinentia3
529 1571 634 1635 deinde
650 1569 691 1648 V,
707 1569 769 1649 11,
788 1568 831 1636 11)
843 1572 913 1637 inde
927 1593 946 1636 a
961 1572 1063 1636 uerbis
1087 1572 1208 1636 ‘multi-

83 1678 156 1742 tudo
172 1674 348 1752 conuertit',
374 1693 450 1759 quae
472 1684 543 1737 sunt
566 1685 703 1738 extrem
727 1673 764 1739 ab
785 1673 954 1757 antiquiore
975 1694 1065 1737 manu
1078 1675 1205 1759 scripta,

84 1778 183 1842 omnia
199 1779 306 1842 desunt
320 1796 417 1859 nsque
431 1776 467 1839 ad
482 1797 586 1840 uocem
604 1775 799 1861 ‘pericolum'
815 1797 843 1840 o.
860 1774 915 1856 18,
931 1775 970 1855 73
988 1777 1115 1860 deniqne
1129 1777 1207 1842 libro

68 1878 131 1947 ,vl
145 1881 245 1944 omnia
260 1881 341 1943 inter
357 1878 448 1943 uerba
465 1879 661 1961 ‘antiquitus'
677 1901 705 1943 c.
723 1878 783 1956 11,
800 1878 821 1942 d
836 1889 868 1942 et
885 1880 1023 1963 ‘parent’
1039 1901 1067 1943 c.
1087 1879 1145 1958 13,
1165 1877 1208 1945 1⁰

83 1983 253 2048 interiecta.
295 1979 459 2063 Antiquior
473 2001 578 2044 manns
593 2001 611 2044 a
626 2003 655 2044 c.
671 1981 711 2044 41
729 1981 798 2045 libri
812 1979 873 2047 vll
887 2002 995 2046 rursus
1009 1981 1124 2065 reliqna
1138 2002 1207 2066 per·

66 2086 217 2169 scripsit.
248 2082 336 2148 Libri
352 2082 394 2161 V,
410 2080 471 2160 24,
488 2082 510 2146 lu
525 2082 617 2147 scribi
632 2082 760 2147 desitum
776 2094 824 2147 est
837 2083 869 2148 in
884 2083 998 2169 syllaba
1014 2086 1107 2168 prima
1122 2085 1207 2148 nucis

85 2185 262 2264 ‘cobortes’,
278 2186 385 2251 deinde
400 2185 567 2269 subscripto
579 2197 649 2248 sunt
664 2186 774 2250 nerbas
795 2184 865 2249 ‘llic
881 2196 928 2250 est
941 2184 1018 2250 liber
1027 2184 1131 2250 Sancti
1145 2185 1206 2251 lle·

82 2289 194 2355 nedicti
208 2288 444 2366 Floriacensis',
469 2289 576 2373 pagina
592 2309 681 2352 uersa
696 2309 770 2372 pura
785 2299 833 2353 est
846 2287 952 2353 relicta
967 2298 998 2351 et
1013 2300 1073 2352 tum
1089 2290 1205 2353 demum

83 2392 199 2456 duabus
214 2392 337 2474 reliquis
352 2390 475 2475 syllabis
493 2391 617 2454 ‘bootes'
633 2392 790 2475 scriptoris
809 2391 903 2455 uerba
924 2391 1097 2456 continuata
1119 2401 1203 2455 sunt.

82 2489 188 2574 ltaque
204 2493 251 2557 bie
267 2504 315 2557 est
328 2495 443 2568 codex,
461 2513 549 2576 quem
563 2491 675 2556 Petrus
690 2490 817 2573 Daniel,
841 2493 979 2558 coenobii
995 2490 1030 2557 S.
1048 2491 1206 2558 Bunedioti

82 2593 287 2659 Floriacensis
309 2596 347 2659 ad
368 2593 503 2680 Ligerim
528 2591 584 2677 (S.
601 2592 712 2659 lienoit
733 2617 786 2660 sur
807 2594 922 2677 Loire)
945 2615 1036 2680 prope
1050 2595 1206 2660 Aurelium

83 2697 136 2762 siti
158 2697 340 2778 aduocatos,
371 2717 405 2761 se
426 2698 539 2762 uidisse
561 2698 597 2760 od
621 2699 730 2762 calcem
754 2697 955 2785 Bongarsiani
977 2698 1063 2782 primi
1086 2698 1208 2782 scripsit

84 2796 276 2884 (Vllenbacb.
294 2799 362 2864 itin.
380 2797 425 2863 ΙΙΙ
440 2823 470 2885 p.
487 2798 577 2881 574).
608 2801 709 2883 Atque
724 2801 974 2887 subscriptionem
990 2801 1027 2864 de
1043 2797 1118 2863 lulio
1135 2796 1207 2864 Cel·

83 2923 131 2982 so,
148 2924 235 2987 quam
251 2923 285 2967 se
299 2903 331 2966 in
347 2903 404 2968 boc
419 2902 522 2967 codice
537 2903 648 2985 legisse
663 2902 773 2969 Daniel
787 2905 902 2981 retulit,
920 2924 1010 2986 snpra
1024 2904 1149 2966 eandem
1165 2922 1206 2968 ex

82 3002 154 3070 Pur.
173 3028 219 3090 pr.
237 3008 403 3090 posuimus.
433 3003 509 3070 Item
531 3003 658 3089 quedl,
683 3006 739 3085 47,
762 3006 783 3069 1
805 3006 837 3069 in
863 3012 954 3068 ‘mss
978 3001 1093 3067 Bened.
1111 3002 1206 3068 Flor.'

83 3109 225 3193 scriptum
242 3129 311 3174 esse
327 3107 393 3172 ‘tl
409 3107 565 3173 Mettium'
580 3111 722 3187 refertor,
747 3117 793 3172 est
816 3108 845 3171 id
866 3125 984 3191 quoque
1005 3107 1036 3170 in
1051 3105 1123 3172 Par.
1142 3127 1205 3191 pr.,

84 3211 136 3274 sed
152 3212 182 3273 in
199 3212 333 3293 margine
347 3210 385 3273 ab
399 3210 458 3275 alia
473 3233 575 3275 maon.
606 3210 686 3274 Nam
701 3211 794 3274 multa
810 3211 923 3274 dnobus
938 3210 1042 3294 primis
1057 3230 1207 3275 commen·

85 3312 171 3376 lariis
194 3324 222 3375 et
246 3311 389 3376 nonnulla
412 3315 501 3377 tertio
524 3312 561 3375 ab
584 3313 644 3376 alia
663 3333 752 3376 manu
774 3314 824 3375 uel
846 3313 877 3375 in
900 3315 1036 3397 margine
1050 3313 1101 3377 uel
1116 3333 1207 3396 supra

83 3412 175 3476 uerba
191 3412 303 3496 scripta
319 3424 392 3477 sunt
406 3435 447 3478 ex
461 3414 563 3478 codice
578 3414 775 3497 interpolatae
791 3414 919 3477 familiae
933 3415 1037 3496 petita.
1063 3413 1207 3480 Ceterum

84 3514 259 3579 coenobium
275 3512 470 3580 Floriaccnse
485 3537 565 3580 anno
584 3513 666 3578 ¹562
682 3536 698 3577 a
715 3511 893 3579 Caluinistis
910 3516 1057 3603 direptum
1073 3538 1142 3582 esse
1157 3537 1207 3579 ao·

84 3617 227 3702 cepimus,
245 3617 381 3700 idemque
397 3619 427 3682 in
444 3638 480 3681 ea
496 3618 663 3682 calamitate
680 3617 747 3680 huic
762 3617 855 3679 codici
873 3620 1017 3687 accidisse
1036 3623 1100 3706 ipse
1114 3631 1207 3683 testa·
1263 3702 1269 3707 Π

84 3729 143 3784 tur.
176 3718 316 3797 Partem,
340 3740 417 3802 quae
439 3719 612 3784 duodecimo
635 3720 756 3784 saeculo
778 3721 889 3805 scripta
905 3734 970 3799 est,
987 3725 1082 3787 altera
1096 3721 1208 3785 deteri·

86 3842 167 3885 orem
180 3844 239 3886 non
256 3823 448 3906 deprehendi.
468 3819 637 3886 Vossianus
652 3824 763 3907 primus
779 3825 1065 3909 seruaturLugduni
1076 3821 1207 3887 1111111·

85 3945 150 3989 rum
160 3925 191 3989 io
206 3925 386 3989 bibliotheca
400 3926 582 4002 academiae,
601 3926 1207 4012 incuiuscatalogooumeroestquinqua-

85 4027 218 4111 gesimos
235 4029 350 4092 tertius.
380 4025 513 4092 Primum
529 4027 655 4092 collatus
671 4041 715 4094 est
731 4053 747 4095 a
765 4029 876 4107 Gudio,
895 4031 982 4096 cuius
997 4030 1117 4093 collatio
1133 4029 1208 4114 legi·

86 4140 137 4196 tur
150 4131 181 4193 in
197 4132 363 4215 exemplari
378 4128 568 4208 Fabricium,
586 4130 691 4197 deinde
706 4134 743 4197 ab
759 4131 983 4217 Oudendorpio,
1001 4153 1018 4196 a
1035 4142 1143 4196 neutro
1159 4153 1208 4196 sa·

87 4233 126 4299 tis
142 4234 312 4318 diligenter.
342 4233 478 4318 Vterque
493 4233 572 4299 enim
587 4236 695 4299 multas
709 4237 780 4302 iude
795 4236 960 4320 scripturas
975 4235 1099 4320 protulit
1112 4235 1209 4299 inter·
