2684 4694
515 240 817 309 —53—

105 415 272 493 ‘praestare
288 405 439 473 debeant'.
470 406 585 477 Verum
607 413 708 479 uerbis
724 420 897 500 ‘praestare
912 414 1034 481 debcst'
1056 438 1116 483 nou
1131 419 1226 508 signi-

102 512 222 587 flcstor,
247 521 282 574 nt
298 506 486 577 Schneidero
502 514 600 579 uisum
615 526 681 595 est,
709 523 762 581 ‘es
777 519 879 580 uniisse
892 516 949 582 den
964 540 1082 606 uonug
1097 522 1224 600 haben',

102 615 156 678 sed
179 620 232 679 ‘es
247 616 351 677 misse
365 613 472 679 besses·
489 617 584 680 seiu’:
609 617 757 681 sententia
779 628 878 682 autem
894 620 1038 703 requirit,
1058 633 1092 686 ut
1107 624 1225 690 dicatur

104 716 199 798 ‘quod
222 715 259 778 iis
280 715 376 779 uideri
398 717 504 782 debeat
524 720 695 801 praestare’
718 720 766 783 uel
783 721 882 804 ‘quod
897 725 1052 806 praelerre
1067 725 1221 790 debcant’.

100 815 224 881 Faerno
246 816 436 881 condendum
457 818 616 883 uidebatur
638 822 733 907 ‘quod
755 832 909 907 praestare
924 822 1054 904 dieant',
1069 824 1224 893 Whittius

100 918 276 1005 Lippertnm
292 928 323 983 et
333 916 516 1005 dladuigium
532 931 656 985 secutus
673 923 773 1007 ‘quod'
788 934 856 1008 pest
872 926 1052 989 ‘conferunt’
1068 939 1100 991 et
1110 940 1225 993 utrum·

100 1042 159 1106 qne
183 1020 347 1085 ‘deleant'
370 1023 497 1102 delenit,
520 1043 595 1106 quae
618 1023 716 1088 omnis
738 1026 857 1110 longius
879 1046 897 1090 a
920 1026 1055 1090 codicum
1075 1031 1224 1115 scriptura
1308 1046 1311 1051 '

99 1122 268 1187 discedunt.
311 1121 392 1187 Nam
414 1120 659 1210 Oudendorpium
680 1127 747 1210 quis
767 1128 886 1206 audiat,
909 1128 1006 1212 quiin
1022 1130 1154 1195 editione
1168 1132 1224 1196 mi·

99 1244 176 1289 nore
188 1234 307 1289 retenta
330 1226 465 1290 codicum
488 1228 637 1311 scriptura
661 1234 720 1291 ‘ne
741 1229 922 1292 frumentum
946 1233 1121 1307 conferant,
1145 1234 1224 1317 quod

98 1338 256 1413 praestare
270 1327 407 1392 deleaut'
423 1343 489 1413 post
506 1329 663 1414 ‘perferre'
680 1351 721 1394 ex
736 1329 850 1393 declus
865 1332 1004 1414 pessimis
1020 1334 1128 1412 codd,
1146 1330 1223 1399 Car·

98 1429 228 1494 rssieusi
243 1440 274 1494 et
288 1427 475 1511 Dulerisno,
492 1431 602 1496 adiecit
616 1432 725 1496 ‘satius
740 1433 842 1497 esse'l
863 1432 976 1498 Veram
992 1434 1138 1498 rationem
1154 1436 1223 1501 iniit

97 1529 266 1612 Dachuios,
282 1532 330 1616 qui
347 1533 421 1598 haec
436 1533 476 1597 ita
491 1533 648 1597 scribenda
665 1553 735 1598 esse
745 1535 876 1599 monnitr
897 1535 964 1599 ‘les
977 1536 1119 1601 seditiosa
1131 1547 1221 1619 atque

96 1634 232 1719 improbe
253 1634 389 1698 oratione
414 1635 634 1699 multitudinem
655 1635 831 1715 deterrere,
855 1656 895 1700 ue
916 1638 1097 1701 frumentum
1118 1640 1221 1703 conle-

95 1748 178 1813 rsnt,
195 1737 272 1821 quod
287 1746 441 1821 praestare
458 1736 603 1801 debeant:
622 1737 647 1801 si
662 1736 721 1800 iam
736 1737 934 1822 principatum
951 1734 1069 1802 Galliae
1084 1738 1220 1804 obtinere

96 1860 157 1904 non
173 1839 300 1923 possint,
317 1836 473 1903 Gallorum
483 1838 782 1922 quamllomanorum
798 1839 922 1924 imperia
938 1840 1103 1923 praeferre,
1122 1860 1218 1923 neque

95 1941 246 2018 dubitare,
263 1940 345 2023 qoin’
360 1948 433 2003 cett.
466 1938 657 2018 ‘Deleant’,
675 1940 753 2024 quod
767 1940 799 2003 in
815 1941 899 2004 codd.
918 1950 986 2024 post
1002 1941 1161 2005 ‘dubitare’
1177 1943 1220 2006 lc·

95 2043 200 2128 gitur,
217 2060 304 2122 quam
320 2039 399 2103 facili
415 2060 519 2104 errore
532 2041 626 2125 repeti
642 2042 790 2124 potuerit,
812 2052 954 2126 apparet:
972 2043 1150 2126 ‘praeferre’
1166 2064 1219 2108 au·

94 2155 156 2208 tem
173 2152 205 2206 et
218 2141 300 2205 nulla
316 2142 380 2205 iere
394 2141 560 2205 notatione
574 2142 700 2205 edicitur
715 2153 745 2206 et
758 2142 870 2226 legitur
881 2144 911 2207 in
927 2142 1115 2229 interpolatis
1129 2146 1217 2209 codd.

94 2242 138 2310 Se
151 2264 229 2309 nero
245 2244 399 2327 praeferre
414 2263 511 2327 neque
526 2243 662 2308 dulsitarc
678 2243 815 2308 dicebant
829 2244 885 2322 illi,
903 2245 952 2326 qni
963 2243 1105 2308 llaednos
1117 2265 1134 2308 a
1146 2267 1218 2310 con·

94 2345 218 2412 ferendo
240 2347 389 2409 frumento
417 2345 631 2425 deterrebant,
662 2366 729 2410 oum
758 2367 841 2410 suam
868 2345 1047 2410 sententiam
1069 2356 1218 2430 nmquam

94 2448 232 2513 omnibus
252 2447 430 2531 sequendum
457 2457 621 2532 ponerent,
650 2447 740 2532 plane
758 2456 793 2510 ut
813 2444 1051 2531 Vercingetorix
1072 2444 1150 2528 Vll,
1175 2447 1218 2514 14

94 2560 178 2616 extr.
202 2549 298 2614 ‘liaeo
320 2548 348 2612 si
369 2548 472 2633 grauia
492 2560 544 2613 aut
565 2548 676 2613 acerbe
697 2547 875 2626 uideantur,
903 2548 996 2612 multa
1017 2549 1070 2614 illa
1089 2552 1215 2636 grauius

95 2652 275 2731 resumere,
292 2650 423 2728 liberos,
441 2651 584 2736 coniuges
598 2651 630 2715 in
652 2651 827 2716 seruitutem
849 2650 1000 2729 abstrahi,
1024 2652 1107 2736 ipsos
1121 2656 1215 2717 inter

94 2755 163 2829 lici,
184 2773 262 2837 pose
276 2753 317 2818 sit
330 2772 456 2818 necesse
472 2752 607 2817 accidere
621 2752 733 2817 nictis’.
779 2749 826 2817 lta
840 2751 919 2815 enim
934 2771 972 2815 en
986 2752 1079 2816 nerlsa
1092 2754 1124 2816 in
1139 2754 1215 2817 inle-

94 2856 157 2940 gris
170 2856 258 2919 codd.
276 2857 427 2940 leguntur.
458 2852 546 2939 Quod
562 2864 661 2919 sutem
677 2852 814 2919 Whittio
829 2853 923 2917 uerba
943 2855 1040 2935 ‘quod
1063 2863 1217 2936 praestare

95 2957 239 3023 delresnt’
254 2957 406 3021 ebnndare
420 2957 486 3021 uisa
501 2968 585 3034 sunt,
602 2975 663 3020 non
679 2965 728 3019 est
742 2974 779 3020 en
793 2975 844 3018 res
859 2974 877 3017 a
893 2949 1028 3018 Caesare
1043 2955 1153 3019 aliena.

179 3055 219 3125 G.
242 3058 306 3139 24,
328 3058 351 3124 2
372 3059 405 3122 in
426 3058 555 3141 integris
576 3057 680 3133 codd,
702 3056 876 3138 quibuscum
891 3052 1044 3119 Whittius
1060 3054 1216 3119 llaunien·

95 3182 218 3246 sempr.
236 3159 409 3226 consentire
424 3160 529 3235 refert,
546 3157 587 3220 ita
604 3157 747 3240 scriptum
763 3167 827 3220 ests
851 3152 940 3240 ‘lpse
954 3154 1075 3220 interim
1091 3157 1121 3221 in
1137 3152 1215 3220 celle

94 3264 191 3328 aetio
211 3261 359 3346 triplicem
380 3260 476 3324 acie-
498 3257 642 3322 instruxit
664 3255 817 3340 legionum
832 3268 973 3340 quattuor
986 3270 1212 3338 ueteranorum,

94 3364 153 3444 its,
174 3365 219 3430 uti
242 3384 353 3449 suprsp
376 3364 428 3427 sed
449 3362 482 3426 in
504 3380 619 3424 sumum
633 3359 706 3444 ingo
721 3359 793 3425 duae
807 3358 962 3445 legiones,
980 3381 1053 3444 quos
1067 3362 1099 3425 in
1114 3358 1214 3424 Gellia

96 3465 236 3531 citeriore
250 3466 386 3547 proxime
401 3464 639 3551 conscripserat,
655 3461 795 3527 collocari
811 3481 849 3525 ac
865 3471 957 3525 totum
973 3473 1102 3525 monte·
1119 3458 1213 3524 homi·

95 3567 180 3632 nilons
194 3568 338 3651 compleri
359 3579 391 3632 et
405 3588 472 3632 eum
488 3567 525 3631 ab
540 3566 598 3645 iis,
623 3565 672 3649 qni
693 3563 726 3626 iu
747 3562 904 3647 superiore
919 3564 985 3627 acie
1000 3564 1210 3639 constiterant,

93 3668 202 3733 muniri
216 3668 334 3733 inseit’.
379 3667 464 3733 llaec
483 3668 620 3732 seruauit
641 3663 845 3731 Schneidcrus
866 3674 955 3747 atque
975 3665 1019 3728 its
1039 3674 1154 3741 tuetur,
1180 3671 1214 3726 ut

93 3770 193 3835 sorbis
209 3770 283 3848 ‘its,
299 3769 343 3833 nti
358 3769 466 3851 supra’
480 3769 592 3852 respici
606 3768 685 3832 dieat
700 3767 736 3831 od
752 3786 801 3843 ea,
818 3786 893 3849 quae
908 3766 1049 3849 leguntur
1063 3785 1090 3827 o.
1107 3764 1169 3843 22,
1191 3762 1214 3828 2

94 3865 225 3935 ‘Caesar
238 3892 309 3935 suas
324 3869 426 3955 copias
442 3869 472 3933 in
487 3869 656 3954 proximum
672 3868 777 3932 collem
793 3867 942 3945 subducit,
960 3866 1054 3930 aciem
1064 3865 1210 3930 instroit’s

94 3971 221 4058 ‘supro’
235 3982 335 4038 summ
350 3973 461 4036 fautum
476 3981 560 4035 reete
574 3970 652 4047 dici,
669 3970 747 4052 quod
763 3969 890 4032 ‘antea’
906 3968 1083 4048 accidisset,
1107 3967 1212 4032 eodem

91 4076 197 4153 medo,
221 4084 311 4159 etque
326 4094 392 4138 eum
408 4094 499 4159 supra
513 4072 625 4159 aliquid
639 4072 873 4135 demonstratum
890 4090 960 4133 esse
976 4070 1103 4133 dicatur.
1151 4065 1212 4133 Sed

91 4196 158 4242 ιιιι
179 4198 268 4262 supro
288 4175 399 4260 aliquid
421 4176 654 4240 demonstratum
671 4172 796 4250 dicitnr,
818 4173 1007 4256 perspicuum
1030 4169 1128 4235 estid
1151 4189 1211 4232 non

91 4286 226 4369 tenpore
238 4278 414 4365 summere,
430 4278 484 4345 sed
498 4277 566 4345 loeo
581 4276 816 4342 demomtratum
831 4273 906 4352 dici,
922 4272 973 4355 qui
986 4274 1019 4336 in
1033 4270 1111 4335 libro
1124 4286 1213 4351 supe·
