2692 4688
507 200 827 267 -ttt-

99 375 225 453 buerat,
249 368 401 439 Caesare
414 393 450 439 se
463 373 610 458 duplicata
626 394 696 439 esse
710 375 810 439 surim
833 375 1045 460 demonstrat),
1069 401 1130 446 nou
1155 384 1221 450 siue

97 476 308 562 probabilitate
323 476 502 540 eouieiemus
520 478 645 543 ‘auxilia
661 478 791 562 peditum
806 476 837 544 V
850 479 943 543 milia’
957 483 1034 566 apud
1057 479 1221 551 Caesarem
1270 564 1274 570 Ι

98 580 240 664 seriptum
257 579 361 643 fuisse.
383 578 507 644 Auxilia
522 590 621 643 autem
638 592 721 646 uerte
736 603 797 644 nou
812 582 912 646 omnia
926 601 945 645 a
960 579 1094 650 Caesare
1115 588 1147 650 iu
1166 587 1223 653 lli·

97 683 233 768 speniarn
255 680 418 764 praemissa
440 702 525 760 esse,
542 683 573 746 id
587 682 664 766 quod
685 693 768 747 reule
788 684 873 747 codd.
891 685 1038 770 scriptura
1058 687 1219 770 signifieat,

97 806 141 849 oe.
156 783 201 847 tt
218 793 251 848 et
265 782 305 847 bl
324 783 413 847 buius
428 784 497 848 libri
512 786 728 849 demonstrant.
766 783 874 849 Priore
895 788 961 851 looo
976 789 1040 871 ipse
1056 784 1173 854 Caesar
1187 813 1222 857 so

96 908 160 952 orn
176 886 342 971 nongentis
356 885 504 969 equitibus
520 887 552 950 in
575 898 675 951 eastra
697 888 837 966 uenisse,
866 887 962 952 altero
981 890 1095 973 aliquot
1116 892 1221 959 diebus

79 994 162 1074 ‘post
182 990 347 1052 aduentum
370 1009 455 1052 suum
481 991 655 1073 sagittarios
677 1010 717 1053 ex
740 988 889 1067 Rutenis,
913 991 1029 1074 equites
1051 1015 1094 1057 ex
1107 991 1219 1071 Galba,

97 1102 253 1177 praeterea
275 1091 419 1174 cuiusque
440 1093 561 1176 generis
583 1093 731 1157 homiuum
753 1093 834 1156 milis
857 1091 904 1157 Vl
925 1095 1087 1159 aduenisse
1101 1097 1219 1161 scribit.

97 1191 183 1276 Quae
204 1193 381 1277 excipiunt,
406 1196 533 1279 optimos
548 1195 632 1259 eodd.
648 1196 743 1259 seeuti
758 1197 799 1259 ita
816 1195 1043 1260 constituimuss
1062 1204 1106 1260 ‘et
1120 1218 1221 1282 parem
1260 1274 1263 1279 ¹

99 1317 135 1360 ex
150 1294 254 1361 Gallia
269 1316 445 1370 numerum,
462 1317 548 1379 φιιιω
564 1297 630 1379 ipse
645 1307 820 1379 parauerat,
837 1297 1010 1361 nominatim
1027 1319 1068 1362 ex
1083 1300 1221 1366 omnibus

99 1397 269 1461 unitatibus
285 1397 470 1462 nobilissimo
485 1418 603 1481 quoque
619 1409 764 1476 euouato,
790 1398 859 1462 bino
875 1400 977 1483 optimi
991 1402 1111 1484 generis
1128 1403 1221 1467 bomi-

98 1520 163 1563 num
187 1519 230 1564 ex
253 1498 414 1583 Aquitanis
435 1501 661 1583 montanisque,
693 1501 742 1583 qui
772 1498 898 1565 Galliam
925 1504 1108 1587 prouinciam
1130 1506 1221 1570 attin·

98 1614 230 1688 gunt...
245 1602 264 1664 .'
299 1600 436 1686 Apparet
455 1603 487 1667 iu
511 1604 569 1667 lioe
592 1613 624 1666 et
644 1602 841 1667 millenarium
866 1625 1018 1669 numerum
1041 1617 1074 1670 et
1094 1608 1219 1672 uerbum

99 1706 217 1788 utrique
240 1706 399 1770 enuntiato
419 1725 577 1770 oommuue
600 1704 766 1780 excidisse,
795 1727 912 1790 neque,
943 1708 1019 1791 quod
1048 1720 1102 1772 aut
1122 1709 1221 1794 ipsum

33 1866 36 1871 .
97 1810 194 1893 aptius
214 1809 258 1872 sit
275 1817 331 1873 aut
353 1810 534 1897 obsequens
550 1808 707 1881 ‘audierat'
723 1807 840 1872 facilius
855 1809 953 1873 omitti
969 1810 1118 1894 potuerit,
1134 1810 1221 1876 iuue-

97 1910 146 1976 nio
176 1932 265 1994 quam
296 1910 472 1976 ‘addiderat'
504 1913 553 1976 uel
584 1910 769 1987 ‘adieoerat’,
801 1911 877 1993 quod
907 1909 1041 1977 lurioius
1070 1913 1218 1978 addeudd.

96 2036 126 2098 p.
145 2011 388 2098 stampensis.
408 2012 473 2078 lloo
489 2016 515 2078 si
530 2036 548 2079 a
563 2013 699 2080 Caesare.
712 2012 841 2097 positum
856 2026 917 2092 est,
933 2036 1022 2100 supra
1038 2036 1100 2079 uon
1118 2015 1220 2096 ‘bine',

95 2118 145 2180 oui
170 2115 314 2180 uocabulo
334 2118 446 2183 nullum
469 2118 590 2181 omnino
611 2118 862 2182 accommodatum
878 2118 1000 2182 uerbum
1015 2119 1151 2201 reperio,
1168 2118 1223 2183 sed

96 2231 149 2283 aut
166 2218 260 2297 ‘buo’,
284 2229 316 2283 ut
329 2220 361 2283 in
377 2221 481 2284 oodiee
495 2217 622 2283 Achillis
639 2215 729 2283 Statii
745 2218 873 2304 legitur,
892 2230 962 2299 aut,
980 2219 1057 2303 quod
1073 2220 1142 2283 mibi
1158 2223 1223 2303 qui·

97 2322 162 2386 dem
179 2321 278 2406 aptius
293 2322 423 2400 uidetur,
442 2323 536 2387 ‘item'
551 2322 684 2405 scripsit.

184 2419 224 2488 C.
241 2421 296 2503 to,
312 2423 332 2487 3
347 2426 439 2511 uulgo
454 2426 527 2490 haee
543 2426 699 2510 leguntur:
720 2423 800 2490 ‘llue
815 2447 881 2490 eum
897 2425 1047 2489 cotidiana
1062 2432 1223 2487 eonsuetu-

97 2528 168 2591 dine
182 2547 366 2614 congressae
379 2529 602 2613 pabulatoribus
618 2528 767 2612 praesidio
782 2529 902 2613 proprio
917 2529 1053 2613 legiones
1068 2525 1222 2592 Fabianae

98 2629 176 2694 dnae
197 2629 307 2693 dumea
328 2632 528 2709 transissent,
552 2631 820 2715 impedimentaque
842 2642 872 2696 et
893 2632 989 2695 omnis
1012 2632 1160 2715 equitatus
1175 2651 1223 2695 se·

98 2743 255 2816 queretur,
273 2733 372 2798 subito
388 2735 419 2797 ui
434 2742 593 2797 uentorum
610 2744 641 2796 et
655 2754 749 2817 aquae
764 2734 965 2818 magnitudine
981 2754 1055 2817 pons
1072 2745 1119 2797 est
1129 2734 1224 2795 iuter·

99 2847 205 2921 raptus
220 2835 381 2919 etreliqua
396 2828 554 2901 multitudo
568 2836 699 2920 equitum
715 2836 899 2900 iuterolusa'.
927 2836 982 2902 llio
997 2835 1123 2919 primum
1140 2841 1224 2896 ‘eon-

100 2937 237 3022 gressae'
253 2938 325 3003 ferri
341 2961 402 3003 non
418 2949 527 3022 potest.
568 2938 648 3003 Nam
665 2939 743 3021 quod
758 2949 858 3022 aptum
874 2951 957 3003 esset
977 2939 1011 3001 ad
1029 2934 1222 3014 seutentiam,

101 3050 134 3103 ut
146 3061 330 3124 congressae
345 3040 479 3126 legiones
495 3041 553 3105 diui
569 3040 828 3118 existimarentur,
846 3040 993 3124 quomodo
1003 3037 1116 3102 Vossio
1127 3037 1225 3101 uisum

102 3153 158 3221 est,
176 3162 253 3226 quae
268 3143 355 3207 simul
370 3155 475 3209 essent
489 3163 631 3228 egressae
647 3141 712 3205 siue
726 3141 810 3225 ipsae
825 3142 891 3204 siue
906 3163 971 3203 oum
988 3139 1223 3224 pabulatoribus,

102 3246 130 3310 it
151 3246 190 3310 ab
218 3246 437 3310 consuetudine
463 3247 596 3311 omnium
621 3245 798 3328 scriptorum
827 3244 977 3306 abhorret.
1016 3238 1104 3324 Quod
1126 3254 1224 3308 autom

103 3344 244 3412 Glarkius
264 3347 400 3431 legiones
424 3350 456 3412 iu
470 3371 538 3415 eum
554 3349 651 3413 loouru
667 3347 847 3411 oooueuisse
863 3346 919 3410 diei
936 3346 1070 3431 putabat,
1088 3368 1148 3410 nou
1163 3347 1225 3410 siu·

103 3452 190 3533 gulae
205 3471 248 3514 ex
263 3452 371 3514 eastris
386 3453 514 3532 missae,
538 3453 591 3516 sed
613 3450 792 3516 eouiuuotim
816 3450 909 3513 uideri
926 3449 1050 3513 debent:
1068 3469 1165 3533 neque
1180 3457 1226 3512 ta·

104 3574 171 3616 nen
185 3552 344 3636 quisquam
358 3553 400 3616 ita
415 3555 558 3638 congredi
574 3555 708 3639 legiones
722 3555 810 3617 dixit.
850 3551 946 3617 lleete
961 3550 1094 3616 lurinius
1111 3563 1226 3636 ‘egres-

105 3657 165 3720 sae'
188 3655 379 3719 scribendum
400 3657 560 3734 iudicauit,
586 3658 664 3721 uude
687 3655 891 3741 ‘congressae’
914 3665 1078 3739 peruagato
1102 3665 1133 3718 et
1148 3655 1227 3718 laoili

104 3780 208 3824 errore
223 3758 437 3822 nascebantur.
455 3756 515 3824 Sed
532 3780 593 3822 nou
607 3760 703 3843 magis
719 3779 794 3822 saua
809 3767 880 3821 suut
894 3757 961 3820 illa:
982 3757 1142 3840 ‘praesidio
1158 3778 1227 3841 pro·

104 3863 190 3946 prio’.
200 3856 203 3860 ’
213 3860 373 3944 Proprium
388 3861 504 3944 quidem
520 3862 698 3946 praesidium
714 3883 767 3946 per
782 3881 814 3926 se
829 3870 913 3924 recte
929 3859 1056 3935 dieitur,
1079 3869 1113 3922 ut
1133 3856 1228 3923 Daui-

104 3966 167 4029 ains
188 3966 404 4049 interpretatus
427 3976 492 4039 est,
515 3964 593 4048 quod
614 3975 791 4055 consuesset
812 3985 878 4027 oum
900 3962 1122 4047 pabulatoribus
1137 3961 1226 4024 mitti.

105 4065 168 4132 Sed
182 4068 287 4131 dstiuo
301 4088 373 4132 oasu
387 4068 456 4132 linis
471 4067 655 4152 designatur,
672 4069 750 4131 uude
765 4067 894 4131 absurda
910 4074 1087 4129 nasceretur
1107 4075 1229 4128 senteu-

105 4173 164 4249 tia,
188 4173 266 4236 duas
286 4169 422 4254 legiones
443 4191 480 4236 ea
501 4172 539 4235 de
558 4192 649 4235 eausa
670 4172 777 4234 missas
798 4190 883 4248 esse,
907 4179 942 4231 ut
961 4167 1111 4250 praesidio
1128 4174 1231 4229 essent

105 4284 262 4339 consueto.
287 4269 352 4337 lam
365 4272 398 4337 iu
413 4272 486 4338 Par.
502 4294 566 4339 seo.
583 4274 695 4360 legitur
711 4272 872 4358 ‘praesidio
892 4269 1014 4355 proprio
1033 4261 1226 4348 relegioues'.
