<?xml version="1.0" encoding="UTF-8"?>
<!DOCTYPE html PUBLIC "-//W3C//DTD XHTML 1.0 Transitional//EN"
    "http://www.w3.org/TR/xhtml1/DTD/xhtml1-transitional.dtd">
<html xmlns="http://www.w3.org/1999/xhtml" xml:lang="en" lang="en">
 <head>
  <title>
</title>
<meta http-equiv="Content-Type" content="text/html;charset=utf-8" />
  <meta name='ocr-system' content='tesseract 3.04.00' />
  <meta name='ocr-capabilities' content='ocr_page ocr_carea ocr_par ocr_line ocrx_word'/>
</head>
<body>
  <div class='ocr_page' id='page_1' title='image "./civliicaesarisc02hirtgoog_0653.png"; bbox 0 0 2692 4688; ppageno 0'>
   <div class='ocr_carea' id='block_1_1' title="bbox 71 185 922 277">
    <p class='ocr_par' dir='ltr' id='par_1_1' title="bbox 71 185 922 277">
     <span class='ocr_line' id='line_1_1' title="bbox 71 185 922 277; baseline -0.008 -18"><span class='ocrx_word' id='word_1_1' title='bbox 71 192 136 259; x_wconf 76' lang='lat' dir='ltr'><strong>eto</strong></span> <span class='ocrx_word' id='word_1_2' title='bbox 177 270 180 277; x_wconf 24' lang='grc' dir='ltr'>Ι</span> <span class='ocrx_word' id='word_1_3' title='bbox 462 190 591 256; x_wconf 75' lang='lat' dir='ltr'><strong>nuent</strong></span> <span class='ocrx_word' id='word_1_4' title='bbox 614 185 922 256; x_wconf 80' lang='lat' dir='ltr'>ALEXANDRINI</span> 
     </span>
    </p>
   </div>
   <div class='ocr_carea' id='block_1_2' title="bbox 71 357 1310 3621">
    <p class='ocr_par' dir='ltr' id='par_1_2' title="bbox 71 357 1310 3621">
     <span class='ocr_line' id='line_1_2' title="bbox 132 357 1264 447; baseline 0.004 -21"><span class='ocrx_word' id='word_1_5' title='bbox 132 385 189 447; x_wconf 92' lang='lat' dir='ltr'><strong>que</strong></span> <span class='ocrx_word' id='word_1_6' title='bbox 211 364 356 428; x_wconf 79' lang='lat' dir='ltr'><strong>inlustres</strong></span> <span class='ocrx_word' id='word_1_7' title='bbox 379 364 436 427; x_wconf 93' lang='lat' dir='ltr'><strong>uiri</strong></span> <span class='ocrx_word' id='word_1_8' title='bbox 458 365 614 441; x_wconf 84' lang='lat' dir='ltr'>nonnulli,</span> <span class='ocrx_word' id='word_1_9' title='bbox 638 364 752 446; x_wconf 86' lang='lat' dir='ltr'><strong>equites</strong></span> <span class='ocrx_word' id='word_1_10' title='bbox 768 359 911 425; x_wconf 84' lang='lat' dir='ltr'><strong>Romani.</strong></span> <span class='ocrx_word' id='word_1_11' title='bbox 944 357 1013 442; x_wconf 79' lang='lat' dir='ltr'><strong>Quo</strong></span> <span class='ocrx_word' id='word_1_12' title='bbox 1031 371 1132 426; x_wconf 87' lang='lat' dir='ltr'><strong>tamen</strong></span> <span class='ocrx_word' id='word_1_13' title='bbox 1147 364 1264 431; x_wconf 90' lang='lat' dir='ltr'><strong>iucom-</strong></span> 
     </span>
     <span class='ocr_line' id='line_1_3' title="bbox 132 462 1265 551; baseline 0.004 -22"><span class='ocrx_word' id='word_1_14' title='bbox 132 466 221 530; x_wconf 92' lang='lat' dir='ltr'><strong>modo</strong></span> <span class='ocrx_word' id='word_1_15' title='bbox 236 464 387 530; x_wconf 73' lang='lat' dir='ltr'><strong>Domitius</strong></span> <span class='ocrx_word' id='word_1_16' title='bbox 412 477 535 551; x_wconf 90' lang='lat' dir='ltr'><strong>accepto</strong></span> <span class='ocrx_word' id='word_1_17' title='bbox 559 466 701 547; x_wconf 81' lang='lat' dir='ltr'>reliquias</span> <span class='ocrx_word' id='word_1_18' title='bbox 717 465 870 528; x_wconf 82' lang='lat' dir='ltr'><strong>exercitus</strong></span> <span class='ocrx_word' id='word_1_19' title='bbox 887 462 1022 548; x_wconf 89' lang='lat' dir='ltr'><strong>dissipati</strong></span> <span class='ocrx_word' id='word_1_20' title='bbox 1039 465 1164 549; x_wconf 79' lang='lat' dir='ltr'><strong>collegit</strong></span> <span class='ocrx_word' id='word_1_21' title='bbox 1178 468 1265 534; x_wconf 86' lang='lat' dir='ltr'><strong>itine-</strong></span> 
     </span>
     <span class='ocr_line' id='line_1_4' title="bbox 74 564 1261 652; baseline 0 -15"><span class='ocrx_word' id='word_1_22' title='bbox 74 567 116 637; x_wconf 84' lang='lat' dir='ltr'><strong>¹ll</strong></span> <span class='ocrx_word' id='word_1_23' title='bbox 132 568 276 651; x_wconf 91' lang='lat' dir='ltr'><strong>ribusque</strong></span> <span class='ocrx_word' id='word_1_24' title='bbox 299 570 371 632; x_wconf 90' lang='lat' dir='ltr'><strong>tutis</strong></span> <span class='ocrx_word' id='word_1_25' title='bbox 395 590 449 652; x_wconf 92' lang='lat' dir='ltr'><strong>per</strong></span> <span class='ocrx_word' id='word_1_26' title='bbox 464 564 682 652; x_wconf 77' lang='lat' dir='ltr'>Cappadociam</span> <span class='ocrx_word' id='word_1_27' title='bbox 706 588 739 631; x_wconf 93' lang='lat' dir='ltr'><strong>se</strong></span> <span class='ocrx_word' id='word_1_28' title='bbox 761 568 791 629; x_wconf 92' lang='lat' dir='ltr'><strong>in</strong></span> <span class='ocrx_word' id='word_1_29' title='bbox 809 565 913 629; x_wconf 77' lang='lat' dir='ltr'><strong>Asiam</strong></span> <span class='ocrx_word' id='word_1_30' title='bbox 930 566 1054 649; x_wconf 88' lang='lat' dir='ltr'><strong>recepit.</strong></span> <span class='ocrx_word' id='word_1_31' title='bbox 1086 566 1261 637; x_wconf 81' lang='lat' dir='ltr'><strong>Pharnaces</strong></span> 
     </span>
     <span class='ocr_line' id='line_1_5' title="bbox 134 666 1261 761; baseline 0.004 -28"><span class='ocrx_word' id='word_1_32' title='bbox 134 671 224 734; x_wconf 90' lang='lat' dir='ltr'><strong>rebus</strong></span> <span class='ocrx_word' id='word_1_33' title='bbox 239 672 378 734; x_wconf 87' lang='lat' dir='ltr'><strong>secundis</strong></span> <span class='ocrx_word' id='word_1_34' title='bbox 394 671 503 749; x_wconf 90' lang='lat' dir='ltr'><strong>elatus,</strong></span> <span class='ocrx_word' id='word_1_35' title='bbox 521 693 586 734; x_wconf 91' lang='lat' dir='ltr'><strong>cum</strong></span> <span class='ocrx_word' id='word_1_36' title='bbox 603 673 638 732; x_wconf 91' lang='lat' dir='ltr'><strong>de</strong></span> <span class='ocrx_word' id='word_1_37' title='bbox 649 666 783 733; x_wconf 81' lang='lat' dir='ltr'>Caesare</span> <span class='ocrx_word' id='word_1_38' title='bbox 798 689 845 744; x_wconf 90' lang='lat' dir='ltr'><strong>ea,</strong></span> <span class='ocrx_word' id='word_1_39' title='bbox 863 688 941 750; x_wconf 92' lang='lat' dir='ltr'><strong>quae</strong></span> <span class='ocrx_word' id='word_1_40' title='bbox 956 669 1090 752; x_wconf 86' lang='lat' dir='ltr'><strong>optabat,</strong></span> <span class='ocrx_word' id='word_1_41' title='bbox 1109 686 1261 761; x_wconf 75' lang='lat' dir='ltr'><strong>speqaret,</strong></span> 
     </span>
     <span class='ocr_line' id='line_1_6' title="bbox 95 770 1294 856; baseline 0.003 -18"><span class='ocrx_word' id='word_1_42' title='bbox 95 772 263 838; x_wconf 80' lang='lat' dir='ltr'><strong>2Pontum</strong></span> <span class='ocrx_word' id='word_1_43' title='bbox 280 773 415 837; x_wconf 88' lang='lat' dir='ltr'><strong>omnibus</strong></span> <span class='ocrx_word' id='word_1_44' title='bbox 431 774 525 856; x_wconf 91' lang='lat' dir='ltr'><strong>copiis</strong></span> <span class='ocrx_word' id='word_1_45' title='bbox 541 773 695 856; x_wconf 89' lang='lat' dir='ltr'><strong>occupauit</strong></span> <span class='ocrx_word' id='word_1_46' title='bbox 712 771 810 852; x_wconf 82' lang='lat' dir='ltr'>ibique</span> <span class='ocrx_word' id='word_1_47' title='bbox 827 780 859 833; x_wconf 91' lang='lat' dir='ltr'><strong>et</strong></span> <span class='ocrx_word' id='word_1_48' title='bbox 873 770 974 833; x_wconf 88' lang='lat' dir='ltr'><strong>uictor</strong></span> <span class='ocrx_word' id='word_1_49' title='bbox 988 782 1019 834; x_wconf 92' lang='lat' dir='ltr'><strong>et</strong></span> <span class='ocrx_word' id='word_1_50' title='bbox 1034 773 1260 841; x_wconf 88' lang='lat' dir='ltr'><strong>crudelissimus</strong></span> <span class='ocrx_word' id='word_1_51' title='bbox 1280 791 1294 841; x_wconf 79' lang='lat' dir='ltr'><strong>t</strong></span> 
     </span>
     <span class='ocr_line' id='line_1_7' title="bbox 133 873 1263 958; baseline 0.005 -21"><span class='ocrx_word' id='word_1_52' title='bbox 133 895 203 949; x_wconf 87' lang='lat' dir='ltr'><strong>rex,</strong></span> <span class='ocrx_word' id='word_1_53' title='bbox 216 897 282 937; x_wconf 91' lang='lat' dir='ltr'><strong>eum</strong></span> <span class='ocrx_word' id='word_1_54' title='bbox 299 875 356 938; x_wconf 89' lang='lat' dir='ltr'><strong>sibi</strong></span> <span class='ocrx_word' id='word_1_55' title='bbox 373 878 520 939; x_wconf 86' lang='lat' dir='ltr'><strong>fortunam</strong></span> <span class='ocrx_word' id='word_1_56' title='bbox 539 886 692 958; x_wconf 88' lang='lat' dir='ltr'><strong>paternam</strong></span> <span class='ocrx_word' id='word_1_57' title='bbox 708 874 841 937; x_wconf 79' lang='lat' dir='ltr'><strong>feliciore</strong></span> <span class='ocrx_word' id='word_1_58' title='bbox 855 883 967 936; x_wconf 87' lang='lat' dir='ltr'><strong>euentu</strong></span> <span class='ocrx_word' id='word_1_59' title='bbox 978 873 1156 953; x_wconf 89' lang='lat' dir='ltr'><strong>destinaret,</strong></span> <span class='ocrx_word' id='word_1_60' title='bbox 1171 881 1263 943; x_wconf 81' lang='lat' dir='ltr'><strong>molta</strong></span> 
     </span>
     <span class='ocr_line' id='line_1_8' title="bbox 134 972 1262 1061; baseline 0.003 -20"><span class='ocrx_word' id='word_1_61' title='bbox 134 978 239 1061; x_wconf 91' lang='lat' dir='ltr'><strong>oppida</strong></span> <span class='ocrx_word' id='word_1_62' title='bbox 256 978 459 1060; x_wconf 85' lang='lat' dir='ltr'><strong>expugnauit,</strong></span> <span class='ocrx_word' id='word_1_63' title='bbox 477 980 555 1041; x_wconf 89' lang='lat' dir='ltr'><strong>bona</strong></span> <span class='ocrx_word' id='word_1_64' title='bbox 571 977 677 1039; x_wconf 90' lang='lat' dir='ltr'><strong>ciuium</strong></span> <span class='ocrx_word' id='word_1_65' title='bbox 696 975 901 1039; x_wconf 84' lang='lat' dir='ltr'><strong>Romanorum</strong></span> <span class='ocrx_word' id='word_1_66' title='bbox 920 972 1175 1060; x_wconf 88' lang='lat' dir='ltr'><strong>Ponticorumque</strong></span> <span class='ocrx_word' id='word_1_67' title='bbox 1190 981 1262 1044; x_wconf 90' lang='lat' dir='ltr'><strong>diri·</strong></span> 
     </span>
     <span class='ocr_line' id='line_1_9' title="bbox 98 1077 1261 1164; baseline 0.002 -21"><span class='ocrx_word' id='word_1_68' title='bbox 98 1079 118 1143; x_wconf 79' lang='lat'><strong>3</strong></span> <span class='ocrx_word' id='word_1_69' title='bbox 134 1081 217 1164; x_wconf 89' lang='lat' dir='ltr'><strong>puit,</strong></span> <span class='ocrx_word' id='word_1_70' title='bbox 234 1080 379 1162; x_wconf 89' lang='lat' dir='ltr'><strong>supplicia</strong></span> <span class='ocrx_word' id='word_1_71' title='bbox 395 1080 546 1144; x_wconf 90' lang='lat' dir='ltr'><strong>constituit</strong></span> <span class='ocrx_word' id='word_1_72' title='bbox 563 1080 593 1142; x_wconf 92' lang='lat' dir='ltr'><strong>in</strong></span> <span class='ocrx_word' id='word_1_73' title='bbox 610 1101 683 1152; x_wconf 90' lang='lat' dir='ltr'><strong>eos,</strong></span> <span class='ocrx_word' id='word_1_74' title='bbox 707 1079 755 1160; x_wconf 95' lang='lat' dir='ltr'><strong>qui</strong></span> <span class='ocrx_word' id='word_1_75' title='bbox 771 1077 900 1159; x_wconf 89' lang='lat' dir='ltr'><strong>aliquam</strong></span> <span class='ocrx_word' id='word_1_76' title='bbox 919 1079 1032 1143; x_wconf 88' lang='lat' dir='ltr'><strong>lormae</strong></span> <span class='ocrx_word' id='word_1_77' title='bbox 1048 1090 1136 1162; x_wconf 89' lang='lat' dir='ltr'><strong>atque</strong></span> <span class='ocrx_word' id='word_1_78' title='bbox 1151 1083 1261 1145; x_wconf 78' lang='lat' dir='ltr'><strong>aetatis</strong></span> 
     </span>
     <span class='ocr_line' id='line_1_10' title="bbox 71 1181 1260 1263; baseline 0.002 -18"><span class='ocrx_word' id='word_1_79' title='bbox 71 1206 74 1211; x_wconf 92' lang='lat'>·</span> <span class='ocrx_word' id='word_1_80' title='bbox 135 1181 420 1245; x_wconf 75' lang='lat' dir='ltr'><strong>commendationem</strong></span> <span class='ocrx_word' id='word_1_81' title='bbox 438 1181 595 1257; x_wconf 87' lang='lat' dir='ltr'><strong>habebant,</strong></span> <span class='ocrx_word' id='word_1_82' title='bbox 613 1201 662 1254; x_wconf 90' lang='lat' dir='ltr'><strong>ea,</strong></span> <span class='ocrx_word' id='word_1_83' title='bbox 677 1201 752 1263; x_wconf 92' lang='lat' dir='ltr'><strong>quae</strong></span> <span class='ocrx_word' id='word_1_84' title='bbox 768 1190 864 1243; x_wconf 88' lang='lat' dir='ltr'><strong>morte</strong></span> <span class='ocrx_word' id='word_1_85' title='bbox 880 1191 985 1243; x_wconf 89' lang='lat' dir='ltr'><strong>essent</strong></span> <span class='ocrx_word' id='word_1_86' title='bbox 999 1181 1168 1261; x_wconf 89' lang='lat' dir='ltr'><strong>miseriora,</strong></span> <span class='ocrx_word' id='word_1_87' title='bbox 1179 1182 1260 1247; x_wconf 88' lang='lat' dir='ltr'><strong>Pon·</strong></span> 
     </span>
     <span class='ocr_line' id='line_1_11' title="bbox 135 1281 1310 1368; baseline 0.002 -22"><span class='ocrx_word' id='word_1_88' title='bbox 135 1293 255 1367; x_wconf 89' lang='lat' dir='ltr'><strong>tumque</strong></span> <span class='ocrx_word' id='word_1_89' title='bbox 278 1284 360 1348; x_wconf 92' lang='lat' dir='ltr'><strong>nullo</strong></span> <span class='ocrx_word' id='word_1_90' title='bbox 383 1284 560 1348; x_wconf 76' lang='lat' dir='ltr'><strong>defendente</strong></span> <span class='ocrx_word' id='word_1_91' title='bbox 583 1296 737 1367; x_wconf 90' lang='lat' dir='ltr'><strong>paternum</strong></span> <span class='ocrx_word' id='word_1_92' title='bbox 761 1303 887 1365; x_wconf 81' lang='lat' dir='ltr'><strong>regnum</strong></span> <span class='ocrx_word' id='word_1_93' title='bbox 911 1281 1045 1364; x_wconf 89' lang='lat' dir='ltr'><strong>glorians</strong></span> <span class='ocrx_word' id='word_1_94' title='bbox 1059 1303 1094 1346; x_wconf 91' lang='lat' dir='ltr'><strong>se</strong></span> <span class='ocrx_word' id='word_1_95' title='bbox 1108 1286 1261 1368; x_wconf 80' lang='lat' dir='ltr'><strong>recepisse</strong></span> <span class='ocrx_word' id='word_1_96' title='bbox 1283 1296 1310 1350; x_wconf 90' lang='lat' dir='ltr'><strong>tt</strong></span> 
     </span>
     <span class='ocr_line' id='line_1_12' title="bbox 134 1386 297 1449; baseline 0.006 -1"><span class='ocrx_word' id='word_1_97' title='bbox 134 1386 297 1449; x_wconf 88' lang='lat' dir='ltr'><strong>obtinebat.</strong></span> 
     </span>
     <span class='ocr_line' id='line_1_13' title="bbox 75 1486 1259 1576; baseline -0.003 -20"><span class='ocrx_word' id='word_1_98' title='bbox 75 1487 118 1556; x_wconf 75' lang='grc'><strong>12</strong></span> <span class='ocrx_word' id='word_1_99' title='bbox 218 1486 280 1551; x_wconf 90' lang='lat' dir='ltr'><strong>Sub</strong></span> <span class='ocrx_word' id='word_1_100' title='bbox 295 1490 373 1552; x_wconf 91' lang='lat' dir='ltr'><strong>idem</strong></span> <span class='ocrx_word' id='word_1_101' title='bbox 390 1501 504 1574; x_wconf 88' lang='lat' dir='ltr'><strong>tempus</strong></span> <span class='ocrx_word' id='word_1_102' title='bbox 519 1493 549 1554; x_wconf 91' lang='lat' dir='ltr'><strong>in</strong></span> <span class='ocrx_word' id='word_1_103' title='bbox 561 1486 686 1576; x_wconf 84' lang='lat' dir='ltr'><strong>Illyrico</strong></span> <span class='ocrx_word' id='word_1_104' title='bbox 702 1501 748 1553; x_wconf 92' lang='lat' dir='ltr'><strong>est</strong></span> <span class='ocrx_word' id='word_1_105' title='bbox 763 1489 979 1554; x_wconf 91' lang='lat' dir='ltr'><strong>incommodum</strong></span> <span class='ocrx_word' id='word_1_106' title='bbox 992 1499 1167 1572; x_wconf 69' lang='lat' dir='ltr'><strong>acceptum,</strong></span> <span class='ocrx_word' id='word_1_107' title='bbox 1180 1509 1259 1570; x_wconf 91' lang='lat' dir='ltr'><strong>quae</strong></span> 
     </span>
     <span class='ocr_line' id='line_1_14' title="bbox 133 1589 1255 1674; baseline 0.004 -24"><span class='ocrx_word' id='word_1_108' title='bbox 133 1589 285 1673; x_wconf 91' lang='lat' dir='ltr'><strong>prouincia</strong></span> <span class='ocrx_word' id='word_1_109' title='bbox 307 1591 512 1674; x_wconf 88' lang='lat' dir='ltr'><strong>superioribus</strong></span> <span class='ocrx_word' id='word_1_110' title='bbox 532 1593 684 1656; x_wconf 90' lang='lat' dir='ltr'><strong>mensibus</strong></span> <span class='ocrx_word' id='word_1_111' title='bbox 706 1603 823 1657; x_wconf 89' lang='lat' dir='ltr'><strong>retenta</strong></span> <span class='ocrx_word' id='word_1_112' title='bbox 846 1614 905 1655; x_wconf 93' lang='lat' dir='ltr'><strong>non</strong></span> <span class='ocrx_word' id='word_1_113' title='bbox 922 1601 1033 1654; x_wconf 87' lang='lat' dir='ltr'><strong>tautum</strong></span> <span class='ocrx_word' id='word_1_114' title='bbox 1046 1589 1255 1672; x_wconf 80' lang='lat' dir='ltr'><strong>sineignomi·</strong></span> 
     </span>
     <span class='ocr_line' id='line_1_15' title="bbox 95 1690 1253 1780; baseline -0.002 -24"><span class='ocrx_word' id='word_1_115' title='bbox 95 1690 201 1769; x_wconf 80' lang='lat' dir='ltr'><strong>2nia,</strong></span> <span class='ocrx_word' id='word_1_116' title='bbox 226 1692 281 1755; x_wconf 92' lang='lat' dir='ltr'><strong>sed</strong></span> <span class='ocrx_word' id='word_1_117' title='bbox 304 1693 393 1756; x_wconf 91' lang='lat' dir='ltr'><strong>etiam</strong></span> <span class='ocrx_word' id='word_1_118' title='bbox 415 1715 480 1756; x_wconf 91' lang='lat' dir='ltr'><strong>cum</strong></span> <span class='ocrx_word' id='word_1_119' title='bbox 503 1694 589 1758; x_wconf 92' lang='lat' dir='ltr'><strong>laude</strong></span> <span class='ocrx_word' id='word_1_120' title='bbox 612 1707 689 1759; x_wconf 87' lang='lat' dir='ltr'><strong>erat.</strong></span> <span class='ocrx_word' id='word_1_121' title='bbox 722 1694 862 1780; x_wconf 86' lang='lat' dir='ltr'><strong>Namque</strong></span> <span class='ocrx_word' id='word_1_122' title='bbox 877 1715 912 1758; x_wconf 85' lang='lat' dir='ltr'><strong>eo</strong></span> <span class='ocrx_word' id='word_1_123' title='bbox 928 1692 1035 1755; x_wconf 81' lang='lat' dir='ltr'><strong>missus</strong></span> <span class='ocrx_word' id='word_1_124' title='bbox 1050 1700 1167 1756; x_wconf 81' lang='lat' dir='ltr'><strong>aestate</strong></span> <span class='ocrx_word' id='word_1_125' title='bbox 1182 1712 1253 1755; x_wconf 88' lang='lat' dir='ltr'><strong>eum</strong></span> 
     </span>
     <span class='ocr_line' id='line_1_16' title="bbox 132 1792 1309 1880; baseline 0.003 -24"><span class='ocrx_word' id='word_1_126' title='bbox 132 1794 244 1857; x_wconf 89' lang='lat' dir='ltr'><strong>duabus</strong></span> <span class='ocrx_word' id='word_1_127' title='bbox 260 1794 427 1877; x_wconf 80' lang='lat' dir='ltr'><strong>legionibus</strong></span> <span class='ocrx_word' id='word_1_128' title='bbox 444 1793 484 1877; x_wconf 83' lang='lat' dir='ltr'><strong>Q.</strong></span> <span class='ocrx_word' id='word_1_129' title='bbox 497 1792 690 1875; x_wconf 83' lang='lat' dir='ltr'><strong>Cornificius,</strong></span> <span class='ocrx_word' id='word_1_130' title='bbox 703 1794 847 1861; x_wconf 82' lang='lat' dir='ltr'><strong>Caesaris</strong></span> <span class='ocrx_word' id='word_1_131' title='bbox 863 1804 1015 1880; x_wconf 82' lang='lat' dir='ltr'><strong>quaestor,</strong></span> <span class='ocrx_word' id='word_1_132' title='bbox 1030 1815 1084 1878; x_wconf 85' lang='lat' dir='ltr'><strong>pro</strong></span> <span class='ocrx_word' id='word_1_133' title='bbox 1100 1805 1254 1878; x_wconf 87' lang='lat' dir='ltr'><strong>praetore,</strong></span> <span class='ocrx_word' id='word_1_134' title='bbox 1281 1807 1309 1860; x_wconf 83' lang='lat' dir='ltr'><strong>tt</strong></span> 
     </span>
     <span class='ocr_line' id='line_1_17' title="bbox 132 1897 1258 1982; baseline 0.004 -24"><span class='ocrx_word' id='word_1_135' title='bbox 132 1916 305 1978; x_wconf 91' lang='lat' dir='ltr'><strong>quamquam</strong></span> <span class='ocrx_word' id='word_1_136' title='bbox 329 1909 395 1960; x_wconf 90' lang='lat' dir='ltr'><strong>erat</strong></span> <span class='ocrx_word' id='word_1_137' title='bbox 417 1898 572 1981; x_wconf 90' lang='lat' dir='ltr'><strong>prouincia</strong></span> <span class='ocrx_word' id='word_1_138' title='bbox 594 1900 715 1963; x_wconf 91' lang='lat' dir='ltr'><strong>minime</strong></span> <span class='ocrx_word' id='word_1_139' title='bbox 730 1900 851 1982; x_wconf 90' lang='lat' dir='ltr'><strong>copiosa</strong></span> <span class='ocrx_word' id='word_1_140' title='bbox 867 1899 903 1962; x_wconf 92' lang='lat' dir='ltr'><strong>ad</strong></span> <span class='ocrx_word' id='word_1_141' title='bbox 920 1897 1071 1962; x_wconf 80' lang='lat' dir='ltr'><strong>exereitus</strong></span> <span class='ocrx_word' id='word_1_142' title='bbox 1086 1897 1210 1961; x_wconf 87' lang='lat' dir='ltr'><strong>alendos</strong></span> <span class='ocrx_word' id='word_1_143' title='bbox 1225 1908 1258 1962; x_wconf 85' lang='lat' dir='ltr'><strong>et</strong></span> 
     </span>
     <span class='ocr_line' id='line_1_18' title="bbox 132 1998 1257 2084; baseline 0.004 -24"><span class='ocrx_word' id='word_1_144' title='bbox 132 1998 256 2062; x_wconf 86' lang='lat' dir='ltr'><strong>finitimo</strong></span> <span class='ocrx_word' id='word_1_145' title='bbox 271 1999 349 2061; x_wconf 92' lang='lat' dir='ltr'><strong>bello</strong></span> <span class='ocrx_word' id='word_1_146' title='bbox 365 2020 400 2062; x_wconf 90' lang='lat' dir='ltr'><strong>ae</strong></span> <span class='ocrx_word' id='word_1_147' title='bbox 416 2001 654 2065; x_wconf 89' lang='lat' dir='ltr'><strong>dissensionibus</strong></span> <span class='ocrx_word' id='word_1_148' title='bbox 671 2004 805 2065; x_wconf 86' lang='lat' dir='ltr'><strong>conlecta</strong></span> <span class='ocrx_word' id='word_1_149' title='bbox 822 2011 851 2064; x_wconf 91' lang='lat' dir='ltr'><strong>et</strong></span> <span class='ocrx_word' id='word_1_150' title='bbox 866 2012 997 2078; x_wconf 89' lang='lat' dir='ltr'><strong>uastata,</strong></span> <span class='ocrx_word' id='word_1_151' title='bbox 1011 2011 1110 2063; x_wconf 73' lang='lat' dir='ltr'><strong>umen</strong></span> <span class='ocrx_word' id='word_1_152' title='bbox 1127 2001 1257 2084; x_wconf 90' lang='lat' dir='ltr'><strong>pruden-</strong></span> 
     </span>
     <span class='ocr_line' id='line_1_19' title="bbox 132 2099 1291 2188; baseline 0.006 -26"><span class='ocrx_word' id='word_1_153' title='bbox 132 2099 173 2163; x_wconf 89' lang='lat' dir='ltr'><strong>tia</strong></span> <span class='ocrx_word' id='word_1_154' title='bbox 187 2121 223 2163; x_wconf 92' lang='lat' dir='ltr'><strong>ac</strong></span> <span class='ocrx_word' id='word_1_155' title='bbox 240 2101 394 2185; x_wconf 82' lang='lat' dir='ltr'><strong>diligentia</strong></span> <span class='ocrx_word' id='word_1_156' title='bbox 409 2124 484 2182; x_wconf 91' lang='lat' dir='ltr'><strong>sua,</strong></span> <span class='ocrx_word' id='word_1_157' title='bbox 501 2104 579 2186; x_wconf 93' lang='lat' dir='ltr'><strong>quod</strong></span> <span class='ocrx_word' id='word_1_158' title='bbox 596 2124 730 2188; x_wconf 81' lang='lat' dir='ltr'><strong>magnum</strong></span> <span class='ocrx_word' id='word_1_159' title='bbox 749 2125 852 2167; x_wconf 90' lang='lat' dir='ltr'><strong>euram</strong></span> <span class='ocrx_word' id='word_1_160' title='bbox 867 2102 1066 2186; x_wconf 90' lang='lat' dir='ltr'><strong>suscipiebat,</strong></span> <span class='ocrx_word' id='word_1_161' title='bbox 1084 2122 1121 2165; x_wconf 93' lang='lat' dir='ltr'><strong>ne</strong></span> <span class='ocrx_word' id='word_1_162' title='bbox 1136 2123 1193 2185; x_wconf 92' lang='lat' dir='ltr'><strong>quo</strong></span> <span class='ocrx_word' id='word_1_163' title='bbox 1209 2112 1254 2164; x_wconf 88' lang='lat' dir='ltr'><strong>te·</strong></span> <span class='ocrx_word' id='word_1_164' title='bbox 1287 2160 1291 2169; x_wconf 81' lang='grc'><strong><em>,</em></strong></span> 
     </span>
     <span class='ocr_line' id='line_1_20' title="bbox 95 2201 1254 2289; baseline 0.001 -23"><span class='ocrx_word' id='word_1_165' title='bbox 95 2201 213 2268; x_wconf 77' lang='grc' dir='ltr'>3ηιιιι</span> <span class='ocrx_word' id='word_1_166' title='bbox 235 2205 485 2288; x_wconf 84' lang='lat' dir='ltr'><strong>progrederetur,</strong></span> <span class='ocrx_word' id='word_1_167' title='bbox 510 2216 541 2268; x_wconf 90' lang='lat' dir='ltr'><strong>et</strong></span> <span class='ocrx_word' id='word_1_168' title='bbox 564 2207 678 2289; x_wconf 90' lang='lat' dir='ltr'><strong>recepit</strong></span> <span class='ocrx_word' id='word_1_169' title='bbox 699 2217 730 2270; x_wconf 90' lang='lat' dir='ltr'><strong>et</strong></span> <span class='ocrx_word' id='word_1_170' title='bbox 752 2205 893 2271; x_wconf 77' lang='lat' dir='ltr'><strong>defendit.</strong></span> <span class='ocrx_word' id='word_1_171' title='bbox 932 2203 1072 2288; x_wconf 85' lang='lat' dir='ltr'><strong>Namque</strong></span> <span class='ocrx_word' id='word_1_172' title='bbox 1088 2215 1119 2269; x_wconf 94' lang='lat' dir='ltr'><strong>et</strong></span> <span class='ocrx_word' id='word_1_173' title='bbox 1132 2203 1254 2267; x_wconf 82' lang='lat' dir='ltr'><strong>castella</strong></span> 
     </span>
     <span class='ocr_line' id='line_1_21' title="bbox 132 2307 1308 2392; baseline 0 -23"><span class='ocrx_word' id='word_1_174' title='bbox 132 2308 283 2390; x_wconf 91' lang='lat' dir='ltr'><strong>complura</strong></span> <span class='ocrx_word' id='word_1_175' title='bbox 306 2309 381 2371; x_wconf 91' lang='lat' dir='ltr'><strong>locis</strong></span> <span class='ocrx_word' id='word_1_176' title='bbox 402 2309 489 2371; x_wconf 88' lang='lat' dir='ltr'><strong>editis</strong></span> <span class='ocrx_word' id='word_1_177' title='bbox 506 2309 620 2391; x_wconf 87' lang='lat' dir='ltr'><strong>posita,</strong></span> <span class='ocrx_word' id='word_1_178' title='bbox 646 2329 769 2392; x_wconf 91' lang='lat' dir='ltr'><strong>quorum</strong></span> <span class='ocrx_word' id='word_1_179' title='bbox 786 2308 991 2392; x_wconf 80' lang='lat' dir='ltr'><strong>opportunitas</strong></span> <span class='ocrx_word' id='word_1_180' title='bbox 1007 2307 1188 2371; x_wconf 89' lang='lat' dir='ltr'><strong>castellanos</strong></span> <span class='ocrx_word' id='word_1_181' title='bbox 1203 2307 1257 2370; x_wconf 90' lang='lat' dir='ltr'><strong>im·</strong></span> <span class='ocrx_word' id='word_1_182' title='bbox 1276 2316 1308 2369; x_wconf 79' lang='lat' dir='ltr'><strong>tt</strong></span> 
     </span>
     <span class='ocr_line' id='line_1_22' title="bbox 132 2409 1255 2493; baseline 0 -21"><span class='ocrx_word' id='word_1_183' title='bbox 132 2409 260 2492; x_wconf 89' lang='lat' dir='ltr'><strong>pellebat</strong></span> <span class='ocrx_word' id='word_1_184' title='bbox 275 2412 310 2473; x_wconf 90' lang='lat' dir='ltr'><strong>ad</strong></span> <span class='ocrx_word' id='word_1_185' title='bbox 328 2411 519 2474; x_wconf 91' lang='lat' dir='ltr'><strong>decursiones</strong></span> <span class='ocrx_word' id='word_1_186' title='bbox 536 2411 686 2475; x_wconf 85' lang='lat' dir='ltr'><strong>iaciendas</strong></span> <span class='ocrx_word' id='word_1_187' title='bbox 701 2422 729 2475; x_wconf 89' lang='lat' dir='ltr'><strong>et</strong></span> <span class='ocrx_word' id='word_1_188' title='bbox 742 2411 848 2474; x_wconf 87' lang='lat' dir='ltr'><strong>bellum</strong></span> <span class='ocrx_word' id='word_1_189' title='bbox 858 2409 1059 2487; x_wconf 78' lang='lat' dir='ltr'><strong>inferendum,</strong></span> <span class='ocrx_word' id='word_1_190' title='bbox 1070 2411 1255 2493; x_wconf 82' lang='lat' dir='ltr'><strong>expugnauit</strong></span> 
     </span>
     <span class='ocr_line' id='line_1_23' title="bbox 131 2512 1253 2597; baseline 0.004 -27"><span class='ocrx_word' id='word_1_191' title='bbox 131 2530 225 2593; x_wconf 90' lang='lat' dir='ltr'><strong>eaque</strong></span> <span class='ocrx_word' id='word_1_192' title='bbox 241 2512 350 2595; x_wconf 89' lang='lat' dir='ltr'><strong>praeda</strong></span> <span class='ocrx_word' id='word_1_193' title='bbox 367 2512 475 2575; x_wconf 88' lang='lat' dir='ltr'><strong>milites</strong></span> <span class='ocrx_word' id='word_1_194' title='bbox 491 2514 625 2592; x_wconf 91' lang='lat' dir='ltr'><strong>donauit,</strong></span> <span class='ocrx_word' id='word_1_195' title='bbox 639 2535 715 2597; x_wconf 92' lang='lat' dir='ltr'><strong>quae</strong></span> <span class='ocrx_word' id='word_1_196' title='bbox 731 2513 786 2576; x_wconf 90' lang='lat' dir='ltr'><strong>etsi</strong></span> <span class='ocrx_word' id='word_1_197' title='bbox 803 2524 870 2576; x_wconf 83' lang='lat' dir='ltr'><strong>erat</strong></span> <span class='ocrx_word' id='word_1_198' title='bbox 885 2512 996 2590; x_wconf 88' lang='lat' dir='ltr'><strong>tenuis,</strong></span> <span class='ocrx_word' id='word_1_199' title='bbox 1010 2524 1108 2575; x_wconf 89' lang='lat' dir='ltr'><strong>tamen</strong></span> <span class='ocrx_word' id='word_1_200' title='bbox 1125 2514 1155 2575; x_wconf 89' lang='lat' dir='ltr'><strong>in</strong></span> <span class='ocrx_word' id='word_1_201' title='bbox 1173 2523 1253 2575; x_wconf 83' lang='lat' dir='ltr'><strong>tarrta</strong></span> 
     </span>
     <span class='ocr_line' id='line_1_24' title="bbox 93 2613 1250 2700; baseline 0.003 -25"><span class='ocrx_word' id='word_1_202' title='bbox 93 2613 113 2675; x_wconf 81' lang='grc'>4</span> <span class='ocrx_word' id='word_1_203' title='bbox 129 2613 301 2696; x_wconf 86' lang='lat' dir='ltr'><strong>prouinciae</strong></span> <span class='ocrx_word' id='word_1_204' title='bbox 317 2614 524 2698; x_wconf 86' lang='lat' dir='ltr'><strong>desperatione</strong></span> <span class='ocrx_word' id='word_1_205' title='bbox 540 2629 604 2679; x_wconf 87' lang='lat' dir='ltr'><strong>erat</strong></span> <span class='ocrx_word' id='word_1_206' title='bbox 621 2627 706 2699; x_wconf 80' lang='lat' dir='ltr'><strong>grata</strong></span> <span class='ocrx_word' id='word_1_207' title='bbox 722 2615 894 2700; x_wconf 89' lang='lat' dir='ltr'><strong>praesertim</strong></span> <span class='ocrx_word' id='word_1_208' title='bbox 910 2616 1021 2678; x_wconf 89' lang='lat' dir='ltr'><strong>uirtute</strong></span> <span class='ocrx_word' id='word_1_209' title='bbox 1034 2624 1131 2698; x_wconf 90' lang='lat' dir='ltr'><strong>parta,</strong></span> <span class='ocrx_word' id='word_1_210' title='bbox 1143 2627 1250 2679; x_wconf 89' lang='lat' dir='ltr'><strong>etcum</strong></span> 
     </span>
     <span class='ocr_line' id='line_1_25' title="bbox 129 2712 1251 2801; baseline 0.002 -22"><span class='ocrx_word' id='word_1_211' title='bbox 129 2712 274 2780; x_wconf 83' lang='lat' dir='ltr'><strong>Octauius</strong></span> <span class='ocrx_word' id='word_1_212' title='bbox 291 2739 331 2780; x_wconf 87' lang='lat' dir='ltr'><strong>ex</strong></span> <span class='ocrx_word' id='word_1_213' title='bbox 347 2719 414 2801; x_wconf 84' lang='lat' dir='ltr'><strong>luga</strong></span> <span class='ocrx_word' id='word_1_214' title='bbox 422 2714 588 2782; x_wconf 85' lang='lat' dir='ltr'><strong>Pharsalici</strong></span> <span class='ocrx_word' id='word_1_215' title='bbox 606 2718 710 2801; x_wconf 84' lang='lat' dir='ltr'><strong>proelii</strong></span> <span class='ocrx_word' id='word_1_216' title='bbox 727 2739 833 2801; x_wconf 76' lang='lat' dir='ltr'><strong>inagna</strong></span> <span class='ocrx_word' id='word_1_217' title='bbox 850 2719 946 2781; x_wconf 90' lang='lat' dir='ltr'><strong>classe</strong></span> <span class='ocrx_word' id='word_1_218' title='bbox 962 2716 1088 2779; x_wconf 87' lang='lat' dir='ltr'><strong>inillam</strong></span> <span class='ocrx_word' id='word_1_219' title='bbox 1105 2738 1140 2780; x_wconf 94' lang='lat' dir='ltr'><strong>se</strong></span> <span class='ocrx_word' id='word_1_220' title='bbox 1154 2719 1251 2781; x_wconf 89' lang='lat' dir='ltr'><strong>sinum</strong></span> 
     </span>
     <span class='ocr_line' id='line_1_26' title="bbox 130 2818 1307 2903; baseline 0.003 -23"><span class='ocrx_word' id='word_1_221' title='bbox 130 2820 317 2897; x_wconf 89' lang='lat' dir='ltr'><strong>contulisset,</strong></span> <span class='ocrx_word' id='word_1_222' title='bbox 337 2821 439 2903; x_wconf 86' lang='lat' dir='ltr'><strong>paucis</strong></span> <span class='ocrx_word' id='word_1_223' title='bbox 455 2820 580 2883; x_wconf 89' lang='lat' dir='ltr'><strong>nauibus</strong></span> <span class='ocrx_word' id='word_1_224' title='bbox 597 2818 836 2898; x_wconf 87' lang='lat' dir='ltr'><strong>ladertinorum,</strong></span> <span class='ocrx_word' id='word_1_225' title='bbox 853 2840 975 2901; x_wconf 92' lang='lat' dir='ltr'><strong>quorum</strong></span> <span class='ocrx_word' id='word_1_226' title='bbox 991 2837 1111 2898; x_wconf 89' lang='lat' dir='ltr'><strong>semper</strong></span> <span class='ocrx_word' id='word_1_227' title='bbox 1125 2820 1156 2881; x_wconf 91' lang='lat' dir='ltr'><strong>in</strong></span> <span class='ocrx_word' id='word_1_228' title='bbox 1173 2841 1253 2883; x_wconf 87' lang='lat' dir='ltr'><strong>rem-</strong></span> <span class='ocrx_word' id='word_1_229' title='bbox 1274 2831 1307 2883; x_wconf 73' lang='lat'><strong>25</strong></span> 
     </span>
     <span class='ocr_line' id='line_1_27' title="bbox 128 2917 1250 3008; baseline -0.003 -23"><span class='ocrx_word' id='word_1_230' title='bbox 128 2922 271 3004; x_wconf 89' lang='lat' dir='ltr'><strong>publicam</strong></span> <span class='ocrx_word' id='word_1_231' title='bbox 288 2924 440 3008; x_wconf 80' lang='lat' dir='ltr'><strong>singulare</strong></span> <span class='ocrx_word' id='word_1_232' title='bbox 456 2924 635 2986; x_wconf 88' lang='lat' dir='ltr'><strong>constiterat</strong></span> <span class='ocrx_word' id='word_1_233' title='bbox 650 2924 796 3003; x_wconf 85' lang='lat' dir='ltr'><strong>officium,</strong></span> <span class='ocrx_word' id='word_1_234' title='bbox 819 2921 959 3003; x_wconf 86' lang='lat' dir='ltr'><strong>dispersis</strong></span> <span class='ocrx_word' id='word_1_235' title='bbox 972 2917 1145 2983; x_wconf 85' lang='lat' dir='ltr'><strong>Octauianis</strong></span> <span class='ocrx_word' id='word_1_236' title='bbox 1162 2923 1250 2982; x_wconf 89' lang='lat' dir='ltr'><strong>naui-</strong></span> 
     </span>
     <span class='ocr_line' id='line_1_28' title="bbox 128 3020 1249 3110; baseline 0 -26"><span class='ocrx_word' id='word_1_237' title='bbox 128 3024 183 3085; x_wconf 92' lang='lat' dir='ltr'><strong>bus</strong></span> <span class='ocrx_word' id='word_1_238' title='bbox 206 3036 272 3088; x_wconf 90' lang='lat' dir='ltr'><strong>erat</strong></span> <span class='ocrx_word' id='word_1_239' title='bbox 295 3027 425 3110; x_wconf 90' lang='lat' dir='ltr'><strong>potitus,</strong></span> <span class='ocrx_word' id='word_1_240' title='bbox 451 3037 483 3089; x_wconf 93' lang='lat' dir='ltr'><strong>ut</strong></span> <span class='ocrx_word' id='word_1_241' title='bbox 504 3027 551 3089; x_wconf 92' lang='lat' dir='ltr'><strong>uel</strong></span> <span class='ocrx_word' id='word_1_242' title='bbox 573 3026 670 3089; x_wconf 90' lang='lat' dir='ltr'><strong>classe</strong></span> <span class='ocrx_word' id='word_1_243' title='bbox 687 3027 825 3088; x_wconf 89' lang='lat' dir='ltr'><strong>dimicare</strong></span> <span class='ocrx_word' id='word_1_244' title='bbox 841 3033 943 3106; x_wconf 91' lang='lat' dir='ltr'><strong>posset</strong></span> <span class='ocrx_word' id='word_1_245' title='bbox 958 3020 1104 3085; x_wconf 89' lang='lat' dir='ltr'><strong>adiunctis</strong></span> <span class='ocrx_word' id='word_1_246' title='bbox 1120 3021 1249 3104; x_wconf 89' lang='lat' dir='ltr'><strong>captiuis</strong></span> 
     </span>
     <span class='ocr_line' id='line_1_29' title="bbox 92 3122 1248 3211; baseline 0.003 -28"><span class='ocrx_word' id='word_1_247' title='bbox 92 3122 253 3188; x_wconf 87' lang='lat' dir='ltr'><strong>5uauibus</strong></span> <span class='ocrx_word' id='word_1_248' title='bbox 276 3129 436 3191; x_wconf 87' lang='lat' dir='ltr'><strong>sociorum.</strong></span> <span class='ocrx_word' id='word_1_249' title='bbox 478 3125 553 3191; x_wconf 87' lang='lat' dir='ltr'><strong>Cum</strong></span> <span class='ocrx_word' id='word_1_250' title='bbox 578 3128 783 3192; x_wconf 88' lang='lat' dir='ltr'><strong>diuersissima</strong></span> <span class='ocrx_word' id='word_1_251' title='bbox 807 3137 889 3211; x_wconf 91' lang='lat' dir='ltr'><strong>parte</strong></span> <span class='ocrx_word' id='word_1_252' title='bbox 912 3125 993 3189; x_wconf 91' lang='lat' dir='ltr'><strong>orbis</strong></span> <span class='ocrx_word' id='word_1_253' title='bbox 1015 3135 1162 3188; x_wconf 89' lang='lat' dir='ltr'><strong>terrarum</strong></span> <span class='ocrx_word' id='word_1_254' title='bbox 1186 3123 1248 3187; x_wconf 83' lang='lat' dir='ltr'><strong>Cn.</strong></span> 
     </span>
     <span class='ocr_line' id='line_1_30' title="bbox 127 3222 1248 3312; baseline 0.003 -26"><span class='ocrx_word' id='word_1_255' title='bbox 127 3222 299 3308; x_wconf 89' lang='lat' dir='ltr'><strong>Pompeium</strong></span> <span class='ocrx_word' id='word_1_256' title='bbox 316 3226 433 3293; x_wconf 83' lang='lat' dir='ltr'><strong>Caesar</strong></span> <span class='ocrx_word' id='word_1_257' title='bbox 454 3232 552 3293; x_wconf 87' lang='lat' dir='ltr'><strong>uictor</strong></span> <span class='ocrx_word' id='word_1_258' title='bbox 573 3240 749 3312; x_wconf 85' lang='lat' dir='ltr'><strong>sequeretur</strong></span> <span class='ocrx_word' id='word_1_259' title='bbox 772 3229 997 3312; x_wconf 90' lang='lat' dir='ltr'><strong>compluresque</strong></span> <span class='ocrx_word' id='word_1_260' title='bbox 1011 3228 1200 3290; x_wconf 89' lang='lat' dir='ltr'><strong>aduersarios</strong></span> <span class='ocrx_word' id='word_1_261' title='bbox 1217 3228 1248 3289; x_wconf 92' lang='lat' dir='ltr'><strong>iu</strong></span> 
     </span>
     <span class='ocr_line' id='line_1_31' title="bbox 127 3325 1303 3416; baseline 0 -26"><span class='ocrx_word' id='word_1_262' title='bbox 127 3325 277 3412; x_wconf 78' lang='lat' dir='ltr'><strong>Illyricum</strong></span> <span class='ocrx_word' id='word_1_263' title='bbox 301 3343 422 3412; x_wconf 86' lang='lat' dir='ltr'><strong>propter</strong></span> <span class='ocrx_word' id='word_1_264' title='bbox 438 3331 634 3395; x_wconf 80' lang='lat' dir='ltr'><strong>Macedoniae</strong></span> <span class='ocrx_word' id='word_1_265' title='bbox 657 3333 904 3416; x_wconf 79' lang='lat' dir='ltr'><strong>propinquitatem</strong></span> <span class='ocrx_word' id='word_1_266' title='bbox 921 3352 954 3393; x_wconf 90' lang='lat' dir='ltr'><strong>se</strong></span> <span class='ocrx_word' id='word_1_267' title='bbox 971 3329 1105 3411; x_wconf 91' lang='lat' dir='ltr'><strong>reliquiis</strong></span> <span class='ocrx_word' id='word_1_268' title='bbox 1121 3350 1159 3390; x_wconf 84' lang='lat' dir='ltr'><strong>ex</strong></span> <span class='ocrx_word' id='word_1_269' title='bbox 1178 3330 1249 3411; x_wconf 75' lang='lat' dir='ltr'><strong>luga</strong></span> <span class='ocrx_word' id='word_1_270' title='bbox 1271 3338 1303 3391; x_wconf 84' lang='lat' dir='ltr'><strong>tt</strong></span> 
     </span>
     <span class='ocr_line' id='line_1_32' title="bbox 127 3430 1249 3510; baseline 0.002 -18"><span class='ocrx_word' id='word_1_271' title='bbox 127 3430 259 3493; x_wconf 87' lang='lat' dir='ltr'><strong>collectis</strong></span> <span class='ocrx_word' id='word_1_272' title='bbox 276 3433 438 3495; x_wconf 89' lang='lat' dir='ltr'><strong>contulisse</strong></span> <span class='ocrx_word' id='word_1_273' title='bbox 455 3437 581 3510; x_wconf 83' lang='lat' dir='ltr'><strong>arrdiret,</strong></span> <span class='ocrx_word' id='word_1_274' title='bbox 593 3437 708 3498; x_wconf 88' lang='lat' dir='ltr'><strong>litteras</strong></span> <span class='ocrx_word' id='word_1_275' title='bbox 724 3435 760 3497; x_wconf 90' lang='lat' dir='ltr'><strong>ad</strong></span> <span class='ocrx_word' id='word_1_276' title='bbox 771 3434 929 3497; x_wconf 82' lang='lat' dir='ltr'><strong>Gabinium</strong></span> <span class='ocrx_word' id='word_1_277' title='bbox 947 3432 1046 3507; x_wconf 87' lang='lat' dir='ltr'><strong>mittit,</strong></span> <span class='ocrx_word' id='word_1_278' title='bbox 1065 3431 1106 3493; x_wconf 90' lang='lat' dir='ltr'><strong>uti</strong></span> <span class='ocrx_word' id='word_1_279' title='bbox 1123 3453 1187 3493; x_wconf 92' lang='lat' dir='ltr'><strong>cum</strong></span> <span class='ocrx_word' id='word_1_280' title='bbox 1205 3432 1249 3494; x_wconf 92' lang='lat' dir='ltr'><strong>le·</strong></span> 
     </span>
     <span class='ocr_line' id='line_1_33' title="bbox 126 3532 1248 3621; baseline 0.002 -27"><span class='ocrx_word' id='word_1_281' title='bbox 126 3532 265 3615; x_wconf 84' lang='lat' dir='ltr'><strong>gionibus</strong></span> <span class='ocrx_word' id='word_1_282' title='bbox 283 3534 423 3613; x_wconf 87' lang='lat' dir='ltr'><strong>tironum,</strong></span> <span class='ocrx_word' id='word_1_283' title='bbox 442 3558 517 3619; x_wconf 74' lang='lat' dir='ltr'><strong>qum</strong></span> <span class='ocrx_word' id='word_1_284' title='bbox 535 3559 629 3621; x_wconf 84' lang='lat' dir='ltr'><strong>nuper</strong></span> <span class='ocrx_word' id='word_1_285' title='bbox 644 3547 729 3601; x_wconf 89' lang='lat' dir='ltr'><strong>crant</strong></span> <span class='ocrx_word' id='word_1_286' title='bbox 745 3537 944 3620; x_wconf 85' lang='lat' dir='ltr'><strong>conscriptae,</strong></span> <span class='ocrx_word' id='word_1_287' title='bbox 962 3534 1202 3618; x_wconf 82' lang='lat' dir='ltr'><strong>proficisceretur</strong></span> <span class='ocrx_word' id='word_1_288' title='bbox 1216 3534 1248 3597; x_wconf 90' lang='lat' dir='ltr'><strong>in</strong></span> 
     </span>
    </p>
   </div>
   <div class='ocr_carea' id='block_1_3' title="bbox 117 3780 1248 4470">
    <p class='ocr_par' dir='ltr' id='par_1_3' title="bbox 117 3780 1248 4470">
     <span class='ocr_line' id='line_1_34' title="bbox 234 3780 1248 3848; baseline -0.005 -17"><span class='ocrx_word' id='word_1_289' title='bbox 234 3783 385 3832; x_wconf 85' lang='lat' dir='ltr'><strong>linlustrcs</strong></span> <span class='ocrx_word' id='word_1_290' title='bbox 399 3800 424 3832; x_wconf 88' lang='grc' dir='ltr'><strong>ιι.</strong></span> <span class='ocrx_word' id='word_1_291' title='bbox 531 3783 699 3833; x_wconf 80' lang='lat' dir='ltr'><strong>lobtabatu.</strong></span> <span class='ocrx_word' id='word_1_292' title='bbox 808 3782 1054 3848; x_wconf 74' lang='lat' dir='ltr'><strong>bibiqueuictord.</strong></span> <span class='ocrx_word' id='word_1_293' title='bbox 1162 3780 1248 3843; x_wconf 74' lang='lat' dir='ltr'><strong>deup-</strong></span> 
     </span>
     <span class='ocr_line' id='line_1_35' title="bbox 123 3851 1246 3922; baseline 0.003 -22"><span class='ocrx_word' id='word_1_294' title='bbox 123 3851 251 3918; x_wconf 80' lang='lat' dir='ltr'><strong>plieisque</strong></span> <span class='ocrx_word' id='word_1_295' title='bbox 266 3873 288 3905; x_wconf 87' lang='lat' dir='ltr'><strong>c.</strong></span> <span class='ocrx_word' id='word_1_296' title='bbox 408 3860 437 3909; x_wconf 85' lang='lat'><strong>10</strong></span> <span class='ocrx_word' id='word_1_297' title='bbox 451 3859 606 3909; x_wconf 89' lang='lat' dir='ltr'><strong>dctcndcute</strong></span> <span class='ocrx_word' id='word_1_298' title='bbox 620 3876 646 3917; x_wconf 85' lang='lat' dir='ltr'><strong>u,</strong></span> <span class='ocrx_word' id='word_1_299' title='bbox 662 3860 803 3910; x_wconf 85' lang='lat' dir='ltr'><strong>‹lercdcutc</strong></span> <span class='ocrx_word' id='word_1_300' title='bbox 819 3860 843 3921; x_wconf 88' lang='lat' dir='ltr'><strong>b,</strong></span> <span class='ocrx_word' id='word_1_301' title='bbox 858 3858 1031 3909; x_wconf 78' lang='lat' dir='ltr'><strong>contendente</strong></span> <span class='ocrx_word' id='word_1_302' title='bbox 1042 3871 1094 3922; x_wconf 83' lang='lat' dir='ltr'><strong>pro</strong></span> <span class='ocrx_word' id='word_1_303' title='bbox 1108 3870 1168 3905; x_wconf 75' lang='grc' dir='ltr'>ιιιιι.</span> <span class='ocrx_word' id='word_1_304' title='bbox 1184 3856 1246 3904; x_wconf 75' lang='lat' dir='ltr'><strong>tect.</strong></span> 
     </span>
     <span class='ocr_line' id='line_1_36' title="bbox 122 3931 1248 4003; baseline 0 -22"><span class='ocrx_word' id='word_1_305' title='bbox 122 3943 145 3978; x_wconf 77' lang='lat' dir='ltr'><strong>r.</strong></span> <span class='ocrx_word' id='word_1_306' title='bbox 259 3932 373 3992; x_wconf 71' lang='lat' dir='ltr'><strong>glorians</strong></span> <span class='ocrx_word' id='word_1_307' title='bbox 388 3950 416 3983; x_wconf 87' lang='lat' dir='ltr'><strong>su</strong></span> <span class='ocrx_word' id='word_1_308' title='bbox 432 3936 563 4000; x_wconf 89' lang='lat' dir='ltr'><strong>recepisse</strong></span> <span class='ocrx_word' id='word_1_309' title='bbox 576 3953 602 3999; x_wconf 92' lang='lat' dir='ltr'><strong>u,</strong></span> <span class='ocrx_word' id='word_1_310' title='bbox 617 3952 645 3986; x_wconf 89' lang='lat' dir='ltr'><strong>se</strong></span> <span class='ocrx_word' id='word_1_311' title='bbox 659 3937 789 4003; x_wconf 81' lang='lat' dir='ltr'><strong>recepisse</strong></span> <span class='ocrx_word' id='word_1_312' title='bbox 804 3936 920 4000; x_wconf 75' lang='lat' dir='ltr'><strong>glorians</strong></span> <span class='ocrx_word' id='word_1_313' title='bbox 934 3935 995 3985; x_wconf 79' lang='lat' dir='ltr'><strong>edd.</strong></span> <span class='ocrx_word' id='word_1_314' title='bbox 1103 3933 1134 3985; x_wconf 79' lang='lat'><strong>12</strong></span> <span class='ocrx_word' id='word_1_315' title='bbox 1149 3931 1248 3982; x_wconf 86' lang='lat' dir='ltr'><strong>lllirico</strong></span> 
     </span>
     <span class='ocr_line' id='line_1_37' title="bbox 119 4010 1137 4076; baseline 0.001 -19"><span class='ocrx_word' id='word_1_316' title='bbox 119 4024 144 4057; x_wconf 88' lang='lat' dir='ltr'><strong>o.</strong></span> <span class='ocrx_word' id='word_1_317' title='bbox 267 4010 296 4059; x_wconf 84' lang='lat' dir='ltr'><strong>lb</strong></span> <span class='ocrx_word' id='word_1_318' title='bbox 310 4027 454 4076; x_wconf 89' lang='lat' dir='ltr'><strong>quanquam</strong></span> <span class='ocrx_word' id='word_1_319' title='bbox 469 4014 517 4076; x_wconf 90' lang='lat' dir='ltr'><strong>(u).</strong></span> <span class='ocrx_word' id='word_1_320' title='bbox 633 4015 775 4065; x_wconf 76' lang='lat' dir='ltr'><strong>exercitum</strong></span> <span class='ocrx_word' id='word_1_321' title='bbox 789 4031 815 4064; x_wconf 87' lang='lat' dir='ltr'><strong>o.</strong></span> <span class='ocrx_word' id='word_1_322' title='bbox 937 4013 968 4064; x_wconf 87' lang='grc'><strong>18</strong></span> <span class='ocrx_word' id='word_1_323' title='bbox 981 4028 1029 4062; x_wconf 83' lang='lat' dir='ltr'><strong>suo</strong></span> <span class='ocrx_word' id='word_1_324' title='bbox 1042 4027 1095 4062; x_wconf 82' lang='lat' dir='ltr'><strong>ont.</strong></span> <span class='ocrx_word' id='word_1_325' title='bbox 1112 4012 1137 4059; x_wconf 90' lang='lat' dir='ltr'><strong>b.</strong></span> 
     </span>
     <span class='ocr_line' id='line_1_38' title="bbox 122 4085 1136 4158; baseline 0.002 -24"><span class='ocrx_word' id='word_1_326' title='bbox 122 4102 153 4136; x_wconf 94' lang='lat' dir='ltr'><strong>oc</strong></span> <span class='ocrx_word' id='word_1_327' title='bbox 167 4085 228 4151; x_wconf 90' lang='lat' dir='ltr'><strong>quo]</strong></span> <span class='ocrx_word' id='word_1_328' title='bbox 244 4102 327 4152; x_wconf 87' lang='lat' dir='ltr'><strong>neque</strong></span> <span class='ocrx_word' id='word_1_329' title='bbox 340 4104 402 4137; x_wconf 89' lang='lat' dir='ltr'><strong>uero</strong></span> <span class='ocrx_word' id='word_1_330' title='bbox 416 4105 432 4137; x_wconf 91' lang='grc' dir='ltr'><strong>ιι</strong></span> <span class='ocrx_word' id='word_1_331' title='bbox 447 4090 461 4137; x_wconf 88' lang='lat' dir='ltr'><strong>b</strong></span> <span class='ocrx_word' id='word_1_332' title='bbox 475 4106 496 4138; x_wconf 80' lang='lat' dir='ltr'><strong>r.</strong></span> <span class='ocrx_word' id='word_1_333' title='bbox 610 4093 642 4140; x_wconf 79' lang='lat' dir='ltr'><strong>au</strong></span> <span class='ocrx_word' id='word_1_334' title='bbox 656 4094 819 4158; x_wconf 77' lang='lat' dir='ltr'><strong>‹quortunitus</strong></span> <span class='ocrx_word' id='word_1_335' title='bbox 833 4107 859 4141; x_wconf 89' lang='grc' dir='ltr'><strong>ιι.</strong></span> <span class='ocrx_word' id='word_1_336' title='bbox 978 4090 1010 4142; x_wconf 78' lang='lat'><strong>23</strong></span> <span class='ocrx_word' id='word_1_337' title='bbox 1024 4096 1098 4155; x_wconf 81' lang='lat' dir='ltr'><strong>parte</strong></span> <span class='ocrx_word' id='word_1_338' title='bbox 1109 4102 1136 4137; x_wconf 86' lang='grc' dir='ltr'><strong>ιι.</strong></span> 
     </span>
     <span class='ocr_line' id='line_1_39' title="bbox 117 4165 1247 4231; baseline -0.003 -15"><span class='ocrx_word' id='word_1_339' title='bbox 117 4167 150 4216; x_wconf 77' lang='lat'><strong>25</strong></span> <span class='ocrx_word' id='word_1_340' title='bbox 165 4165 354 4216; x_wconf 83' lang='lat' dir='ltr'><strong>ladestinorum</strong></span> <span class='ocrx_word' id='word_1_341' title='bbox 368 4184 384 4216; x_wconf 87' lang='lat' dir='ltr'><strong>o</strong></span> <span class='ocrx_word' id='word_1_342' title='bbox 399 4170 472 4216; x_wconf 71' lang='lat' dir='ltr'><strong>‘nrm</strong></span> <span class='ocrx_word' id='word_1_343' title='bbox 488 4184 587 4231; x_wconf 81' lang='grc' dir='ltr'>υιιιιιοι,</span> <span class='ocrx_word' id='word_1_344' title='bbox 604 4170 677 4220; x_wconf 88' lang='lat' dir='ltr'><strong>lliud.</strong></span> <span class='ocrx_word' id='word_1_345' title='bbox 694 4171 731 4220; x_wconf 78' lang='lat' dir='ltr'><strong>‹t‘</strong></span> <span class='ocrx_word' id='word_1_346' title='bbox 847 4172 880 4223; x_wconf 74' lang='lat'><strong>27</strong></span> <span class='ocrx_word' id='word_1_347' title='bbox 895 4176 922 4217; x_wconf 90' lang='lat' dir='ltr'><strong>ut</strong></span> <span class='ocrx_word' id='word_1_348' title='bbox 938 4169 1006 4219; x_wconf 87' lang='lat' dir='ltr'><strong>uelle</strong></span> <span class='ocrx_word' id='word_1_349' title='bbox 1021 4168 1146 4217; x_wconf 84' lang='lat' dir='ltr'><strong>dimicare</strong></span> <span class='ocrx_word' id='word_1_350' title='bbox 1159 4165 1247 4214; x_wconf 82' lang='lat' dir='ltr'><strong>classe</strong></span> 
     </span>
     <span class='ocr_line' id='line_1_40' title="bbox 121 4246 1248 4311; baseline 0.001 -16"><span class='ocrx_word' id='word_1_351' title='bbox 121 4247 145 4295; x_wconf 89' lang='lat' dir='ltr'><strong>b.</strong></span> <span class='ocrx_word' id='word_1_352' title='bbox 262 4247 295 4300; x_wconf 79' lang='lat'><strong>28</strong></span> <span class='ocrx_word' id='word_1_353' title='bbox 308 4262 364 4297; x_wconf 89' lang='lat' dir='ltr'><strong>oum</strong></span> <span class='ocrx_word' id='word_1_354' title='bbox 377 4262 394 4295; x_wconf 94' lang='grc' dir='ltr'><strong>ιι</strong></span> <span class='ocrx_word' id='word_1_355' title='bbox 409 4247 423 4294; x_wconf 86' lang='lat' dir='ltr'><strong>b</strong></span> <span class='ocrx_word' id='word_1_356' title='bbox 436 4246 451 4296; x_wconf 83' lang='grc'>3</span> <span class='ocrx_word' id='word_1_357' title='bbox 465 4246 543 4308; x_wconf 75' lang='lat' dir='ltr'><strong>uoce,</strong></span> <span class='ocrx_word' id='word_1_358' title='bbox 559 4255 654 4298; x_wconf 85' lang='lat' dir='ltr'><strong>etcum</strong></span> <span class='ocrx_word' id='word_1_359' title='bbox 669 4265 694 4298; x_wconf 85' lang='lat' dir='ltr'><strong>u.</strong></span> <span class='ocrx_word' id='word_1_360' title='bbox 804 4249 839 4304; x_wconf 74' lang='grc'><strong>29</strong></span> <span class='ocrx_word' id='word_1_361' title='bbox 853 4250 951 4299; x_wconf 87' lang='lat' dir='ltr'><strong>Caesar</strong></span> <span class='ocrx_word' id='word_1_362' title='bbox 963 4250 1049 4297; x_wconf 77' lang='lat' dir='ltr'><strong>ructor</strong></span> <span class='ocrx_word' id='word_1_363' title='bbox 1061 4263 1078 4298; x_wconf 91' lang='grc' dir='ltr'><strong>ιι</strong></span> <span class='ocrx_word' id='word_1_364' title='bbox 1089 4246 1248 4311; x_wconf 68' lang='lat' dir='ltr'><strong>Stephanus</strong></span> 
     </span>
     <span class='ocr_line' id='line_1_41' title="bbox 117 4323 1248 4390; baseline 0.002 -18"><span class='ocrx_word' id='word_1_365' title='bbox 117 4328 144 4373; x_wconf 85' lang='lat' dir='ltr'><strong>ct</strong></span> <span class='ocrx_word' id='word_1_366' title='bbox 156 4326 216 4373; x_wconf 79' lang='grc' dir='ltr'>ιὶιιι·</span> <span class='ocrx_word' id='word_1_367' title='bbox 228 4327 407 4375; x_wconf 74' lang='lat' dir='ltr'><strong>annotatione</strong></span> <span class='ocrx_word' id='word_1_368' title='bbox 419 4338 446 4387; x_wconf 85' lang='lat' dir='ltr'><strong>u,</strong></span> <span class='ocrx_word' id='word_1_369' title='bbox 462 4323 547 4374; x_wconf 86' lang='lat' dir='ltr'><strong>uictor</strong></span> <span class='ocrx_word' id='word_1_370' title='bbox 560 4324 660 4374; x_wconf 75' lang='lat' dir='ltr'><strong>(laesor</strong></span> <span class='ocrx_word' id='word_1_371' title='bbox 672 4329 780 4375; x_wconf 76' lang='lat' dir='ltr'><strong>ceteros</strong></span> <span class='ocrx_word' id='word_1_372' title='bbox 793 4325 853 4377; x_wconf 82' lang='lat' dir='ltr'><strong>edd.</strong></span> <span class='ocrx_word' id='word_1_373' title='bbox 868 4329 933 4376; x_wconf 81' lang='lat' dir='ltr'><strong>onte</strong></span> <span class='ocrx_word' id='word_1_374' title='bbox 946 4341 973 4376; x_wconf 83' lang='lat' dir='ltr'><strong>s.</strong></span> <span class='ocrx_word' id='word_1_375' title='bbox 1101 4324 1248 4390; x_wconf 73' lang='lat' dir='ltr'><strong>complores</strong></span> 
     </span>
     <span class='ocr_line' id='line_1_42' title="bbox 119 4402 483 4470; baseline 0.005 -21"><span class='ocrx_word' id='word_1_376' title='bbox 119 4402 143 4450; x_wconf 90' lang='lat' dir='ltr'><strong>b.</strong></span> <span class='ocrx_word' id='word_1_377' title='bbox 251 4402 279 4452; x_wconf 81' lang='grc'><strong>31</strong></span> <span class='ocrx_word' id='word_1_378' title='bbox 296 4403 443 4470; x_wconf 82' lang='lat' dir='ltr'><strong>ronpulissr</strong></span> <span class='ocrx_word' id='word_1_379' title='bbox 457 4418 483 4451; x_wconf 87' lang='lat' dir='ltr'><strong>o.</strong></span> 
     </span>
    </p>
   </div>
   <div class='ocr_carea' id='block_1_4' title="bbox 0 0 1350 4688">
    <p class='ocr_par' dir='ltr' id='par_1_4' title="bbox 0 0 1350 4688">
     <span class='ocr_line' id='line_1_43' title="bbox 0 0 1350 4688; baseline 0 2"><span class='ocrx_word' id='word_1_380' title='bbox 0 0 1350 4688; x_wconf 95' lang='lat' dir='ltr'><strong> </strong></span> 
     </span>
    </p>
   </div>
  </div>
 </body>
</html>
