2692 4688
71 170 135 239 298
468 167 526 235 DE
548 164 695 235 BELLO
717 162 910 237 uanum

129 363 227 426 neque
247 352 367 406 nostros
390 342 421 405 iu
436 341 535 404 locum
549 340 727 424 iniquiorem
743 339 881 425 progredi
897 337 1046 423 pugnandi
1062 357 1152 403 causa
1167 338 1252 406 uidc-

129 454 218 522 runt‚
242 455 332 529 atque
346 446 427 529 ipsos
442 465 492 508 res
509 443 703 508 frumentaria
719 444 848 507 delicere
863 440 976 526 eoepit,
994 440 1123 504 concilio
1139 463 1253 507 conuo-

129 557 195 610 cato
212 549 433 611 constituerunt
447 547 587 631 optimum
605 566 673 609 esse
689 545 805 608 domum
822 566 904 609 suam
921 563 1067 627 quemque
1082 544 1199 609 reuerti
1208 556 1251 625 et,

129 670 254 733 quorum
270 648 301 711 in
317 651 391 712 lines
407 649 532 734 primum
548 648 677 712 Romani
694 647 860 711 exercitum
877 647 1128 725 introduxissent,
1146 646 1183 711 ad
1199 666 1253 713 eos

128 751 330 815 defendendos
345 751 474 833 undique
491 751 699 828 conuenirent,
718 762 749 813 ut
765 751 862 834 potius
878 751 908 813 in
924 751 986 813 suis
1002 771 1088 832 quam
1103 748 1252 815 inalieuis
1273 763 1289 815 t

128 855 234 917 linibus
251 856 442 918 decertarent
457 862 488 917 et
502 853 673 917 domesticis
690 854 784 936 copiis
794 853 838 916 rei
855 853 1068 915 frumentariae
1080 862 1252 919 uterentur.

93 954 113 1020 5
129 954 178 1021 Ad
194 977 259 1019 cam
274 956 453 1019 sententiam
470 977 533 1018 cum
550 955 673 1037 reliquis
689 954 790 1017 causis
814 954 887 1018 haec
909 974 1025 1037 quoque
1040 954 1118 1018 ratio
1133 974 1186 1019 eos
1202 956 1255 1021 tle·

129 1059 226 1137 duxit,
244 1060 320 1141 quod
328 1056 509 1121 Diuitiacum
523 1066 613 1139 atque
629 1056 771 1121 Haeduos
787 1056 894 1120 linibus
903 1054 1131 1120 Bellouacorum
1145 1057 1256 1141 adpro-

129 1160 272 1245 pinquare
288 1170 503 1244 cognouerant.
529 1158 585 1222 llis
602 1158 787 1242 persuaderi,
806 1170 838 1222 ut
853 1159 964 1221 diutius
988 1170 1179 1224 morarentur
1200 1180 1256 1224 ne·

74 1262 113 1333 ll
129 1284 186 1347 que
200 1264 263 1326 suis
279 1263 423 1325 auxilium
441 1265 572 1338 terrent,
596 1283 656 1324 uon
672 1271 800 1345 poterat.
832 1259 879 1323 Eu
894 1281 928 1324 re
944 1262 1107 1325 constituta
1122 1263 1257 1329 secunde
1280 1275 1314 1329 to

129 1365 234 1448 uigilia
252 1384 359 1446 magno
375 1387 441 1428 cum
454 1361 583 1447 'strepitu
598 1386 633 1426 ao
650 1365 778 1427 tumultu
800 1365 909 1428 castris
933 1364 1048 1449 egressi
1071 1364 1152 1428 nullo
1168 1376 1254 1431 certo

129 1467 234 1531 ordine
250 1484 346 1547 nequo
362 1466 499 1548 imperio,
516 1488 583 1528 cum
600 1465 657 1528 sibi
674 1467 797 1550 quisque
814 1469 939 1550 primurn
954 1466 1072 1531 itineris
1088 1466 1187 1531 locum
1201 1488 1255 1552 pe·

129 1579 210 1632 teret
225 1578 256 1630 et
271 1568 389 1631 domum
405 1568 564 1649 peruenire
580 1579 775 1652 properaret,
799 1570 953 1647 lecerunt,
979 1580 1012 1632 ut
1027 1569 1192 1635 consimilis
1206 1570 1253 1635 iu·

93 1669 187 1754 2gae
209 1670 354 1754 protectio
377 1668 541 1733 uideretur.
572 1670 639 1735 Hac
660 1693 693 1735 rc
716 1671 816 1735 statim
833 1666 950 1733 Caesar
970 1692 1023 1754 per
1045 1671 1254 1756 speculatores

129 1771 250 1857 cognita
264 1771 390 1835 insidias
406 1771 540 1847 ueritus,
557 1774 654 1855 quod,
672 1794 729 1855 qua
744 1775 780 1835 de
792 1793 883 1835 eausa
899 1774 1106 1851 discederent,
1123 1774 1256 1841 noudum
1279 1786 1314 1841 tt

94 1871 115 1938 3
130 1885 341 1960 perspexerat,
359 1874 527 1937 exercitum
543 1876 763 1958 equitatumque
779 1876 886 1938 castris
895 1875 1051 1939 continuit.
1075 1872 1256 1943 Primalnoe

130 1980 305 2041 coulirmata
320 1998 354 2040 re
368 1977 405 2041 ab
422 1977 662 2060 exploratoribus
678 1997 794 2040 omnem
805 1977 980 2059 equitatum,
997 1977 1045 2060 qui
1056 1978 1255 2045 nouissimum

129 2100 237 2165 agmen
259 2090 446 2157 moraretur,
471 2081 639 2164 praemisit.
677 2078 734 2143 llis
758 2076 904 2161 Quintum
925 2077 1051 2144 Pedium
1072 2092 1104 2144 ct
1124 2079 1255 2147 Lucium

129 2181 367 2246 Aurunculeium
381 2179 502 2246 Cottam
518 2184 634 2266 legatos
649 2183 805 2266 pracfecit.
829 2181 931 2246 Titum
940 2179 1107 2247 Labienum
1123 2184 1256 2269 legatum

93 2284 196 2349 lcum
217 2285 386 2369 legionibus
410 2285 503 2348 tribus
527 2284 667 2368 subsequi
690 2285 789 2348 iussit.
837 2283 877 2349 lli
902 2285 1082 2351 nouissimos
1104 2286 1203 2351 adorti
1224 2297 1258 2353 et
1277 2298 1314 2356 20

128 2390 223 2453 multa
237 2389 328 2452 'milia
352 2409 491 2470 passuum
515 2388 665 2470 prosecuti
688 2408 825 2471 maguam
847 2388 1067 2452 multitudinem
1088 2391 1256 2455 conomiu-

130 2491 275 2573 gientium
291 2490 504 2565 conciderunt,
532 2510 599 2551 cum
614 2488 650 2550 ab
668 2500 805 2553 extremo
822 2491 960 2573 agmine,
987 2492 1025 2555 ad
1041 2512 1116 2575 quos
1132 2503 1256 2557 uentum

129 2600 208 2669 erat,
226 2591 428 2653 consisterent
443 2591 618 2673 fortiterque
638 2592 779 2674 impeturn
794 2604 965 2656 nostrorum
981 2593 1106 2658 militum
1119 2593 1255 2658 sustine-

95 2690 209 2770 beent,
228 2692 356 2777 priores,
375 2693 452 2775 quod
468 2695 577 2758 abesse
592 2716 611 2759 a
626 2695 758 2777 periculo
776 2696 951 2759 uiderentur
967 2716 1062 2779 neque
1078 2696 1255 2762 ulleueces-

130 2796 219 2863 sitate
235 2818 331 2881 nequo
346 2797 471 2881 imperio
487 2798 733 2872 continerentur,
756 2799 897 2861 exaudito
922 2798 1050 2863 elamore
1073 2797 1257 2882 perturbatis
1277 2808 1313 2866 ιι

94 2897 285 2965 bordinibus
308 2921 412 2963 omues
435 2901 465 2962 in
489 2902 556 2984 suga
581 2899 638 2962 sibi
662 2901 843 2983 praesidium
861 2912 1018 2984 ponerent.
1049 2897 1097 2964 Ita
1112 2901 1178 2965 sine
1193 2900 1255 2965 ullo

130 3005 263 3087 periculo
279 3014 393 3068 tanum
409 3022 514 3066 eorum
529 3003 746 3067 multitudinem
756 3005 851 3067 nostri
864 3005 1094 3081 interfecerunt,
1113 3015 1256 3089 quantum

129 3105 186 3169 fuit
200 3106 258 3170 diei
275 3107 416 3191 spatium,
435 3104 490 3169 sub
506 3126 705 3188 occasumque
721 3105 983 3169 solisdestiterunt
994 3126 1086 3188 seque
1097 3106 1254 3185 incastus,

75 3206 116 3279 12
130 3218 164 3272 ut
185 3219 251 3273 erat
270 3209 467 3294 imperatum,
486 3220 677 3293 receperunt.
700 3205 852 3273 Postridie
870 3208 1000 3273 eiusdiei
1012 3206 1141 3289 Caesar,
1158 3206 1257 3295 prios-

240 3475 332 3541 2ipria
346 3476 370 3528 b.
494 3475 605 3528 concilio
617 3478 677 3543 Es,
692 3478 801 3529 oonsilio
813 3477 870 3529 Aa
880 3477 943 3529 01).
1083 3468 1141 3530 3ὀί
1152 3478 1256 3533 voute

131 3554 366 3620 circumscriptum
386 3559 427 3605 eet
443 3556 472 3604 r'n
489 3554 529 3618 B,
551 3557 616 3605 item
636 3556 701 3605 but.
853 3552 1052 3621 blliuitiucum]
1069 3570 1172 3621 quoque
1190 3555 1256 3607 adei.

133 3627 206 3679 ‘etan
220 3628 243 3680 7¹
256 3634 284 3679 et
295 3646 331 3680 ιιι.
345 3645 399 3682 oce.
413 3634 465 3680 int.
480 3646 553 3680 uere.
568 3631 600 3681 B.
730 3629 928 3693 Bellouegorum
944 3629 1044 3681 ento
1060 3636 1089 3681 et
1100 3647 1137 3682 m.
1150 3647 1207 3683 ree.
1218 3632 1255 3684 B.

246 3708 453 3775 adpropinquare
471 3710 530 3773 As.
679 3709 709 3760 1⁰
731 3708 799 3760 terre
819 3710 864 3759 bc.
1005 3709 1034 3760 ll
1049 3724 1080 3760 uc
1094 3710 1209 3761 tunultu
1224 3713 1255 3761 in

131 3798 220 3848 euurq.
236 3786 261 3835 b.
368 3787 399 3838 ll
412 3801 443 3836 ee
457 3801 484 3835 re
497 3801 533 3836 m.
544 3801 590 3851 pr.
604 3787 637 3837 B.
746 3786 776 3837 li
790 3785 856 3851 quod
870 3800 923 3834 om.
940 3786 972 3835 C.
1085 3786 1258 3839 discederunt

131 3877 167 3912 ιιι.
179 3879 225 3926 ρι’.
238 3866 272 3913 Β.
397 3865 427 3916 tr
441 3866 556 3930 equiturn
568 3866 604 3917 A.
728 3865 761 3917 18
774 3870 938 3914 morarentur
950 3878 986 3912 ιιι.
998 3879 1043 3929 pr.
1058 3866 1081 3914 b.
1213 3864 1257 3919 tt·

131 3942 158 3993 A
165 3941 290 4005 ΒΜ),
308 3941 383 4007 eique
396 3944 475 4008 eset
486 3959 523 3992 m.
536 3959 588 3993 ceo.
601 3945 635 3992 B.
756 3942 878 4008 Quintum
891 3944 932 4004 B,
947 3939 978 4005 Q.
993 3956 1021 3992 u.
1145 3941 1256 3995 Lucina

132 4016 171 4081 B,
186 4015 216 4066 L.
231 4032 258 4065 ιι.
366 4019 397 4069 to
411 4017 498 4067 Titum
511 4020 551 4082 B,
566 4017 597 4068 Τ.
613 4035 640 4068 ιι.
757 4018 1002 4073 20tribusom.1).
1124 4019 1216 4071 udoni
1228 4021 1255 4071 b.

241 4092 440 4157 tranquaut.
544 4102 649 4146 uentum
662 4094 749 4145 luerat
761 4095 787 4145 b.
891 4094 927 4149 24
939 4109 954 4144 a
966 4109 1020 4144 om.
1035 4094 1060 4145 b.
1167 4097 1201 4151 26
1210 4112 1257 4166 po·

135 4170 239 4238 neunt]
252 4173 456 4237 posueruutDE
465 4174 479 4223 b
486 4209 495 4236 ,
509 4182 642 4224 sumerent
653 4192 676 4223 e.
798 4175 833 4230 28
845 4175 893 4225 sub
906 4188 1002 4224 occasu
1016 4173 1081 4226 solis
1095 4175 1146 4242 bs.

136 4256 200 4303 aare
212 4249 370 4304 destiterunt
383 4250 447 4301 add.
462 4252 536 4317 ecqui
550 4254 622 4319 eset
634 4268 670 4303 m.
683 4269 735 4304 rer.
749 4255 783 4306 B.
887 4254 921 4309 29
933 4261 993 4319 post
1006 4252 1084 4304 tridio
1095 4255 1132 4306 1).
