2692 4688
61 150 126 220 ooo
494 139 551 206 1111
573 134 719 207 RELLO
742 135 875 208 elvini

85 323 106 385 4
121 341 176 406 per
197 319 303 383 borum
319 335 445 400 corpora
461 313 587 376 salutem
603 311 661 374 sibi
675 321 763 394 atquc
779 313 893 378 exitum
909 311 1076 395 pariebant.
1109 310 1246 380 Sinistro

122 443 217 486 cornu
234 420 364 496 milites,
382 438 447 482 oum
464 435 504 479 ex
519 415 597 478 uallo
613 411 786 497 Pompeium
803 414 909 479 adesse
925 425 956 479 et
970 436 1041 478 suos
1058 416 1164 498 lugere
1179 437 1248 482 eer-

123 533 251 600 nerent,
278 520 387 598 neriti,
405 540 443 582 ne
458 518 605 601 angustiis
621 517 913 596 intercluderentur,
932 539 996 582 cum
1014 530 1102 581 extra
1118 530 1149 583 et
1164 520 1247 584 intus

124 627 239 690 bostem
257 622 419 696 baberent,
437 622 559 699 eodem,
577 641 634 702 quo
651 629 809 697 uenerunt,
826 631 948 704 receptu
963 619 1020 683 sibi
1035 622 1246 702 consulebant,

124 727 282 807 omniaque
297 734 385 788 erant
399 723 553 801 tumultus,
572 722 701 800 timoris,
718 724 804 804 fugae
820 723 919 805 plena,
937 724 1012 786 adeo
1028 732 1072 800 ut,
1087 747 1155 788 cum
1165 722 1246 790 Cae·
1267 738 1283 789 s

126 851 178 895 sar
199 828 286 912 signa
311 826 486 909 fugientium
508 846 598 888 manu
620 824 779 907 prenderet
800 836 831 889 et
846 825 1016 890 consistere
1032 827 1171 905 iuberet,
1197 828 1249 894 alii

128 930 274 1016 [dimissis
290 928 388 1012 equis]
405 928 531 992 eundem
548 947 666 993 cursum
683 926 918 1012 coniungerent,
935 928 987 991 alii
1003 950 1042 992 ex
1059 941 1140 993 metu
1156 931 1248 994 etiam

69 1035 114 1106 70
126 1034 214 1117 signa
230 1032 424 1107 dimitterent,
442 1049 537 1112 neque
553 1029 705 1112 quisquam
721 1029 843 1093 omnino
858 1030 1053 1095 consisteret.
1080 1030 1137 1095 llis
1154 1032 1248 1096 tantis

126 1136 212 1200 malis
229 1135 302 1197 baec
317 1131 447 1197 subsidia
464 1129 689 1208 succurrebant,
701 1152 759 1213 quo
775 1132 873 1197 mium
888 1135 984 1197 omnis
997 1134 1147 1198 deleretur
1157 1154 1250 1199 exer-

127 1240 222 1312 citus,
247 1235 325 1319 quod
340 1232 500 1319 Pompeius
515 1233 639 1297 insidias
656 1233 783 1312 timeus,
807 1236 917 1313 eredo,
943 1236 1020 1319 quod
1037 1237 1110 1300 baec
1126 1248 1249 1322 praeter
1271 1247 1302 1301 td

127 1362 210 1426 spem
226 1338 397 1403 acciderant
412 1337 488 1410 eius,
498 1335 547 1418 qni
562 1334 649 1420 paulo
665 1345 735 1400 ante
750 1356 791 1399 ex
806 1338 916 1401 castris
932 1340 1080 1422 lugiemes
1093 1359 1165 1403 suos
1175 1360 1249 1402 eon·

126 1452 288 1526 spexorat,
320 1437 534 1502 munitionibus
555 1437 794 1522 adpropinquare
818 1440 997 1522 aliquamdiu
1020 1462 1080 1505 non
1103 1441 1244 1517 audebat,

126 1545 300 1627 equitesque
323 1542 387 1605 eius
410 1539 558 1622 angustiis
575 1540 699 1625 [portis]
715 1550 806 1625 atque
827 1541 872 1604 bis
892 1541 930 1605 ab
946 1538 1088 1607 Caesaris
1104 1542 1248 1607 militibus

90 1644 279 1728 2occnpatis
296 1643 330 1707 ud
346 1642 560 1725 insequendum
577 1642 780 1707 tardabantur.
804 1639 851 1705 Ita
866 1664 976 1726 paruae
991 1664 1039 1707 res
1056 1665 1195 1726 magnum
1211 1644 1247 1706 in

128 1758 281 1830 utramque
297 1757 410 1831 partem
426 1754 606 1808 mouentum
621 1745 800 1811 babuerunt..
822 1744 1005 1815 Munitiones
1016 1746 1097 1810 euim
1107 1766 1125 1808 a
1135 1744 1247 1809 castris
1274 1756 1304 1809 is

128 1850 166 1913 ad
188 1850 296 1913 dumen
320 1848 478 1931 perductae
495 1847 674 1931 expugnatis
690 1848 749 1912 iam
765 1849 875 1913 castris
888 1845 1011 1933 Pompei
1025 1850 1172 1933 propriam
1189 1868 1247 1911 ers·

128 1953 313 2036 peditumque
330 1945 471 2018 Caesaris
487 1949 643 2014 uictoriam
658 1951 937 2035 interpellauerunt,
955 1951 1058 2016 eadem
1073 1972 1123 2015 res
1138 1952 1246 2018 celeri·

70 2054 110 2124 71
129 2064 189 2120 tute
204 2052 423 2136 insequentium
440 2054 555 2118 tardata
567 2053 678 2117 nostris
691 2054 817 2118 salutem
829 2055 940 2119 attulit.
965 2051 1090 2120 Duobus
1102 2054 1148 2118 bis
1161 2056 1248 2121 unius

129 2155 187 2221 diei
210 2154 330 2239 proeliis
346 2150 462 2223 Caesar
484 2155 668 2222 desiderauit
688 2154 797 2220 milites
819 2167 976 2224 nocccdx
997 2167 1029 2222 et
1049 2159 1169 2243 equites

127 2255 307 2332 Tuticanum
323 2257 461 2337 Gallum,
484 2257 633 2324 senatoris
654 2257 766 2337 lilium,
792 2270 882 2324 notos
904 2262 1020 2343 equites
1035 2257 1189 2324 Romanos
1204 2256 1245 2324 C.
1269 2271 1304 2325 κ

128 2359 315 2446 Fleginutem
338 2360 512 2439 Placentia,
536 2360 577 2424 Α.
603 2358 752 2425 Granium
774 2357 932 2441 Puteolis,
955 2358 1002 2425 Μ.
1028 2359 1247 2428 Sacratiuirum

93 2463 116 2529 2
131 2460 247 2547 Capua,
267 2464 401 2528 tribunos
418 2464 541 2529 militum
558 2474 589 2527 et
604 2464 795 2532 centuriones
813 2475 916 2528 xxxii
926 2490 934 2544 ς
953 2466 1006 2533 sed
1027 2464 1131 2528 borum
1151 2465 1246 2528 omni·

129 2589 177 2635 uui
201 2586 269 2650 pars
300 2586 407 2650 magna
437 2566 467 2628 in
490 2567 580 2631 fossis
603 2565 875 2650 munitionibusque
897 2579 928 2633 et
949 2568 1077 2631 fluminis
1100 2567 1171 2650 ripis
1194 2588 1245 2650 op·

130 2689 234 2752 pressa
248 2690 371 2734 suorum
386 2671 417 2733 in
433 2679 550 2733 terrore
565 2691 601 2734 ac
618 2671 688 2752 fuga
699 2670 766 2733 sine
778 2670 838 2733 ullo
851 2669 974 2736 sunere
986 2669 1119 2733 interiit:
1145 2671 1247 2754 signa·

94 2769 113 2836 3
130 2793 187 2865 quc
211 2783 281 2836 suut
303 2773 442 2838 militaria
458 2772 567 2835 amissa
582 2781 695 2836 xxxid.
728 2769 886 2855 Pompeius
904 2792 941 2834 eo
956 2770 1068 2854 proelio
1084 2771 1247 2854 imperator
1267 2782 1303 2837 2⁵

130 2888 175 2941 est
198 2876 372 2969 appellatos.
406 2875 470 2944 lloc
491 2895 599 2944 nonen
622 2874 749 2960 optinuit
771 2884 860 2959 atque
882 2873 923 2937 its
945 2892 978 2935 se
1000 2882 1105 2956 postea
1119 2873 1246 2937 salutari

234 3136 250 3185 3
265 3145 339 3187 ostra
353 3137 423 3187 intus
436 3152 463 3187 a.
584 3137 600 3187 1
614 3141 721 3200 receptu
733 3133 762 3186 V
759 3147 913 3196 massanus,
929 3132 1043 3199 receptui
1057 3130 1132 3182 codd.
1147 3129 1178 3181 P.
1196 3130 1246 3182 179

126 3216 200 3261 emir.
307 3216 321 3263 5
335 3213 437 3278 plenum
452 3229 478 3263 α.
583 3213 598 3262 b
613 3213 754 3278 prenderet
766 3211 814 3273 ab,
830 3210 1005 3276 prehenderet
1019 3226 1046 3258 ιι.
1165 3208 1178 3259 7
1197 3205 1248 3271 [di-

126 3286 307 3353 missisequis]
318 3289 347 3337 Ρ,
360 3290 418 3340 180.
558 3289 747 3352 coniungerent
759 3305 823 3353 ego,
843 3287 1014 3352 confugerent
1026 3287 1067 3338 ab
1080 3286 1137 3337 cod.
1153 3286 1216 3338 Vrs.
1232 3288 1248 3338 5

126 3364 214 3426 doum
234 3365 432 3414 conficerentur.
538 3366 722 3415 stismom.b.
827 3366 1042 3416 iiconsisterss.
1156 3365 1187 3415 12
1201 3365 1248 3414 ad·

127 3442 301 3507 propinqusro
313 3454 340 3489 a.
439 3442 590 3507 aliquandiu
603 3439 653 3506 (a).
745 3441 775 3491 13
788 3442 904 3505 augustis
918 3441 999 3507 portis
1012 3449 1091 3508 utque
1105 3443 1144 3492 his
1157 3441 1198 3505 (o)
1207 3442 1250 3493 td

126 3519 222 3571 caess.
230 3556 238 3582 ,
261 3517 389 3582 anqustiis
402 3521 535 3586 portisque
547 3519 635 3571 Aldus
647 3535 676 3569 ιι.
699 3519 730 3570 P.
747 3519 811 3583 1813
830 3520 878 3569 ubi
888 3532 941 3569 non
954 3521 1054 3570 metet
1067 3518 1134 3569 dett.
1154 3523 1246 3584 posui.

234 3597 267 3647 sd
280 3613 306 3661 a,
322 3613 336 3648 a
350 3598 410 3650 edd.
552 3601 582 3651 15
596 3606 706 3668 utruque
720 3605 794 3665 purte
807 3599 831 3647 b.
968 3595 1000 3647 tc
1012 3595 1114 3662 Pompei
1128 3612 1154 3648 ιι.

125 3675 323 3744 expeditumque
335 3691 352 3726 ιι
362 3677 407 3739 bc,
422 3683 449 3727 et
463 3675 609 3742 expeditam
622 3691 650 3724 ιι.
759 3675 791 3726 ts
804 3674 905 3726 Caesar
916 3673 1013 3736 Aldus,
1032 3672 1155 3723 Caesaris
1169 3675 1246 3726 codd.

234 3761 262 3806 et
273 3755 376 3821 equites
392 3788 416 3803 ..
430 3789 437 3805 .
452 3751 607 3804 Tuticanum
622 3750 735 3814 Gallum,
749 3753 879 3802 senatoris
894 3751 982 3811 filium,
996 3755 1069 3800 notos
1083 3751 1186 3814 equites
1200 3751 1249 3803 llo·

69 3895 72 3900 .
126 3843 214 3883 munos
227 3847 277 3897 ego
285 3851 295 3894 ,·
308 3840 335 3881 et
348 3837 422 3881 notos
435 3829 537 3893 equites
552 3827 583 3878 lt.
600 3826 759 3891 Felginatem
769 3826 923 3878 Tuticanum
935 3827 1047 3890 Gallum,
1061 3828 1250 3879 senatorisdii-

127 3920 168 3955 um
182 3923 198 3956 u
212 3923 272 3957 oum
285 3909 406 3970 optimis,
420 3905 469 3955 ssd
480 3903 637 3968 Fleqmoienu
650 3920 676 3967 ιι,
692 3903 851 3967 Fleqiastem
866 3906 890 3955 b.
904 3905 936 3955 P.
954 3905 1011 3956 lbb.
1115 3904 1146 3957 21
1163 3902 1248 3967 Fregi-

126 3990 210 4034 ustsm
225 3985 248 4046 b,
264 3983 421 4033 Fteomstess
434 3997 468 4042 a,-
484 3981 646 4045 Felginatem
659 3999 686 4034 ιι.
838 3985 870 4036 21
885 3984 910 4033 in
925 3991 1027 4034 terrore
1040 3984 1087 4048 ab,
1104 3990 1204 4034 terrore
1217 3997 1245 4031 ιι.

233 4062 325 4112 interit
339 4075 365 4109 ιι.
483 4059 517 4111 25
530 4061 626 4111 amissa
639 4076 712 4112 xssn
725 4076 752 4124 a,
767 4076 839 4111 sssn
852 4062 948 4112 amissa
960 4061 1021 4112 edd.
1137 4060 1170 4114 21
1183 4058 1248 4125 opti-

126 4139 182 4192 nuit
195 4156 221 4191 ιι.
328 4141 430 4206 posteat
442 4144 499 4204 post
511 4138 611 4189 modum
626 4143 650 4190 d.
757 4140 860 4191 salutar
872 4155 899 4189 a.
