2684 4694
508 189 829 259 -179—

112 362 248 433 turbauit
262 372 305 441 ot,
322 382 388 427 cnm
404 381 438 427 se
453 361 504 427 illn
519 362 551 425 in
565 361 692 427 interius
707 361 863 427 castollum
878 363 1051 448 recepisset,
1063 383 1100 429 eo
1116 384 1231 451 quoque

109 466 221 551 irrupit
234 468 278 546 (c.
295 461 365 545 67).
389 458 450 529 Sed
468 462 608 529 dextrum
624 461 767 530 Caesaris
781 484 876 530 corum
891 465 928 531 ad
943 466 1136 533 munitionem
1151 466 1232 533 illam

109 569 151 637 ad
163 568 273 633 lla-en
287 567 486 653 pertinente·
502 566 641 653 peruenit
655 586 798 651 esuque,
821 575 1016 653 campartem
1032 568 1104 635 uadi
1117 580 1233 634 castro·

109 692 178 739 ran
193 669 395 749 existimaret,
413 671 499 752 sequi
514 669 626 755 coepit,
636 677 670 734 nt
684 689 738 754 per
752 679 868 755 portam
883 668 1031 749 intraret3
1047 669 1155 736 deinde
1168 670 1234 737 ani·

110 774 270 843 muoso
290 792 396 837 errore
411 772 545 854 prorutis
559 771 773 837 munitionibus
787 772 966 838 defendente
982 771 1063 837 nullo
1078 781 1233 839 6666666·

108 875 166 951 dit‚
180 876 389 959 equitatusque
399 869 543 939 Caesaris
557 895 609 939 eas
625 873 764 939 cobortes
779 885 902 939 secutus
918 875 1016 953 est(c.
1026 870 1094 956 68).
1117 873 1233 941 Verum

110 977 275 1043 interimre
286 973 589 1061 nuntiataPompeius
599 975 1009 1061 quinquelcgionessubsidio
1020 974 1084 1040 suis
1094 975 1231 1041 adduxit.

108 1077 191 1147 Nam
206 1100 234 1143 c.
250 1076 312 1158 69,
331 1077 370 1157 1,
388 1100 455 1142 cum
478 1078 510 1143 in
525 1078 645 1163 optimis
661 1079 748 1143 codd.
764 1079 884 1164 legatur
898 1078 942 1148 ‘V
956 1078 1076 1162 legione
1090 1077 1127 1142 ab
1142 1099 1233 1162 opere
1283 1159 1288 1170 ῃ

109 1181 238 1247 deducta
249 1180 382 1245 subsidio
397 1180 461 1244 suis
475 1181 583 1261 dosit’,
596 1202 657 1245 non
668 1179 710 1247 ‘V
724 1181 1112 1265 legionem-deductam,
1122 1191 1156 1245 ut
1170 1181 1232 1247 edi-

109 1293 172 1363 tur,
181 1283 236 1347 sed
252 1280 293 1349 ‘V
304 1282 441 1366 legiones
451 1318 489 1330 -
499 1283 650 1348 deductas'
659 1283 849 1347 scribendum
864 1304 933 1348 esso
949 1295 1061 1348 certum
1077 1294 1135 1348 est.
1154 1278 1233 1349 Cac-

109 1406 164 1451 sar
178 1384 270 1464 enirn,
287 1406 354 1448 cum
369 1384 495 1469 amplius
511 1395 574 1449 tres
588 1383 725 1467 legiones
741 1385 899 1451 eduxisset
913 1390 955 1468 (c.
970 1383 1024 1464 67,
1042 1382 1233 1466 3)‚.e.72‚2

108 1486 290 1573 paucitatem
312 1486 437 1551 militum
458 1508 580 1551 suorum
596 1496 827 1566 commemoratq
851 1487 882 1551 id
897 1487 973 1571 quod
987 1486 1088 1570 inepte
1103 1487 1229 1567 laceret,

109 1588 137 1654 si
152 1587 264 1653 duabus
275 1586 467 1672 Pompeianis
483 1587 651 1672 legionibus
667 1589 866 1654 resistendum
883 1589 1001 1653 luisset.
1024 1584 1233 1654 Deindellro-

109 1689 174 1755 aius
188 1687 252 1771 vl,
271 1689 311 1755 15
326 1688 500 1776 Pompeium
523 1691 662 1755 omnibus
682 1691 776 1776 copiis
798 1711 960 1776 oppressae
982 1690 1094 1776 legioni
1109 1711 1231 1755 succur-

108 1792 189 1859 risse
207 1793 324 1859 scribit.
355 1791 420 1857 Eae
441 1804 542 1859 autem
565 1813 669 1858 omncs
684 1794 807 1879 copiae,
832 1815 898 1857 cnm
913 1788 1075 1877 Pompeius
1091 1814 1159 1857 eum
1174 1813 1234 1857 sex

107 1894 280 1980 legionibus
294 1895 446 1977 erupisset
461 1904 501 1970 (e.
518 1892 578 1973 62,
594 1894 630 1976 2)
646 1904 679 1958 et
691 1917 781 1959 unam
803 1894 951 1979 legionem
966 1895 998 1959 in
1013 1904 1117 1959 uetera
1132 1906 1233 1959 castra

106 1997 277 2065 remisisset
294 1999 337 2076 (c.
352 1991 413 2072 66,
431 1993 483 2076 1),
504 1995 589 2078 ipsae
609 1995 737 2079 quinqua
751 1995 888 2081 legiones
903 2006 1001 2061 erant.
1025 1993 1128 2084 ltaque
1141 1994 1231 2062 Pom·

106 2098 180 2188 peio
194 2118 259 2162 cum
275 2093 445 2178 legionibus
459 2096 726 2179 appropinquante,
738 2116 806 2161 com
821 2096 926 2161 eodem
936 2105 1069 2183 tempore
1079 2099 1231 2185 equitatus

107 2200 177 2268 eins
196 2200 234 2267 ad
251 2193 396 2264 Caesaris
417 2196 536 2281 equites
549 2195 726 2276 accederat,
750 2196 829 2283 legio
843 2193 1028 2283 Pompeiana
1042 2199 1073 2264 in
1088 2202 1231 2267 castrias

109 2298 246 2369 Caesare
266 2318 412 2385 oppressa
431 2306 464 2362 et
484 2296 544 2363 ianr
560 2297 596 2362 66
612 2297 805 2364 decumanam
819 2310 937 2386 portam
950 2299 1083 2382 edecta,
1107 2301 1186 2366 ultro
1200 2303 1232 2367 in

109 2399 314 2471 Caesarianos
329 2401 469 2484 impetum
485 2398 567 2479 fecit,
581 2419 676 2485 eaque
691 2412 852 2470 66666666
865 2412 950 2483 sunt,
961 2402 997 2467 de
1013 2402 1119 2486 quibus
1135 2403 1232 2489 ipsum

109 2502 274 2573 Caesarem
289 2502 444 2568 audiamus
459 2523 488 2566 c.
505 2499 559 2583 69,
569 2503 603 2569 2.
630 2500 825 2587 ‘Equitatus',
842 2503 950 2591 inquit,
970 2501 1135 2586 ‘Caesarie
1153 2505 1233 2590 quod

111 2619 238 2694 augusto
253 2607 364 2673 itincre
379 2624 432 2689 per
444 2625 570 2689 aggeres
581 2605 777 2687 ascendebat,
786 2607 919 2692 receptui
929 2628 986 2673 suo
996 2609 1103 2674 timens
1112 2609 1231 2675 initium

111 2711 198 2795 togae
215 2709 354 2775 iaciebat.
378 2704 528 2772 Dextrum
543 2728 649 2784 corun,
660 2708 737 2793 quod
752 2720 819 2775 erat
833 2711 987 2775 asinistro
999 2710 1160 2788 seclusum,
1170 2723 1232 2777 ter-

110 2833 182 2878 rore
197 2812 328 2896 equitum
343 2809 569 2889 animaduerso,
587 2830 625 2875 ne
640 2810 720 2874 intra
735 2812 930 2877 munitionem
947 2811 1179 2895 opprimeretur,
1196 2832 1233 2875 ea

111 2925 216 3000 parte,
239 2936 326 2998 6666
343 2922 518 2996 prorueret,
535 2932 605 2977 sese
619 2912 792 2997 recipiebat,
810 2935 846 2979 ac
861 2914 994 2998 plerique
1011 2932 1051 2977 ex
1067 2910 1131 2990 bis,
1148 2930 1187 2975 66
1201 2910 1233 2975 in

110 3016 266 3105 angustias
280 3017 458 3094 inciderent,
476 3035 517 3079 ex
531 3009 566 3075 X
578 3012 684 3098 pedum
699 3015 864 3079 munitione
879 3015 960 3080 sein
975 3015 1072 3078 fossas
1088 3013 1233 3099 praecipi-

111 3118 226 3185 tabaut’
241 3130 315 3185 cett.
347 3115 394 3183 lta
409 3117 488 3183 enim
505 3116 579 3180 boec
593 3115 776 3181 emendanda
792 3126 889 3181 erant.
915 3113 1024 3179 Editur
1038 3114 1163 3199 primum
1181 3122 1235 3179 ‘ex

111 3231 219 3307 parte,
240 3243 299 3306 qna
314 3218 503 3305 proruebat':
522 3216 629 3300 quibus
643 3216 744 3282 uerbis
760 3218 831 3302 quid
847 3229 894 3283 est
908 3217 1049 3302 ineptius,
1068 3217 1108 3283 ibi
1123 3216 1233 3283 milites

112 3319 256 3389 Caesaris
271 3344 305 3388 se
320 3322 473 3406 recepisse
489 3318 566 3398 dici,
583 3318 634 3383 ubi
649 3321 842 3403 proruerint?
863 3318 972 3405 Neque
989 3341 1062 3385 uero
1078 3341 1119 3383 ex
1134 3331 1231 3405 parte,

111 3447 200 3511 66666
215 3435 386 3510 prorueret,
397 3444 492 3488 cornu
508 3442 542 3486 se
557 3419 732 3505 recipiebat,
744 3422 795 3486 sed
812 3442 852 3486 ex
868 3424 995 3488 circuitu
1010 3420 1184 3487 munitionis
1198 3441 1233 3486 66

109 3529 262 3614 recipiens
276 3549 313 3591 ea
327 3538 411 3612 parte
426 3526 634 3602 munitionum,
651 3545 738 3608 quam
754 3537 912 3609 prorueret
927 3529 969 3609 (6.
983 3522 1039 3604 68,
1049 3523 1096 3606 3),
1113 3523 1174 3589 iter
1188 3525 1232 3590 la-

109 3630 221 3697 ciebat.
244 3629 345 3714 Atqne
360 3637 409 3693 ‘ea
423 3627 517 3712 parte'
533 3628 590 3690 iarn
602 3624 748 3690 Dauisius
764 3628 911 3691 correxit.
934 3625 1008 3692 Non
1022 3627 1134 3693 rectius
1150 3628 1233 3692 dein·

112 3753 184 3818 ceps
207 3732 306 3798 editur
322 3727 368 3794 ‘X
383 3731 486 3814 pedum
512 3728 685 3793 munitionis
700 3748 735 3793 se
749 3727 781 3790 in
795 3728 894 3793 lassas
910 3728 1167 3815 praecipitabant'.
1191 3726 1234 3795 lli

112 3837 192 3901 enim
209 3835 318 3899 milites
333 3854 369 3898 ea
385 3834 471 3916 parte
485 3830 568 3910 ualli,
581 3840 658 3915 qus'e
674 3840 798 3915 proruta
813 3839 890 3909 erat,
900 3830 936 3895 ab
952 3830 1021 3895 aliis
1037 3843 1180 3919 occupata
1192 3853 1233 3899 ex

111 3937 233 4023 integra
248 3937 412 4001 munitione
427 3932 616 3997 desiliebant.
649 3929 737 4015 Quod
751 3932 779 3997 si
794 3932 861 4016 quis
875 3934 1015 4018 opinatur
1030 3955 1117 4015 enm,
1134 3934 1233 4019 quise

56 4112 59 4118 ,
111 4038 143 4105 ia
157 4039 256 4105 ossas
271 4037 305 4102 X
319 4039 424 4122 pedum
439 4033 613 4098 munitionis
630 4035 825 4119 praecipitare
841 4036 969 4118 dicetur,
977 4048 1083 4123 sponte
1096 4035 1232 4123 intellegi

114 4162 157 4207 ex
169 4141 334 4207 munitione
350 4139 414 4202 eius
429 4134 595 4201 altitudinis
612 4134 753 4217 desilire,
771 4158 868 4222 neque
885 4139 1059 4203 boemerum
1076 4149 1140 4218 est,
1166 4158 1233 4202 cuns

114 4243 230 4321 sublato
245 4242 410 4309 munitione
425 4241 524 4304 fossae
537 4236 667 4325 relinqui
675 4238 808 4325 possint,
819 4240 1075 4327 usquequisquam
1085 4239 1160 4304 satis
1171 4236 1236 4321 qni·

1027 4340 1093 4406 t‘t*
