2692 4688
82 196 148 263 6⁴8
473 184 603 252 BELLI
627 183 934 251 alexandum!
958 263 963 271 Ι

142 385 196 451 gas
219 363 362 436 baberet,
386 360 502 423 litteras
523 360 553 422 in
570 357 714 421 Achaiam
737 357 772 420 ad
789 354 828 438 Q.
847 353 995 420 Calenum
1019 357 1119 434 misit,
1145 359 1189 420 nti
1213 359 1269 423 sibi

106 467 269 533 actnsscm
292 464 434 526 mitteret.
467 457 554 542 Quod
577 482 642 524 cum
666 460 779 523 tardius
803 460 907 535 lieret,
932 480 1018 540 quam
1035 460 1199 543 periculum
1215 484 1270 524 no·

143 579 275 631 atrorum
300 565 471 647 flagitabat,
496 563 545 646 qui
569 562 718 625 sustinere
741 563 881 645 impetum
898 557 1008 626 Octaui
1032 585 1093 625 non
1117 574 1267 645 poterant,

143 669 270 733 nauibus
286 667 440 743 actuariis,
454 685 578 747 quarum
595 685 736 726 numerus
753 675 819 727 crat
833 664 907 728 satis
923 685 1050 746 maguus
1064 666 1269 749 magnitudine

106 771 319 854 dquamquam
343 789 402 830 nou
424 767 499 830 satis
515 767 593 830 iusta
610 768 646 830 ad
662 765 884 848 proeliandum,
909 776 1008 828 rostra
1025 766 1178 850 imposuit.
1212 767 1267 832 His
1286 781 1300 832 t

144 871 293 935 adiunctis
316 869 441 933 nauibus
463 869 562 951 longis
578 880 609 932 et
624 888 749 931 numero
763 866 870 932 classis
885 879 976 930 aucto
991 869 1133 932 militibus
1150 880 1269 933 uetera·

143 974 192 1037 nis
207 973 371 1056 impositis,
398 990 522 1053 quorum
538 991 674 1055 magnam
691 971 805 1053 copiam
823 969 952 1034 babebat
966 991 1006 1034 ex
1022 972 1160 1035 omnibus
1177 972 1269 1055 legio·

143 1075 242 1151 nibus,
255 1075 304 1156 qui
320 1093 445 1136 numero
461 1093 619 1155 aegrorum
636 1072 733 1136 relicti
749 1082 836 1134 crant
851 1069 1020 1149 Brundisii,
1031 1094 1096 1136 cum
1113 1075 1268 1137 exercitos

142 1178 174 1240 iu
191 1174 348 1240 Graeciam
372 1184 646 1258 transportaretur,
672 1178 820 1260 proiectus
837 1175 931 1238 estin
947 1173 1122 1260 lllyricum,
1143 1176 1268 1238 arentu-

143 1298 208 1341 mas
231 1278 388 1342 nonnullas
411 1277 567 1354 ciuitates,
592 1297 668 1359 qnae
688 1277 862 1339 deiecerant
877 1273 1064 1359 (letaniaque
1087 1296 1120 1340 se
1137 1277 1268 1340 tradide·
1290 1286 1316 1339 tt

144 1389 230 1456 rant,
254 1381 361 1463 partim
386 1379 568 1461 recipiebat,
592 1380 697 1462 partim
714 1390 907 1442 remanentes
921 1379 952 1440 iu
967 1398 1023 1441 suo
1038 1378 1164 1442 consilio
1179 1399 1267 1462 prae·

108 1478 128 1544 5
144 1482 355 1545 teruebebatnr
370 1502 425 1543 nee
441 1481 497 1544 sibi
513 1482 601 1544 ullius
615 1481 658 1544 rei
670 1502 782 1544 moram
796 1481 1062 1563 necessitatemque
1074 1481 1264 1563 iniungebat,

106 1579 129 1645 6
143 1582 214 1664 quin
229 1603 314 1664 quam
330 1583 485 1646 celerrime
501 1592 603 1667 posset
618 1583 712 1666 ipsum
730 1580 888 1648 Octauium
905 1592 1144 1664 persequeretur.
1172 1580 1264 1644 Hunc

144 1695 362 1768 oppugnantem
379 1683 560 1769 Epidaurum
582 1696 661 1748 terra
678 1687 830 1768 marique,
852 1685 900 1747 ubi
917 1693 1051 1746 nostrum
1066 1693 1133 1745 erat
1147 1685 1264 1765 praesi-

144 1785 244 1863 dium,
270 1788 400 1851 aduentu
421 1807 477 1850 suo
500 1787 652 1851 discedam
668 1789 704 1851 ab
721 1789 938 1873 oppugnatione
954 1786 1052 1871 coegit
1065 1785 1265 1868 praesidium·
1288 1796 1316 1848 te

86 1885 132 1956 45
144 1907 202 1970 que
216 1899 350 1953 nostrum
366 1890 490 1973 recepit.
528 1886 688 1968 Octauius,
706 1913 772 1954 cum
791 1890 943 1954 Vatinium
959 1888 1084 1952 classem
1101 1907 1209 1969 magua
1225 1907 1266 1951 ex

143 1999 226 2073 parte
243 1993 408 2055 conlectam
424 2013 465 2055 cx
481 1993 627 2056 nauiculis
642 1994 786 2056 actuariis
803 1992 913 2056 babere
929 1999 1109 2073 cognosset,
1134 1992 1266 2053 conlisus

106 2090 196 2155 2sua
220 2091 317 2156 classe
338 2094 469 2158 substitit
494 2096 530 2158 ad
554 2095 680 2159 insulam
697 2095 880 2173 Tauridem3
905 2115 963 2177 qna
984 2093 1108 2177 regione
1122 2089 1263 2157 Vatinius

142 2193 306 2277 insequens
327 2196 505 2282 nauigabat‚
530 2219 589 2261 non
605 2220 664 2281 quo
679 2194 837 2262 Octauium
853 2197 893 2260 ibi
909 2196 1061 2260 restitisse
1076 2195 1185 2270 sciret,
1208 2192 1263 2256 sed

107 2295 220 2380 bquod
243 2320 309 2362 eum
332 2299 449 2384 longius
473 2321 663 2385 progressum
686 2300 801 2382 insequi
824 2300 1012 2362 decreuerat.
1050 2294 1128 2360 Cum
1144 2294 1266 2380 propius
1286 2302 1316 2357 bt

141 2398 302 2463 Tauridem
327 2403 505 2465 accessisset
529 2403 671 2485 dispersis
694 2402 755 2464 suis
779 2402 924 2478 nauibus,
949 2400 1027 2483 quod
1050 2410 1081 2463 et
1103 2409 1264 2483 tempestas

143 2511 208 2563 erat
230 2501 401 2564 turbulenta
425 2513 455 2565 et
478 2504 557 2567 nulla
579 2505 710 2586 suspicio
726 2504 839 2577 bostis,
864 2513 988 2586 repente
1004 2502 1162 2565 aduersam
1179 2501 1215 2564 ad
1229 2519 1263 2564 ee

141 2602 311 2666 uenientem
332 2624 437 2667 nauem
454 2607 600 2671 antemnis
616 2609 652 2670 nd
669 2607 793 2670 medium
811 2606 918 2669 malum
935 2604 1071 2667 demissis
1087 2605 1264 2667 instructam

107 2703 128 2767 d
144 2707 411 2788 propugnatoribus
427 2709 649 2773 animaduertit.
682 2707 768 2790 Quod
786 2709 833 2772 ubi
850 2707 1020 2791 conspexit,
1038 2706 1180 2770 celeriter
1196 2706 1263 2768 uela

141 2807 264 2872 subduci
294 2809 463 2892 demittique
492 2821 646 2874 antemnas
676 2813 759 2874 iubet
782 2822 811 2873 et
833 2812 942 2873 milites
966 2809 1075 2872 armari
1097 2818 1129 2871 et
1150 2806 1264 2870 uexillo
1285 2816 1317 2866 ts

141 2911 269 2988 sublato,
288 2934 345 2994 quo
362 2913 510 2996 pugnandi
527 2913 616 2977 dabat
630 2914 759 2998 signum,
772 2935 847 2996 quae
862 2913 975 2996 primae
991 2930 1084 2974 naues
1096 2908 1262 2989 subseque-

105 3009 125 3073 5
140 3012 249 3076 bantur
271 3014 346 3078 idem
371 3027 401 3078 nt
418 3018 570 3093 lacerent,
594 3016 791 3102 significabat..
824 3014 977 3078 Parabant
992 3034 1025 3077 se
1040 3010 1195 3077 Vatiniaui
1210 3029 1260 3073 re·

140 3125 227 3197 pente
250 3120 405 3200 oppressi3
433 3120 527 3201 parati
550 3119 688 3202 deinceps
706 3117 866 3182 Octauiani
890 3138 929 3181 ex
945 3127 1032 3199 portu
1048 3111 1261 3199 procedebant.

141 3213 305 3280 instruitur
319 3221 466 3300 utrimque
481 3222 581 3298 acies,
607 3223 712 3284 ordine
728 3222 869 3303 disposita
887 3220 980 3302 magis
997 3216 1186 3290 Octauiana,
1211 3235 1263 3298 pa·

81 3317 233 3387 dllratior
255 3320 378 3382 militum
402 3323 509 3384 animis
526 3322 699 3386 Vatiniana.
732 3320 894 3399 Vatinius,
920 3344 986 3384 cunr
1009 3321 1139 3385 animum
1155 3318 1263 3381 aduer-
1285 3325 1315 3378 tt

137 3432 216 3484 teret
245 3443 340 3504 neque
363 3424 481 3486 nauium
505 3446 539 3488 se
560 3427 763 3508 magnitudine
789 3446 883 3508 neque
908 3445 1031 3487 ricimero
1055 3442 1157 3507 parem
1179 3440 1260 3498 esse,

247 3611 300 3662 lad
314 3610 344 3676 Q.
360 3610 482 3664 Calenum
498 3616 521 3664 ln
534 3616 653 3665 Achaiam
669 3617 682 3664 b
697 3613 834 3676 (llalenum
849 3619 943 3663 eontm
957 3612 1033 3661 codd.
1049 3614 1086 3674 a).
1193 3611 1262 3675 2pe-

135 3689 411 3742 rieulianteeorr.a.
524 3693 685 3744 30etauin.
796 3689 1034 3758 5qnenquamll.
1143 3704 1258 3738 nonem.

132 3783 149 3815 a
163 3770 178 3819 b
191 3788 213 3820 c.
332 3773 405 3822 iuxta
418 3788 444 3822 a.
563 3774 602 3822 bie
616 3774 746 3822 adiunctis
760 3771 950 3834 Vaaeoaanus,·
965 3771 1004 3820 bis
1018 3769 1157 3818 adiunctas
1171 3782 1197 3829 a,
1214 3767 1262 3817 baa

132 3845 269 3897 adiunctas
282 3850 382 3914 reliqui
385 3851 449 3914 sere
462 3865 562 3899 ornnes.
668 3851 796 3917 ttlllyrieo
812 3867 838 3900 a.
943 3849 1088 3899 maritimas
1101 3862 1118 3895 a
1128 3847 1151 3907 b,
1161 3845 1262 3895 mariti-

132 3937 236 3986 masque
250 3941 265 3972 e
277 3942 293 3974 a
307 3927 447 3989 (maritum.
461 3945 476 3978 a
490 3930 525 3992 c).
645 3930 675 3980 ld
687 3929 771 3979 classe
784 3945 810 3978 a.
930 3926 961 3979 tt
974 3933 1112 3989 cognosset
1125 3941 1152 3988 a,
1166 3940 1263 3989 cogno·

131 4000 215 4049 nleaet
226 4015 253 4049 u.
427 4007 457 4056 19
472 4021 520 4054 nco
535 4022 585 4071 quo
598 4023 615 4055 a
629 4023 652 4065 a,
667 4023 716 4056 nou
731 4008 796 4073 quod
811 4023 839 4056 u.
1017 4007 1048 4059 21
1064 4005 1187 4070 dispersis
1200 4017 1261 4069 ego,

131 4076 253 4128 dictersis
266 4094 283 4126 a
297 4079 311 4127 b
325 4094 354 4140 c‚·
369 4080 492 4129 distensis
505 4096 532 4129 n.
547 4082 577 4132 Ρ.
594 4083 652 4134 lbi.
784 4084 817 4135 22
831 4084 862 4132 ed
877 4099 905 4132 sc
920 4084 1066 4133 uenientem
1080 4082 1219 4131 aduersam
1234 4081 1260 4131 b.

239 4155 272 4207 23
286 4157 415 4206 antemnis
429 4172 455 4220 a,
469 4173 523 4207 non
536 4162 666 4210 antennis.
772 4161 804 4211 22
818 4160 935 4209 aduertit
949 4161 973 4224 b,
988 4160 1099 4210 animum
1114 4158 1261 4208 aduertite

130 4243 228 4287 etcum
244 4253 296 4287 atne
310 4236 364 4287 det.
380 4254 407 4286 a·
533 4239 565 4288 25
579 4240 726 4306 dimittique
740 4256 755 4289 α
771 4241 844 4289 ιφησι.
856 4239 1002 4305 pleriqae'.
1132 4245 1261 4288 antennas

129 4314 181 4379 (a).
288 4314 609 4382 tusstt‘nnptertqne’.
715 4318 748 4369 21
762 4317 945 4382 algaidcabant
956 4334 983 4370 a.
1090 4319 1124 4372 22
1135 4317 1260 4383 atrioque

129 4391 181 4456 (a).
287 4393 320 4445 30
333 4394 445 4445 animum
458 4391 664 4457 aduerterunt
679 4395 703 4457 b,
722 4408 775 4445 ece
789 4394 920 4447 animadu.
