2692 4688
543 180 861 248 —162—

137 356 229 443 igitur
251 359 318 422 loco
341 359 429 423 ctiam
446 358 497 423 itta
511 358 549 421 dc
564 357 695 422 aduentu
711 357 830 421 Afranii
846 377 913 420 cunr
928 356 1100 421 cohortibus
1115 354 1264 442 Hispanis

138 461 255 546 perisso
268 474 300 526 et
314 482 379 527 eam
396 482 471 539 rem,
489 461 557 524 dum
573 456 692 525 Caesar
706 459 880 544 Pompeium
896 461 933 524 ad
944 458 1164 545 Dyrrhachium
1180 459 1265 525 obni-

137 564 236 642 debut‚
254 575 369 649 gestam
384 583 452 628 essu
467 562 656 627 statuendum
673 574 730 629 est.
762 562 797 627 lo
812 564 908 647 primo
919 572 951 627 ot
964 562 1096 627 sccundo
1108 582 1265 628 commcn-

136 668 214 733 tario
229 667 322 733 uerbo
336 666 481 751 quaedam
496 667 555 730 adia
570 666 630 729 alio
644 666 711 729 loco
726 665 918 744 exciderunt,
941 665 1077 749 integrae
1091 686 1195 730 rernm
1209 686 1265 753 qe·

136 782 248 836 starum
265 768 455 834 narrationes
470 788 532 832 non
545 769 712 852 perierunt.

222 871 261 938 C.
282 869 340 949 10,
364 870 386 935 b
408 871 440 935 in
463 871 630 949 mandatis,
655 890 731 954 quac
747 867 866 935 Cacsar
879 868 1012 934 Vibullio
1034 870 1072 934 sd
1087 866 1263 954 Pompeium

135 974 314 1060 perferenda
328 974 426 1048 dedit,
449 974 522 1039 baec
537 972 695 1057 leguntur:
720 974 857 1058 ‘proinde
871 972 928 1037 sibi
944 994 980 1037 ac
993 972 1179 1055 reipublicae
1194 994 1263 1057 par-

135 1088 258 1143 cerent:
276 1087 418 1159 quantuor
434 1074 559 1139 iubebo
575 1077 695 1139 fortuna
711 1087 824 1161 posset,
840 1077 900 1140 iam
915 1076 973 1162 ipsi
986 1076 1182 1140 incommodis
1197 1076 1263 1140 suis

136 1181 210 1246 satis
226 1191 329 1244 essent
343 1176 543 1244 documento'.
567 1175 680 1242 Verum
696 1178 866 1243 adhortatio
881 1178 951 1241 idda:
976 1178 1053 1242 ‘iam
1075 1179 1132 1263 ipsi
1146 1180 1263 1245 incom-

135 1285 231 1349 modis
246 1284 310 1347 suis
327 1282 401 1346 satis
419 1290 525 1345 essent
540 1280 732 1345 documento'
750 1279 787 1343 ob
804 1280 849 1343 bis
863 1279 962 1345 uerbis
979 1281 1067 1365 plane
1081 1282 1180 1347 atiena
1199 1292 1260 1347 cst.

135 1386 241 1471 Inepte
254 1386 333 1449 enim
349 1380 647 1467 Cassnrl'ompeium
662 1383 886 1461 adhortaretur,
904 1404 942 1447 nc
958 1384 1148 1461 documenta,
1166 1404 1263 1467 quau·

136 1501 198 1551 tum
217 1489 335 1551 fortuna
350 1495 463 1571 posset,
481 1485 607 1547 aliorum
625 1485 775 1548 bominum
791 1497 978 1569 expectaret,
1002 1487 1086 1569 quasi
1102 1486 1129 1550 si
1144 1482 1264 1551 Cacsar

136 1601 169 1654 ct
183 1587 344 1673 Pompeius
360 1588 467 1653 bellum
483 1606 590 1670 gerere
606 1599 867 1672 perseuerasseut,
891 1607 925 1650 ea
941 1610 975 1651 re
990 1589 1041 1652 olii
1057 1589 1193 1654 bomines
1208 1592 1262 1655 do·

137 1703 277 1757 cumeoto
300 1691 391 1755 futuri
415 1690 563 1768 fuissent,
588 1700 640 1753 aut
661 1689 690 1752 id
713 1701 809 1754 actuor
833 1701 927 1768 esset,
953 1692 1155 1775 utquisquam
1170 1693 1263 1759 docu-

136 1805 238 1859 mento
254 1803 346 1857 esset.
369 1790 1150 1876 ltaqueaute‘quantum'porticulam‘cunr'iuscrui
1168 1790 1260 1861 Corn-

138 1896 299 1961 nroneiacit
320 1895 399 1959 enim
415 1890 533 1958 Cacsor
546 1890 737 1978 Pompeium,
762 1895 787 1957 si
810 1895 839 1959 id
859 1896 956 1959 adbuc
975 1897 1123 1961 incertum
1139 1898 1260 1978 fuisset,

137 2010 248 2083 quanta
264 2008 343 2063 essct
359 1998 496 2061 tortuose
512 1996 570 2075 uis,
587 1998 645 2060 iam
662 1998 726 2062 cius
742 1997 786 2063 rei
802 2000 882 2083 ipsos
899 1999 973 2063 satis
989 1997 1259 2065 cssodocuncnto.

222 2100 330 2165 Eiusd.
348 2122 376 2165 c.
394 2101 423 2183 ᾗ.
442 2097 483 2163 10
497 2099 659 2163 secundum
673 2101 760 2164 codd.
778 2102 956 2184 scripturam
965 2097 1260 2186 Caesarpoddiocturs

138 2204 236 2270 ‘flacc
252 2225 308 2287 quo
326 2203 440 2267 facilius
449 2199 593 2286 Pompeio
607 2202 725 2287 probari
740 2215 875 2288 possent,
893 2224 997 2268 omncs
1012 2225 1083 2269 suas
1098 2217 1261 2272 temcstrcs

136 2307 313 2390 urbiumque
328 2306 429 2391 copias
445 2302 664 2368 dimissurum'.
691 2300 751 2369 Sed
768 2304 883 2369 urbium
899 2309 1002 2391 copiae
1016 2308 1154 2390 quamuis
1169 2320 1262 2375 atur·

136 2411 283 2476 rostribus
299 2408 428 2471 discerni
444 2407 577 2490 possint,
601 2417 634 2470 ut
648 2407 708 2470 illis
724 2407 871 2491 praesidia
887 2407 918 2471 in
934 2408 1058 2473 urbibus
1072 2409 1191 2494 positu,
1213 2411 1261 2477 bis

137 2514 270 2595 reliquae
285 2510 401 2593 copiae,
426 2528 501 2593 quae
517 2508 548 2572 iu
564 2509 647 2590 agris
662 2518 749 2583 suut,
773 2510 1000 2594 significentur,
1024 2521 1126 2575 tamon
1146 2512 1204 2578 boo
1217 2514 1261 2579 ita

138 2615 254 2678 demum
276 2623 359 2677 recte
382 2612 431 2689 bt,
455 2631 520 2674 eum
536 2610 643 2674 idonea
661 2611 814 2697 utriusque
829 2615 950 2696 generis
965 2616 1155 2681 discernendi
1169 2636 1262 2681 musa

137 2727 196 2795 est,
213 2716 340 2780 usluto.
361 2713 412 2791 15,
429 2711 450 2777 6
467 2720 603 2796 ‘quorum
620 2713 697 2777 altor
711 2715 809 2797 oppidi
824 2716 930 2794 muris,
948 2717 1262 2800 slterpracsidiistoe·

137 2818 284 2883 rostribus
300 2817 461 2901 praeerat,
478 2835 554 2898 quos
564 2815 1127 2903 uerbaiotcrpretesbicasoripserunt.
1144 2820 1260 2903 Quam

137 2943 223 3005 quam
246 2923 273 2985 is
297 2920 380 2984 docus
403 2940 463 2984 non
486 2919 566 2983 omni
582 2939 623 2982 ex
639 2928 723 3002 parte
738 2918 786 2997 id,
810 2922 886 3002 quod
903 2924 1121 2999 concessimus,
1138 2924 1259 3007 probat.

136 3023 215 3090 Nam
231 3044 297 3089 oum
313 3020 457 3101 Oricum,
485 3023 520 3086 de
536 3043 594 3105 quo
608 3021 648 3085 ibi
665 3022 792 3099 dicitur,
816 3024 993 3089 maritimum
1010 3026 1148 3111 oppidum
1163 3038 1260 3107 auct,

136 3127 285 3212 praesidia
300 3127 330 3190 in
347 3127 411 3190 cius
426 3126 521 3191 muris
535 3125 679 3208 disposita
694 3124 818 3207 quodam
834 3128 921 3190 modo
936 3128 1086 3193 maritima
1101 3142 1200 3194 erant.
1223 3126 1260 3195 ln

137 3230 174 3292 iis
190 3240 288 3293 autom
313 3229 424 3305 uerbis,
449 3246 525 3311 quac
541 3228 627 3291 initio
643 3228 807 3311 posuimus,
832 3230 959 3295 utnulla
975 3252 1066 3296 causo
1081 3243 1149 3296 crat
1163 3243 1261 3299 terrc-

137 3341 216 3395 strss
232 3331 333 3414 copias
347 3330 378 3392 iu
394 3331 451 3394 duo
467 3350 578 3413 genera
601 3328 777 3408 diducendi,
806 3331 848 3393 ita
870 3333 1085 3397 maritimorum
1106 3335 1261 3418 copiarum

138 3433 380 3497 commemoratio
396 3433 593 3496 desideratur.
624 3427 729 3512 ltuquc
744 3433 934 3497 scribendum
956 3445 1029 3517 puto
1051 3445 1169 3500 ‘omnes
1186 3456 1260 3501 suas

138 3544 300 3598 terrestres
317 3535 497 3617 nauiumque
512 3531 636 3617 copias'.
661 3529 759 3597 Error
774 3538 1005 3601 commutatione
1027 3547 1188 3622 peruagata
1212 3538 1262 3603 tit·

138 3647 271 3700 terarum
293 3657 311 3699 u
327 3646 357 3699 et
371 3636 390 3698 b
406 3648 489 3702 ortus
505 3647 563 3702 est.

221 3734 285 3800 lam
300 3758 389 3821 supra
405 3739 505 3802 monui
521 3739 590 3802 inde
605 3762 623 3803 a
638 3761 666 3802 c.
686 3736 727 3801 10
742 3733 904 3804 Caesarem
920 3742 956 3805 od
972 3763 1044 3806 suns
1059 3763 1121 3822 res,
1139 3764 1216 3828 quas
1227 3766 1258 3809 c.

136 3837 158 3902 8
172 3838 346 3921 reliquerat,
364 3842 486 3904 reuerti.
508 3837 552 3904 lbi
569 3842 660 3926 igitur
675 3862 709 3905 sc
716 3839 877 3906 Vibullium
894 3842 951 3921 bis,
969 3841 1096 3909 Corfinii
1112 3857 1144 3910 et
1157 3846 1188 3911 in
1204 3844 1262 3911 Hi·

137 3941 253 4025 spania,
270 3951 386 4024 ceptum
403 3952 431 4004 et
447 3942 601 4006 dimissum
618 3965 671 4028 pro
686 3944 749 4008 suis
765 3944 794 4008 in
812 3964 876 4008 com
894 3945 1046 4011 benediciis
1061 3949 1199 4012 idoneum
1215 3948 1264 4013 in·

137 4043 253 4106 dicasse
267 4041 384 4119 scribit,
401 4043 448 4105 cui
463 4045 601 4109 mandato
616 4046 652 4109 ad
668 4043 840 4131 Pompeium
856 4049 1035 4132 perferendo
1049 4050 1145 4126 daret,
1163 4070 1262 4135 esque

136 4144 271 4209 mandato
289 4144 429 4227 deinceps
444 4147 579 4228 exponit.
604 4144 721 4230 Quibus
735 4150 835 4214 statim
852 4149 939 4213 initio
955 4171 983 4213 o.
1002 4150 1039 4213 11
1059 4151 1133 4215 baec
1147 4152 1261 4219 subici·

137 4258 238 4326 ιιιῑιιι,
255 4258 288 4312 ut
302 4247 419 4331 quidem
437 4247 466 4309 io
482 4247 567 4311 codd.
585 4251 696 4335 scripta
711 4264 800 4316 suut:
820 4250 959 4317 ‘Bibulus
968 4254 1014 4317 bis
1022 4255 1172 4341 expositis
1180 4252 1261 4322 Cor·
