2692 4688
495 209 817 314 *²²⁰-

95 381 239 447 uiteriore
247 377 394 463 Hispania
409 380 520 463 potitus
528 381 586 444 diei
594 393 707 465 posset,
725 394 815 449 autes
829 384 1037 450 deelarandsm
1051 398 1129 467 erat,
1147 389 1216 473 quid

94 493 253 570 praetores
268 480 403 545 fecisset.
428 479 566 566 Denique
581 495 651 549 aute
667 485 759 550 uerba
777 485 1132 572 ‘quofaeiliuspraesidia
1148 510 1219 555 eou-

96 596 144 651 tra
157 593 350 669 eruperat-et
362 581 532 669 Pompeius’
548 597 683 671 apertura
706 598 754 651 est
768 587 832 651 eius
846 589 892 652 rei
907 592 1219 659 commemorationem

95 686 274 760 desiderari,
298 695 403 750 eontra
419 708 506 771 quam
523 689 671 771 praesidia
686 709 704 753 a
718 686 862 772 Pompeio
877 703 1049 775 amparate
1063 694 1135 757 sint.
1173 691 1219 760 lui

95 791 187 878 igitur
200 790 374 852 ostenderat
389 800 496 853 auetor
510 786 673 855 Caesarem
688 790 813 856 Fabium
822 790 991 857 Maximum
1007 790 1085 877 etQ.
1095 791 1219 861 Pedia·

95 895 210 976 tegatos
225 910 294 953 aun
309 892 447 955 exercitu
462 892 600 957 misisse=
617 895 700 958 etad
715 915 750 957 ea
766 895 858 958 uerba
874 895 1129 979 etiumsuperiora
1140 899 1220 961 ‘dum

95 989 212 1058 csso
227 991 399 1057 muuefibus
415 993 518 1056 dandis
533 991 667 1059 initalia
688 996 850 1061 detinetur’
871 997 1052 1081 pertinuisse
1067 999 1219 1065 uideatur.

180 1092 290 1158 Eiusd.
307 1115 337 1158 ι.
355 1095 384 1177 §-
401 1094 434 1173 4,
452 1095 502 1158 ubi
518 1094 592 1160 haee
606 1097 747 1179 leguntur
762 1099 799 1161 de
814 1093 873 1161 Cn.
891 1097 1055 1183 Pompeio:
1080 1108 1142 1165 ‘ex
1156 1102 1221 1185 qui·

95 1196 150 1263 ias
163 1198 191 1261 ei
204 1216 267 1280 qua
280 1197 386 1281 oppida
402 1196 432 1260 ui
448 1207 582 1282 ceperat,
606 1218 673 1263 eum
689 1199 795 1283 aliquis
810 1220 852 1265 ex
868 1220 905 1264 ea
920 1201 1041 1265 ciuitate
1055 1202 1166 1287 optime
1180 1204 1217 1269 de

96 1296 155 1365 Ca.
173 1295 320 1384 Pompeio
334 1300 459 1364 meritus
472 1299 550 1364 riuis
566 1311 667 1376 esset,
689 1312 812 1385 propter
826 1302 972 1387 pecuniae
986 1304 1220 1390 magnitudinem

95 1401 193 1486 atiquo
208 1402 238 1466 ei
252 1400 440 1466 inferebatur
452 1422 556 1480 eausa,
574 1412 609 1466 ut
623 1424 660 1467 ιο
676 1404 825 1469 demedio
840 1405 958 1470 subiato
973 1425 1012 1469 ex
1021 1406 1221 1490 eiuspeeuuia

96 1504 244 1568 Ιιιιιιιιιιιι
260 1504 380 1589 largitio
394 1505 502 1582 tieret',
519 1516 603 1570 reete
618 1505 830 1571 animaduertit
844 1504 1074 1593 Oudendorpius
1088 1508 1220 1573 incredi-

96 1606 155 1672 tite
167 1626 239 1671 esse
255 1616 338 1669 tauta
353 1601 413 1668 Cu.
430 1604 601 1690 Pompeium
619 1608 709 1672 iuisse
725 1609 884 1687 dementis,
903 1621 936 1673 ut
949 1621 1002 1674 aut
1016 1611 1052 1673 de
1067 1631 1102 1675 se
1116 1621 1169 1675 aut
1183 1611 1221 1676 de

96 1718 182 1794 patra
208 1728 264 1773 suo
294 1709 404 1792 optime
427 1710 548 1774 meritos
572 1711 806 1774 eircumueoiret
829 1720 860 1774 et
881 1711 1076 1775 interflueret.
1115 1710 1221 1795 ltaque

97 1810 222 1895 ‘optime
240 1812 278 1874 de
291 1806 333 1874 C.
344 1806 478 1875 Caesare
492 1811 628 1875 meritus’
642 1812 830 1875 scribendum
846 1832 915 1876 esse
929 1812 1069 1876 coniecit.
1094 1812 1222 1876 Athene

96 1912 134 1976 de
157 1908 199 1976 G.
216 1907 351 1976 Caesam
372 1913 472 1977 meriti
494 1915 612 1977 auctori
635 1915 756 1977 omniuo
779 1914 888 1998 optime
910 1914 1008 1978 meriti
1023 1915 1220 1979 uidebantur

96 2014 152 2079 iu·
169 2015 221 2077 ‘de
234 2009 294 2077 Cu.
309 2011 462 2098 Pompeio’
477 2036 496 2078 a
510 2015 654 2099 magistro
669 2015 784 2078 adiecta
800 2026 881 2094 suut,
903 2017 953 2098 qui
970 2018 1043 2081 haee
1059 2018 1151 2082 uerba
1166 2039 1222 2082 ex·

98 2116 217 2202 plieare
231 2125 351 2180 roanos
363 2117 493 2202 turpiter
507 2119 632 2182 errauit.

185 2215 424 2284 Iritiunr.dsie
439 2220 601 2285 edebatur=
621 2216 666 2281 ‘Id
681 2239 747 2282 oum
763 2218 1017 2283 animaduerteret
1031 2218 1224 2282 aduersarios

99 2321 221 2386 nisime
235 2320 325 2397 ιιιίίι,
340 2343 416 2406 quos
431 2322 500 2387 ideo
515 2344 534 2386 a
549 2323 599 2386 uia
614 2330 798 2398 retraxerat,
817 2321 896 2384 utin
911 2341 1036 2403 aequum
1052 2320 1223 2397 deduceret,

99 2424 195 2509 copiis
207 2425 316 2487 danao
332 2424 478 2489 traduotis
493 2435 584 2488 nootu
598 2425 678 2487 iubet
693 2424 778 2506 ignes
794 2425 859 2487 iieri
876 2443 1020 2510 magnos:
1045 2423 1100 2500 ita,
1118 2421 1226 2487 firmia·

99 2527 284 2591 simundus
300 2526 467 2604 castellum,
484 2524 633 2610 Ateguam
643 2526 864 2611 proficiscitur&
889 2525 948 2591 iiio
963 2546 1029 2590 ιιιιιι
1046 2523 1119 2587 nihil
1135 2544 1226 2609 supra

102 2639 184 2696 esser
198 2630 412 2715 significatum,
429 2628 512 2691 auia
527 2629 718 2692 aduersarios
733 2624 895 2693 aCaesare
909 2638 1056 2693 retractos
1071 2646 1152 2704 esse,
1174 2627 1228 2691 sed

101 2753 129 2797 ι.
143 2733 308 2798 duriatum
324 2727 487 2795 Caesarem
504 2727 674 2794 Cordubam
690 2733 854 2815 profertum
871 2750 908 2794 ea
923 2750 957 2792 re
973 2725 1033 2792 Cn.
1053 2726 1226 2811 Pompeium

101 2836 249 2922 oodgisse
267 2845 299 2899 ut
308 2832 397 2901 Vliae
411 2832 659 2919 oppugnationem
675 2833 837 2896 dimitteret
852 2832 961 2915 etipse
976 2849 1094 2912 quoque
1110 2825 1228 2891 Cordu-

102 2936 168 3001 bam
180 2938 243 3001 iter
258 2939 385 3015 iaceret,
401 2947 487 3001 reete
501 2933 681 3000 Ciaoooaius
698 2933 823 2998 ‘abVlia
839 2931 1024 2997 retraxerat’
1040 2928 1228 2994 arridendum

102 3041 254 3107 isdienit.
280 3038 396 3104 Verum
418 3059 514 3122 oeque
536 3039 604 3102 ideo
619 3033 738 3102 Caesar
750 3033 925 3119 Pompeium
946 3035 983 3096 ab
999 3031 1069 3098 Viia
1091 3042 1229 3096 retraxe-

103 3154 160 3222 rat,
176 3153 213 3208 ut
226 3162 296 3207 eum
310 3143 342 3206 io
356 3162 482 3225 equum
499 3141 671 3218 deduceret,
688 3140 740 3204 sed
756 3148 789 3201 ut
799 3135 898 3201 Vliauu
907 3136 1062 3200 obsidione
1073 3133 1227 3213 liberaret,

105 3264 197 3330 repre
213 3245 315 3310 ‘ideo’
329 3244 361 3309 iu
375 3245 495 3329 optimis
510 3244 596 3308 eodd.
613 3242 742 3327 iegitur,
759 3241 813 3305 sod
829 3234 1016 3324 *quoniam
1055 3237 1157 3322 Atque
1173 3236 1230 3301 doe

104 3349 220 3430 qudem
234 3356 359 3431 reoepto
375 3346 472 3410 oratio
487 3347 602 3411 exitum
618 3365 679 3413 ooo
694 3342 829 3407 inuenit:
846 3354 879 3407 et
893 3341 1049 3426 sequeutia
1063 3341 1229 3425 postulent,

106 3459 137 3512 rt
149 3445 271 3514 &aar
284 3447 458 3534 Pompeiam
481 3449 584 3514 eadem
604 3445 724 3513 ratione
745 3447 776 3509 in
791 3465 919 3529 aequum
935 3445 1083 3515 dedueere
1099 3441 1232 3505 uoiuiue

107 3550 233 3629 dieitur,
252 3571 392 3633 quaeum
408 3550 444 3615 ab
459 3550 530 3618 Vlia
544 3558 729 3615 retraxerat.
754 3546 836 3611 Nam
858 3558 1016 3629 utramque
1031 3566 1095 3609 rem
1110 3545 1153 3611 ita
1169 3544 1230 3607 effi-

106 3663 315 3718 meonetius
330 3665 395 3731 est,
420 3665 453 3718 ut
475 3653 582 3739 oppida
604 3651 733 3737 partium
750 3647 999 3733 Pompeianarum
1015 3647 1232 3734 aggrederetur

106 3765 195 3838 etque
209 3756 252 3820 ita
268 3776 324 3833 eo,
349 3776 408 3839 quo
422 3757 562 3834 uolebat,
586 3753 760 3838 Pompeium
777 3753 862 3836 sequi
878 3762 1011 3836 cogeret.
1042 3747 1148 3832 ltaque
1164 3767 1232 3812 eum

108 3857 173 3935 Μ’,
189 3857 270 3941 quod
284 3868 356 3924 aute
370 3858 466 3923 uerba
482 3860 525 3923 ‘io
541 3879 666 3941 aequum
683 3857 852 3921 deduceret'
868 3855 1005 3938 ponitur,
1029 3852 1061 3916 io
1076 3849 1164 3917 Leid.
1182 3872 1230 3934 pr.

108 3969 137 4023 et
151 3957 251 4024 Doru.
269 3962 411 4046 seriptum
427 3984 486 4026 non
502 3964 558 4040 sit,
584 3962 657 4025 daeo
673 3961 715 4023 ita
731 3956 944 4023 conformanda
968 3956 1159 4020 existimaui:
1188 3950 1233 4015 ‘ld

109 4083 174 4127 eun
190 4062 445 4129 animaduerteret
460 4064 653 4128 aduersarios
668 4063 790 4127 minime
804 4061 903 4138 uelde,
921 4080 980 4143 quo
996 4079 1069 4137 eos,
1086 4055 1234 4142 quomodo

108 4167 144 4230 ab
160 4164 437 4244 vitaremus,
461 4167 492 4233 iu
505 4188 635 4251 aequum
651 4165 828 4240 deduceret,
852 4164 945 4246 eopiis
962 4160 1092 4225 dumiue’
1117 4160 1174 4242 [ita
1188 4165 1235 4218 est

109 4269 188 4334 euim
202 4269 236 4335 iu
256 4268 387 4354 quium
402 4269 489 4335 ootu.
506 4266 587 4334 0ud.
605 4278 637 4331 et
655 4264 728 4332 Par.
745 4267 826 4350 seo]
852 4264 1018 4328 ‘traductis
1040 4270 1130 4324 noctu
1151 4256 1236 4320 iubet

685 4398 706 4448 Ι
