2692 4688
91 187 155 257 soc
485 182 542 252 llll
564 181 710 252 ussto
732 180 923 253 emico

147 381 226 426 maur
241 358 402 442 legionem,
420 379 496 442 quae
510 359 596 424 iuxta
612 358 801 436 constiterat,
818 359 889 423 item
901 358 1004 445 urgeri
1019 358 1056 421 ab
1071 359 1158 424 boste
1173 360 1268 427 uidis-

146 475 205 541 set,
222 462 358 526 tribunos
373 461 496 525 militum
512 462 647 540 monuit,
664 473 697 525 ut
711 462 852 546 paulatim
867 482 937 526 sese
952 462 1086 546 legiones
1102 463 1269 549 coniunge·

109 566 215 632 2rent
230 576 262 629 et
275 585 420 629 conuersa
436 565 520 649 sigua
536 564 567 628 in
584 565 687 629 bostes
701 565 861 629 inferrent.
907 562 976 647 Quo
999 567 1079 629 fecto
1101 586 1166 629 cum
1191 567 1267 632 elius

145 669 196 734 elii
211 668 374 732 subsidium
389 667 502 745 terret,
525 687 621 750 neque
641 668 799 745 timerent,
817 689 855 732 ne
871 667 970 731 auersi
985 667 1022 730 eb
1040 668 1126 732 boste
1140 668 1269 734 circum·

110 770 131 837 ³
146 772 335 849 mulcentur,
352 770 493 834 audacius
507 771 649 834 resistere
664 791 700 834 ac
715 772 823 834 fortius
838 791 972 856 pugnare
987 782 1162 854 coeperunt.
1214 770 1266 837 ln·
1287 786 1303 837 t

143 874 233 939 terim
248 874 359 937 milites
374 872 525 956 legionum
541 874 686 950 duarum,
710 893 787 956 quae
808 873 840 936 in
867 873 1030 938 nouissimo
1045 874 1166 957 egmine
1180 895 1269 960 pese-

145 976 223 1042 sidio
237 976 454 1062 impedimentis
469 977 599 1053 inerant,
618 975 733 1060 proelio
749 976 886 1041 nuntiato
901 997 993 1040 cursu
1007 977 1133 1042 incitato
1147 978 1268 1043 insum-

107 1078 194 1145 lmo
209 1079 285 1144 colle
307 1079 345 1144 ab
367 1078 501 1143 hostibus
517 1079 797 1164 conspiciebantur,
822 1089 853 1144 et
872 1078 965 1142 Titus
987 1077 1141 1145 Labienus
1156 1082 1268 1145 castris

143 1183 274 1247 bostium
290 1182 403 1267 potitus
418 1192 500 1247 etex
516 1182 583 1246 loco
599 1181 771 1267 superiore,
797 1201 873 1265 quse
894 1201 944 1245 res
965 1182 997 1245 in
1019 1182 1133 1247 nostris
1155 1184 1266 1247 cestrie

143 1282 341 1369 gererentur,
365 1286 555 1369 conspicatus
571 1285 714 1349 decimam
729 1285 878 1370 legionem
893 1284 1027 1349 subsidio
1042 1285 1156 1349 nostris
1169 1286 1266 1365 misit
1291 1298 1325 1353 te

108 1384 128 1450 5
144 1384 218 1469 Qui,
235 1409 301 1451 cum
317 1407 357 1450 cx
373 1388 504 1469 equitum
520 1398 551 1450 et
559 1387 696 1451 colonum
707 1388 789 1472 iuga,
806 1408 863 1469 quo
878 1386 910 1450 iu
926 1389 993 1450 loco
1000 1398 1154 1467 recesset,
1170 1408 1267 1472 queu-

144 1499 235 1571 toque
256 1490 288 1552 in
311 1489 443 1573 periculo
467 1499 499 1552 et
519 1499 620 1552 cestro
641 1499 671 1553 et
696 1489 832 1572 legiones
854 1500 886 1552 et
900 1490 1063 1573 imperator
1075 1502 1262 1570 uersaretur,

85 1591 128 1662 27
144 1591 377 1676 cognouissent,
405 1591 480 1655 nibil
500 1591 538 1654 ad
560 1590 743 1654 celeritatem
759 1590 816 1654 sibi
831 1591 937 1673 reliqui
953 1594 1101 1657 iecerunt.
1147 1592 1265 1659 florum

142 1694 274 1757 aduentu
296 1704 379 1757 tenta
403 1714 503 1758 rerum
525 1693 717 1757 commutatio
740 1705 789 1756 est
811 1694 907 1770 lactc,
933 1705 966 1757 ut
988 1696 1085 1760 nostri
1108 1695 1198 1759 etiam
1213 1696 1265 1781 qui

144 1797 320 1861 uulneribus
336 1796 464 1860 confecti
480 1795 730 1879 procubuissent,
749 1795 844 1860 scutis
859 1796 957 1860 iuuixi
973 1798 1116 1881 proelium
1133 1798 1266 1863 redinte·
1290 1809 1323 1863 tt

141 1911 283 1984 grurent,
307 1910 369 1962 tum
392 1899 515 1962 calones
530 1899 708 1983 perterritos
724 1899 827 1963 bostes
844 1899 1010 1982 conspicati
1026 1900 1115 1964 etium
1130 1899 1264 1965 inermes

104 2000 266 2066 tamnus
282 2012 492 2080 occurrerent,
522 2002 636 2085 equites
651 2022 743 2080 uero,
769 2010 802 2064 ut
818 2002 1030 2085 turpitudinem
1046 2004 1135 2086 iugee
1150 2002 1264 2067 uirtute

142 2104 288 2183 delerent,
306 2105 443 2169 omnibus
457 2105 489 2168 iu
504 2104 579 2169 locis
602 2104 757 2188 [pugnent
771 2104 850 2189 quc]
873 2125 908 2168 se
928 2103 1103 2187 legionariis
1117 2104 1263 2171 militibus

103 2205 125 2272 3
140 2210 339 2293 praeferrent.
373 2208 415 2272 Ac
430 2209 531 2273 hostes
547 2208 637 2271 etiam
651 2208 683 2270 in
698 2216 835 2271 extreme
850 2227 903 2291 spe
918 2208 1023 2271 solutis
1038 2218 1151 2272 tentam
1165 2207 1265 2271 uirtu-

138 2321 199 2374 tem
217 2312 449 2394 praestitcrunt,
470 2322 519 2389 ut,
545 2331 610 2373 cum
634 2309 720 2393 primi
743 2331 846 2374 eorum
862 2311 1055 2389 cecidissent,
1072 2309 1202 2396 proximi
1215 2310 1264 2377 ie·
1285 2321 1320 2377 ²0

103 2411 276 2476 leontinus
293 2413 470 2475 insisterent
484 2424 573 2495 atque
588 2432 629 2474 cx
645 2432 748 2475 eorum
765 2413 1135 2499 corporibuspugncrent3
1151 2411 1263 2479 biede·

139 2514 227 2578 iectis
242 2523 274 2576 et
289 2515 475 2577 coaceruatis
490 2513 706 2592 cadaueribus,
731 2515 782 2597 qui
797 2528 1011 2599 superessent,
1036 2526 1071 2579 ut
1090 2536 1132 2581 ex
1146 2516 1261 2581 tunic

104 2613 199 2679 5telo
214 2616 245 2678 in
260 2624 381 2678 nostros
397 2616 571 2679 conficerent
590 2627 622 2679 et
643 2616 701 2700 pilo
727 2617 892 2702 intercepta
907 2619 1118 2697 remitterente
1143 2628 1178 2684 ut
1197 2640 1260 2683 nou

138 2719 316 2804 nequiquam
339 2728 441 2782 mutue
463 2718 584 2783 uirtutis
608 2718 742 2785 homines
764 2721 890 2786 iudicari
920 2722 1041 2787 deberet
1070 2742 1163 2787 susce
1191 2742 1262 2787 esse

138 2823 269 2887 transire
286 2820 461 2884 latissimum
477 2821 597 2898 llumen,
615 2823 778 2887 ascendere
794 2824 955 2888 altissimas
970 2826 1070 2908 ripas,
1086 2824 1190 2889 subire
1202 2824 1262 2889 ini·
1281 2834 1317 2887 23

137 2927 309 3008 quissimum
326 2923 440 3002 locum3
458 2944 532 3007 quoe
549 2925 696 2989 locilieex
710 2926 887 2990 difficillimis
902 2926 992 2990 enimi
1008 2926 1180 3011 magnitudo
1189 2929 1259 2991 red-

245 3181 358 3249 liuxte]
372 3182 508 3234 uixllbe.
636 3184 1007 3248 urgueriDEetsntecorr.
1022 3185 1054 3236 B.
1175 3184 1260 3236 besti·

135 3264 183 3314 bns
199 3263 223 3312 b.
370 3262 385 3313 3
399 3260 560 3312 inferretur.
571 3277 616 3328 pr.
632 3261 665 3312 B.
814 3262 885 3330 cum]
898 3265 923 3313 ie
936 3264 999 3314 llll.
1150 3262 1220 3315 eliu
1233 3262 1260 3314 A

134 3338 642 3407 (dieieuprcrc.)HC‚uliisDEes.
799 3342 1020 3394 luliicnr.DE.
1174 3340 1259 3393 teme

136 3420 191 3472 AB
199 3420 231 3485 C,
247 3418 346 3471 ferrent
357 3418 382 3468 b
391 3419 469 3483 Eos.
625 3419 640 3467 5
653 3418 772 3470 audleins
784 3436 821 3471 m.
832 3435 877 3488 pr.
891 3422 924 3471 B.
1070 3434 1218 3488 repugnare
1230 3421 1256 3471 b.

243 3498 259 3550 7
272 3498 380 3549 incitutu
393 3496 426 3547 A.
577 3498 593 3548 8
606 3496 681 3548 Titus
693 3498 732 3563 B,
746 3496 779 3550 Τ.
794 3515 821 3552 u.
987 3502 1003 3553 9
1016 3502 1102 3570 potius
1114 3516 1151 3551 nr.
1162 3515 1209 3566 pr.
1222 3498 1257 3550 B.

243 3592 276 3627 ex
290 3591 321 3627 eo
334 3576 392 3626 loeo
406 3575 430 3626 b.
536 3576 671 3643 superiore
684 3592 737 3628 nm.
751 3593 788 3628 m.
799 3592 844 3645 pr.
860 3578 884 3628 b.
982 3580 1010 3632 ll
1027 3594 1084 3630 cnm
1097 3578 1217 3645 equitetu
1230 3576 1255 3629 b.

175 3652 379 3704 ·essentD.
486 3653 731 3719 recuperemus.
836 3655 1133 3720 imperatornexuretur
1145 3655 1171 3706 b.

134 3732 165 3784 ll
184 3730 382 3782 commoratione
405 3728 474 3780 lacte
490 3734 555 3779 unte
574 3744 644 3780 eorr.
665 3731 706 3795 A,
725 3731 891 3781 commutatio
911 3730 982 3782 tecta
1001 3740 1043 3783 ert
1062 3734 1259 3783 coercemus

136 3808 257 3859 ceddo.
365 3806 635 3872 lbproenbuernnts.
740 3807 966 3875 lbtumormj:
1088 3806 1121 3859 17
1134 3820 1258 3859 oecurre-

136 3892 196 3937 rent
207 3885 258 3948 es,
272 3890 444 3941 occurrerunt
457 3882 540 3934 ABE
551 3884 625 3934 ‘mec
637 3884 763 3949 plerique
770 3883 786 3934 '.
858 3884 891 3937 lb
904 3892 1019 3951 pugnent
1031 3882 1256 3951 qaoAbcbs,

135 3963 294 4032 pugnaees.
309 3960 341 4011 Ρ.
355 3959 398 4010 db·
517 3960 709 4012 listened).
795 3960 1256 4029 -wcoueerbetisAetmmsp

242 4055 276 4090 ex
288 4054 319 4089 ec
334 4037 431 4088 tumulo
444 4035 469 4087 b.
595 4040 629 4091 2³
643 4038 739 4089 nostris
751 4039 777 4089 Ι)
789 4043 818 4088 et
827 4052 864 4088 rn.
875 4053 921 4103 pr.
936 4029 969 4088 b.
1103 4039 1259 4092 conicereet

133 4122 246 4186 praeter
255 4114 280 4166 B
292 4114 383 4177 Ἱππ),
398 4114 532 4164 coicerent
545 4114 569 4164 b.
685 4116 719 4169 rt
733 4115 886 4181 nequiquam
900 4114 925 4165 A
933 4114 956 4164 C
968 4118 997 4165 et
1008 4129 1078 4165 eurr.
1092 4115 1133 4179 B,
1148 4115 1259 4181 nequie-

133 4212 208 4267 «μω
221 4194 306 4262 Eset
315 4198 379 4243 crete
391 4206 462 4243 corr.
476 4191 509 4243 B·
606 4193 712 4245 deberet
723 4193 789 4260 (B)t
801 4193 905 4257 Aldus,
920 4194 1047 4245 deberent
1058 4195 1134 4248 codd.
1150 4210 1256 4247 mnes.

241 4270 721 4339 ausosessequsiquodessectej.
809 4274 1044 4327 contenderem
1131 4276 1256 4333 mude-
