<?xml version="1.0" encoding="UTF-8"?>
<!DOCTYPE html PUBLIC "-//W3C//DTD XHTML 1.0 Transitional//EN"
    "http://www.w3.org/TR/xhtml1/DTD/xhtml1-transitional.dtd">
<html xmlns="http://www.w3.org/1999/xhtml" xml:lang="en" lang="en">
 <head>
  <title>
</title>
<meta http-equiv="Content-Type" content="text/html;charset=utf-8" />
  <meta name='ocr-system' content='tesseract 3.04.00' />
  <meta name='ocr-capabilities' content='ocr_page ocr_carea ocr_par ocr_line ocrx_word'/>
</head>
<body>
  <div class='ocr_page' id='page_1' title='image "./civliicaesarisc02hirtgoog_0612.png"; bbox 0 0 2692 4688; ppageno 0'>
   <div class='ocr_carea' id='block_1_1' title="bbox 463 218 1329 291">
    <p class='ocr_par' dir='ltr' id='par_1_1' title="bbox 463 218 1329 291">
     <span class='ocr_line' id='line_1_1' title="bbox 463 218 1329 291; baseline 0.003 -5"><span class='ocrx_word' id='word_1_1' title='bbox 463 218 603 291; x_wconf 78' lang='lat' dir='ltr'><strong>COlffl.</strong></span> <span class='ocrx_word' id='word_1_2' title='bbox 619 218 666 289; x_wconf 87' lang='lat' dir='ltr'><strong>Ill</strong></span> <span class='ocrx_word' id='word_1_3' title='bbox 681 218 777 290; x_wconf 78' lang='lat' dir='ltr'><strong>CAP.</strong></span> <span class='ocrx_word' id='word_1_4' title='bbox 793 220 947 290; x_wconf 83' lang='grc'><strong>77-80.</strong></span> <span class='ocrx_word' id='word_1_5' title='bbox 1264 219 1329 289; x_wconf 78' lang='lat' dir='ltr'><strong>tos</strong></span> 
     </span>
    </p>
   </div>
   <div class='ocr_carea' id='block_1_2' title="bbox 94 389 1328 2317">
    <p class='ocr_par' dir='ltr' id='par_1_2' title="bbox 94 389 1328 2317">
     <span class='ocr_line' id='line_1_2' title="bbox 151 389 1271 478; baseline 0.001 -20"><span class='ocrx_word' id='word_1_6' title='bbox 151 413 205 458; x_wconf 90' lang='lat' dir='ltr'><strong>nes</strong></span> <span class='ocrx_word' id='word_1_7' title='bbox 221 395 444 476; x_wconf 73' lang='lat' dir='ltr'><strong>equitatumque</strong></span> <span class='ocrx_word' id='word_1_8' title='bbox 460 412 500 455; x_wconf 82' lang='lat' dir='ltr'><strong>ex</strong></span> <span class='ocrx_word' id='word_1_9' title='bbox 515 389 602 457; x_wconf 86' lang='lat' dir='ltr'><strong>ltalia</strong></span> <span class='ocrx_word' id='word_1_10' title='bbox 617 403 805 476; x_wconf 82' lang='lat' dir='ltr'><strong>expectaret,</strong></span> <span class='ocrx_word' id='word_1_11' title='bbox 823 399 886 477; x_wconf 85' lang='lat' dir='ltr'><strong>ipse</strong></span> <span class='ocrx_word' id='word_1_12' title='bbox 902 404 934 456; x_wconf 89' lang='lat' dir='ltr'><strong>ut</strong></span> <span class='ocrx_word' id='word_1_13' title='bbox 948 393 1087 457; x_wconf 87' lang='lat' dir='ltr'><strong>omnibus</strong></span> <span class='ocrx_word' id='word_1_14' title='bbox 1102 395 1194 478; x_wconf 86' lang='lat' dir='ltr'><strong>copiis</strong></span> <span class='ocrx_word' id='word_1_15' title='bbox 1209 392 1271 459; x_wconf 88' lang='lat' dir='ltr'><strong>Do·</strong></span> 
     </span>
     <span class='ocr_line' id='line_1_3' title="bbox 151 492 1328 580; baseline 0.005 -20"><span class='ocrx_word' id='word_1_16' title='bbox 151 497 267 563; x_wconf 85' lang='lat' dir='ltr'><strong>mitium</strong></span> <span class='ocrx_word' id='word_1_17' title='bbox 286 494 511 580; x_wconf 69' lang='lat' dir='ltr'><strong>adgrederetur.</strong></span> <span class='ocrx_word' id='word_1_18' title='bbox 544 492 601 558; x_wconf 86' lang='lat' dir='ltr'><strong>llis</strong></span> <span class='ocrx_word' id='word_1_19' title='bbox 623 495 660 558; x_wconf 87' lang='lat' dir='ltr'><strong>de</strong></span> <span class='ocrx_word' id='word_1_20' title='bbox 676 496 775 559; x_wconf 85' lang='lat' dir='ltr'><strong>causis</strong></span> <span class='ocrx_word' id='word_1_21' title='bbox 792 505 916 577; x_wconf 89' lang='lat' dir='ltr'><strong>uterque</strong></span> <span class='ocrx_word' id='word_1_22' title='bbox 932 516 1033 559; x_wconf 90' lang='lat' dir='ltr'><strong>corum</strong></span> <span class='ocrx_word' id='word_1_23' title='bbox 1049 493 1194 560; x_wconf 74' lang='lat' dir='ltr'><strong>celeritati</strong></span> <span class='ocrx_word' id='word_1_24' title='bbox 1209 509 1269 561; x_wconf 90' lang='lat' dir='ltr'><strong>stu·</strong></span> <span class='ocrx_word' id='word_1_25' title='bbox 1284 497 1328 567; x_wconf 74' lang='lat' dir='ltr'><strong>&#39;lh</strong></span> 
     </span>
     <span class='ocr_line' id='line_1_4' title="bbox 151 597 1271 681; baseline 0 -18"><span class='ocrx_word' id='word_1_26' title='bbox 151 598 262 674; x_wconf 88' lang='lat' dir='ltr'><strong>debat,</strong></span> <span class='ocrx_word' id='word_1_27' title='bbox 279 608 310 661; x_wconf 92' lang='lat' dir='ltr'><strong>et</strong></span> <span class='ocrx_word' id='word_1_28' title='bbox 324 597 388 661; x_wconf 90' lang='lat' dir='ltr'><strong>suis</strong></span> <span class='ocrx_word' id='word_1_29' title='bbox 404 607 436 659; x_wconf 92' lang='lat' dir='ltr'><strong>ut</strong></span> <span class='ocrx_word' id='word_1_30' title='bbox 451 607 533 660; x_wconf 89' lang='lat' dir='ltr'><strong>esset</strong></span> <span class='ocrx_word' id='word_1_31' title='bbox 547 597 681 675; x_wconf 76' lang='lat' dir='ltr'><strong>anxilio,</strong></span> <span class='ocrx_word' id='word_1_32' title='bbox 706 598 786 661; x_wconf 86' lang='lat' dir='ltr'><strong>etad</strong></span> <span class='ocrx_word' id='word_1_33' title='bbox 802 597 1010 681; x_wconf 84' lang='lat' dir='ltr'><strong>opprimendos</strong></span> <span class='ocrx_word' id='word_1_34' title='bbox 1026 597 1218 662; x_wconf 85' lang='lat' dir='ltr'><strong>aduersarios</strong></span> <span class='ocrx_word' id='word_1_35' title='bbox 1233 620 1271 663; x_wconf 87' lang='lat' dir='ltr'><strong>ne</strong></span> 
     </span>
     <span class='ocr_line' id='line_1_5' title="bbox 149 695 1309 784; baseline -0.001 -19"><span class='ocrx_word' id='word_1_36' title='bbox 149 700 304 765; x_wconf 84' lang='lat' dir='ltr'><strong>occasioni</strong></span> <span class='ocrx_word' id='word_1_37' title='bbox 322 698 463 782; x_wconf 87' lang='lat' dir='ltr'><strong>temporis</strong></span> <span class='ocrx_word' id='word_1_38' title='bbox 479 698 609 763; x_wconf 80' lang='lat' dir='ltr'><strong>deesset.</strong></span> <span class='ocrx_word' id='word_1_39' title='bbox 635 695 696 762; x_wconf 89' lang='lat' dir='ltr'><strong>Sed</strong></span> <span class='ocrx_word' id='word_1_40' title='bbox 712 695 876 764; x_wconf 78' lang='lat' dir='ltr'><strong>Caesarem</strong></span> <span class='ocrx_word' id='word_1_41' title='bbox 886 699 1047 784; x_wconf 80' lang='lat' dir='ltr'><strong>Apollonis</strong></span> <span class='ocrx_word' id='word_1_42' title='bbox 1063 720 1080 762; x_wconf 91' lang='lat' dir='ltr'><strong>a</strong></span> <span class='ocrx_word' id='word_1_43' title='bbox 1095 699 1209 763; x_wconf 90' lang='lat' dir='ltr'><strong>directo</strong></span> <span class='ocrx_word' id='word_1_44' title='bbox 1224 700 1272 764; x_wconf 89' lang='lat' dir='ltr'><strong>iti·</strong></span> <span class='ocrx_word' id='word_1_45' title='bbox 1286 699 1309 764; x_wconf 83' lang='lat'>2</span> 
     </span>
     <span class='ocr_line' id='line_1_6' title="bbox 113 797 1272 884; baseline -0.004 -13"><span class='ocrx_word' id='word_1_46' title='bbox 113 816 130 871; x_wconf 77' lang='grc'>1</span> <span class='ocrx_word' id='word_1_47' title='bbox 153 823 230 869; x_wconf 87' lang='lat' dir='ltr'><strong>acre</strong></span> <span class='ocrx_word' id='word_1_48' title='bbox 261 811 435 878; x_wconf 69' lang='lat' dir='ltr'><strong>auerterat,</strong></span> <span class='ocrx_word' id='word_1_49' title='bbox 458 797 620 884; x_wconf 85' lang='lat' dir='ltr'><strong>Pompeius</strong></span> <span class='ocrx_word' id='word_1_50' title='bbox 644 821 699 884; x_wconf 89' lang='lat' dir='ltr'><strong>per</strong></span> <span class='ocrx_word' id='word_1_51' title='bbox 720 798 905 867; x_wconf 83' lang='lat' dir='ltr'><strong>Candauiam</strong></span> <span class='ocrx_word' id='word_1_52' title='bbox 927 802 987 866; x_wconf 88' lang='lat' dir='ltr'><strong>iter</strong></span> <span class='ocrx_word' id='word_1_53' title='bbox 1007 802 1039 866; x_wconf 91' lang='lat' dir='ltr'><strong>in</strong></span> <span class='ocrx_word' id='word_1_54' title='bbox 1061 799 1272 867; x_wconf 83' lang='lat' dir='ltr'><strong>Macedoniam</strong></span> 
     </span>
     <span class='ocr_line' id='line_1_7' title="bbox 150 901 1306 991; baseline -0.002 -20"><span class='ocrx_word' id='word_1_55' title='bbox 150 904 324 991; x_wconf 83' lang='lat' dir='ltr'><strong>expeditum</strong></span> <span class='ocrx_word' id='word_1_56' title='bbox 348 901 487 968; x_wconf 86' lang='lat' dir='ltr'><strong>babebat.</strong></span> <span class='ocrx_word' id='word_1_57' title='bbox 518 905 662 968; x_wconf 80' lang='lat' dir='ltr'><strong>Accessit</strong></span> <span class='ocrx_word' id='word_1_58' title='bbox 682 904 770 970; x_wconf 86' lang='lat' dir='ltr'><strong>etiam</strong></span> <span class='ocrx_word' id='word_1_59' title='bbox 788 926 829 970; x_wconf 79' lang='lat' dir='ltr'><strong>ex</strong></span> <span class='ocrx_word' id='word_1_60' title='bbox 843 904 1007 990; x_wconf 87' lang='lat' dir='ltr'><strong>improuiso</strong></span> <span class='ocrx_word' id='word_1_61' title='bbox 1022 903 1095 968; x_wconf 92' lang='lat' dir='ltr'><strong>aliut</strong></span> <span class='ocrx_word' id='word_1_62' title='bbox 1108 903 1270 969; x_wconf 88' lang='lat' dir='ltr'><strong>incommo·</strong></span> <span class='ocrx_word' id='word_1_63' title='bbox 1286 902 1306 968; x_wconf 85' lang='lat'><strong>3</strong></span> 
     </span>
     <span class='ocr_line' id='line_1_8' title="bbox 152 1003 1274 1092; baseline -0.002 -19"><span class='ocrx_word' id='word_1_64' title='bbox 152 1009 241 1085; x_wconf 79' lang='lat' dir='ltr'><strong>tlon,</strong></span> <span class='ocrx_word' id='word_1_65' title='bbox 267 1007 344 1089; x_wconf 84' lang='lat' dir='ltr'><strong>quod</strong></span> <span class='ocrx_word' id='word_1_66' title='bbox 361 1003 530 1083; x_wconf 84' lang='lat' dir='ltr'><strong>Domitius,</strong></span> <span class='ocrx_word' id='word_1_67' title='bbox 553 1005 603 1089; x_wconf 89' lang='lat' dir='ltr'><strong>qni</strong></span> <span class='ocrx_word' id='word_1_68' title='bbox 620 1007 683 1071; x_wconf 87' lang='lat' dir='ltr'><strong>dies</strong></span> <span class='ocrx_word' id='word_1_69' title='bbox 699 1008 866 1092; x_wconf 86' lang='lat' dir='ltr'><strong>complures</strong></span> <span class='ocrx_word' id='word_1_70' title='bbox 882 1009 990 1071; x_wconf 89' lang='lat' dir='ltr'><strong>castris</strong></span> <span class='ocrx_word' id='word_1_71' title='bbox 1006 1003 1158 1090; x_wconf 81' lang='lat' dir='ltr'><strong>Scipionis</strong></span> <span class='ocrx_word' id='word_1_72' title='bbox 1175 1016 1274 1071; x_wconf 87' lang='lat' dir='ltr'><strong>castra</strong></span> 
     </span>
     <span class='ocr_line' id='line_1_9' title="bbox 151 1106 1272 1186; baseline -0.005 -9"><span class='ocrx_word' id='word_1_73' title='bbox 151 1111 258 1177; x_wconf 83' lang='lat' dir='ltr'><strong>collata</strong></span> <span class='ocrx_word' id='word_1_74' title='bbox 274 1107 450 1186; x_wconf 84' lang='lat' dir='ltr'><strong>habuisset,</strong></span> <span class='ocrx_word' id='word_1_75' title='bbox 467 1107 512 1171; x_wconf 89' lang='lat' dir='ltr'><strong>rei</strong></span> <span class='ocrx_word' id='word_1_76' title='bbox 528 1109 743 1174; x_wconf 82' lang='lat' dir='ltr'><strong>frumentariae</strong></span> <span class='ocrx_word' id='word_1_77' title='bbox 759 1130 849 1175; x_wconf 89' lang='lat' dir='ltr'><strong>causa</strong></span> <span class='ocrx_word' id='word_1_78' title='bbox 863 1110 901 1174; x_wconf 87' lang='lat' dir='ltr'><strong>ab</strong></span> <span class='ocrx_word' id='word_1_79' title='bbox 916 1131 952 1174; x_wconf 91' lang='lat' dir='ltr'><strong>co</strong></span> <span class='ocrx_word' id='word_1_80' title='bbox 966 1110 1150 1173; x_wconf 81' lang='lat' dir='ltr'><strong>discesserat</strong></span> <span class='ocrx_word' id='word_1_81' title='bbox 1164 1119 1195 1172; x_wconf 90' lang='lat' dir='ltr'><strong>et</strong></span> <span class='ocrx_word' id='word_1_82' title='bbox 1210 1106 1272 1171; x_wconf 88' lang='lat' dir='ltr'><strong>lle·</strong></span> 
     </span>
     <span class='ocr_line' id='line_1_10' title="bbox 151 1206 1272 1295; baseline -0.004 -17"><span class='ocrx_word' id='word_1_83' title='bbox 151 1212 273 1279; x_wconf 84' lang='lat' dir='ltr'><strong>racliam</strong></span> <span class='ocrx_word' id='word_1_84' title='bbox 290 1206 498 1295; x_wconf 86' lang='lat' dir='ltr'><strong>[Senticam],</strong></span> <span class='ocrx_word' id='word_1_85' title='bbox 515 1230 592 1293; x_wconf 86' lang='lat' dir='ltr'><strong>quaa</strong></span> <span class='ocrx_word' id='word_1_86' title='bbox 606 1222 653 1276; x_wconf 87' lang='lat' dir='ltr'><strong>est</strong></span> <span class='ocrx_word' id='word_1_87' title='bbox 667 1212 801 1277; x_wconf 86' lang='lat' dir='ltr'><strong>subiecta</strong></span> <span class='ocrx_word' id='word_1_88' title='bbox 812 1208 1006 1289; x_wconf 84' lang='lat' dir='ltr'><strong>Candauiae,</strong></span> <span class='ocrx_word' id='word_1_89' title='bbox 1024 1212 1084 1275; x_wconf 89' lang='lat' dir='ltr'><strong>iter</strong></span> <span class='ocrx_word' id='word_1_90' title='bbox 1099 1212 1222 1285; x_wconf 85' lang='lat' dir='ltr'><strong>lecerat,</strong></span> <span class='ocrx_word' id='word_1_91' title='bbox 1239 1221 1272 1274; x_wconf 88' lang='lat' dir='ltr'><strong>ut</strong></span> 
     </span>
     <span class='ocr_line' id='line_1_11' title="bbox 94 1311 1272 1400; baseline -0.004 -19"><span class='ocrx_word' id='word_1_92' title='bbox 94 1326 128 1381; x_wconf 82' lang='lat' dir='ltr'><strong>to</strong></span> <span class='ocrx_word' id='word_1_93' title='bbox 151 1315 215 1400; x_wconf 83' lang='lat' dir='ltr'><strong>ipss</strong></span> <span class='ocrx_word' id='word_1_94' title='bbox 231 1316 351 1378; x_wconf 73' lang='lat' dir='ltr'><strong>sununs</strong></span> <span class='ocrx_word' id='word_1_95' title='bbox 366 1312 448 1377; x_wconf 90' lang='lat' dir='ltr'><strong>illum</strong></span> <span class='ocrx_word' id='word_1_96' title='bbox 464 1312 585 1379; x_wconf 84' lang='lat' dir='ltr'><strong>obicere</strong></span> <span class='ocrx_word' id='word_1_97' title='bbox 602 1311 746 1398; x_wconf 87' lang='lat' dir='ltr'><strong>Pompeio</strong></span> <span class='ocrx_word' id='word_1_98' title='bbox 761 1315 927 1378; x_wconf 85' lang='lat' dir='ltr'><strong>uideretur.</strong></span> <span class='ocrx_word' id='word_1_99' title='bbox 960 1311 1045 1376; x_wconf 83' lang='lat' dir='ltr'><strong>Haec</strong></span> <span class='ocrx_word' id='word_1_100' title='bbox 1061 1313 1141 1376; x_wconf 91' lang='lat' dir='ltr'><strong>adid</strong></span> <span class='ocrx_word' id='word_1_101' title='bbox 1159 1323 1272 1396; x_wconf 89' lang='lat' dir='ltr'><strong>tempus</strong></span> 
     </span>
     <span class='ocr_line' id='line_1_12' title="bbox 152 1411 1307 1500; baseline -0.003 -19"><span class='ocrx_word' id='word_1_102' title='bbox 152 1413 271 1481; x_wconf 85' lang='lat' dir='ltr'><strong>Caesar</strong></span> <span class='ocrx_word' id='word_1_103' title='bbox 283 1413 451 1498; x_wconf 74' lang='lat' dir='ltr'><strong>ignorabat.</strong></span> <span class='ocrx_word' id='word_1_104' title='bbox 486 1411 584 1479; x_wconf 89' lang='lat' dir='ltr'><strong>Simul</strong></span> <span class='ocrx_word' id='word_1_105' title='bbox 598 1438 616 1479; x_wconf 87' lang='lat' dir='ltr'><strong>a</strong></span> <span class='ocrx_word' id='word_1_106' title='bbox 631 1414 774 1500; x_wconf 87' lang='lat' dir='ltr'><strong>Pompeio</strong></span> <span class='ocrx_word' id='word_1_107' title='bbox 789 1417 896 1480; x_wconf 89' lang='lat' dir='ltr'><strong>litteris</strong></span> <span class='ocrx_word' id='word_1_108' title='bbox 913 1436 966 1499; x_wconf 91' lang='lat' dir='ltr'><strong>per</strong></span> <span class='ocrx_word' id='word_1_109' title='bbox 980 1435 1084 1479; x_wconf 86' lang='lat' dir='ltr'><strong>omncs</strong></span> <span class='ocrx_word' id='word_1_110' title='bbox 1099 1414 1270 1499; x_wconf 87' lang='lat' dir='ltr'><strong>prouincias</strong></span> <span class='ocrx_word' id='word_1_111' title='bbox 1285 1412 1307 1477; x_wconf 79' lang='lat'>4</span> 
     </span>
     <span class='ocr_line' id='line_1_13' title="bbox 150 1516 1271 1604; baseline -0.003 -21"><span class='ocrx_word' id='word_1_112' title='bbox 150 1519 345 1601; x_wconf 84' lang='lat' dir='ltr'><strong>ciuitatesque</strong></span> <span class='ocrx_word' id='word_1_113' title='bbox 361 1516 492 1581; x_wconf 86' lang='lat' dir='ltr'><strong>dimissis</strong></span> <span class='ocrx_word' id='word_1_114' title='bbox 510 1518 622 1601; x_wconf 92' lang='lat' dir='ltr'><strong>proelio</strong></span> <span class='ocrx_word' id='word_1_115' title='bbox 638 1519 675 1582; x_wconf 90' lang='lat' dir='ltr'><strong>ad</strong></span> <span class='ocrx_word' id='word_1_116' title='bbox 687 1516 909 1604; x_wconf 80' lang='lat' dir='ltr'><strong>Dyrrhachium</strong></span> <span class='ocrx_word' id='word_1_117' title='bbox 925 1518 1005 1583; x_wconf 82' lang='lat' dir='ltr'><strong>facto</strong></span> <span class='ocrx_word' id='word_1_118' title='bbox 1020 1516 1109 1582; x_wconf 89' lang='lat' dir='ltr'><strong>latius</strong></span> <span class='ocrx_word' id='word_1_119' title='bbox 1124 1516 1271 1580; x_wconf 83' lang='lat' dir='ltr'><strong>inflatius·</strong></span> 
     </span>
     <span class='ocr_line' id='line_1_14' title="bbox 151 1619 1270 1706; baseline -0.004 -20"><span class='ocrx_word' id='word_1_120' title='bbox 151 1642 209 1705; x_wconf 84' lang='lat' dir='ltr'><strong>qne</strong></span> <span class='ocrx_word' id='word_1_121' title='bbox 224 1619 329 1699; x_wconf 83' lang='lat' dir='ltr'><strong>multa,</strong></span> <span class='ocrx_word' id='word_1_122' title='bbox 339 1640 426 1703; x_wconf 86' lang='lat' dir='ltr'><strong>quam</strong></span> <span class='ocrx_word' id='word_1_123' title='bbox 443 1638 492 1683; x_wconf 88' lang='lat' dir='ltr'><strong>res</strong></span> <span class='ocrx_word' id='word_1_124' title='bbox 508 1631 575 1684; x_wconf 86' lang='lat' dir='ltr'><strong>erat</strong></span> <span class='ocrx_word' id='word_1_125' title='bbox 588 1631 687 1704; x_wconf 82' lang='lat' dir='ltr'><strong>gesta,</strong></span> <span class='ocrx_word' id='word_1_126' title='bbox 698 1622 774 1685; x_wconf 85' lang='lat' dir='ltr'><strong>lama</strong></span> <span class='ocrx_word' id='word_1_127' title='bbox 791 1619 1022 1706; x_wconf 83' lang='lat' dir='ltr'><strong>percrebuerat:</strong></span> <span class='ocrx_word' id='word_1_128' title='bbox 1033 1619 1149 1704; x_wconf 88' lang='lat' dir='ltr'><strong>pulsnm</strong></span> <span class='ocrx_word' id='word_1_129' title='bbox 1164 1620 1270 1702; x_wconf 73' lang='lat' dir='ltr'><strong>fugere</strong></span> 
     </span>
     <span class='ocr_line' id='line_1_15' title="bbox 151 1718 1271 1806; baseline -0.004 -19"><span class='ocrx_word' id='word_1_130' title='bbox 151 1718 317 1787; x_wconf 85' lang='lat' dir='ltr'><strong>Caesarem</strong></span> <span class='ocrx_word' id='word_1_131' title='bbox 333 1740 427 1805; x_wconf 87' lang='lat' dir='ltr'><strong>paene</strong></span> <span class='ocrx_word' id='word_1_132' title='bbox 441 1720 579 1786; x_wconf 89' lang='lat' dir='ltr'><strong>omnibus</strong></span> <span class='ocrx_word' id='word_1_133' title='bbox 595 1723 687 1806; x_wconf 87' lang='lat' dir='ltr'><strong>copiis</strong></span> <span class='ocrx_word' id='word_1_134' title='bbox 703 1723 834 1787; x_wconf 87' lang='lat' dir='ltr'><strong>amissis.</strong></span> <span class='ocrx_word' id='word_1_135' title='bbox 862 1720 947 1787; x_wconf 85' lang='lat' dir='ltr'><strong>llaec</strong></span> <span class='ocrx_word' id='word_1_136' title='bbox 958 1722 1066 1787; x_wconf 89' lang='lat' dir='ltr'><strong>itinera</strong></span> <span class='ocrx_word' id='word_1_137' title='bbox 1076 1722 1189 1784; x_wconf 81' lang='lat' dir='ltr'><strong>infesta</strong></span> <span class='ocrx_word' id='word_1_138' title='bbox 1203 1721 1271 1784; x_wconf 92' lang='lat' dir='ltr'><strong>rcd-</strong></span> 
     </span>
     <span class='ocr_line' id='line_1_16' title="bbox 95 1817 1303 1903; baseline -0.004 -14"><span class='ocrx_word' id='word_1_139' title='bbox 95 1836 128 1893; x_wconf 78' lang='lat' dir='ltr'><strong>tt</strong></span> <span class='ocrx_word' id='word_1_140' title='bbox 150 1825 281 1901; x_wconf 80' lang='lat' dir='ltr'><strong>diderat,</strong></span> <span class='ocrx_word' id='word_1_141' title='bbox 299 1823 374 1887; x_wconf 88' lang='lat' dir='ltr'><strong>haec</strong></span> <span class='ocrx_word' id='word_1_142' title='bbox 388 1823 525 1889; x_wconf 89' lang='lat' dir='ltr'><strong>ciuitates</strong></span> <span class='ocrx_word' id='word_1_143' title='bbox 541 1824 698 1889; x_wconf 85' lang='lat' dir='ltr'><strong>nonnullas</strong></span> <span class='ocrx_word' id='word_1_144' title='bbox 714 1825 750 1888; x_wconf 93' lang='lat' dir='ltr'><strong>ab</strong></span> <span class='ocrx_word' id='word_1_145' title='bbox 766 1825 831 1888; x_wconf 89' lang='lat' dir='ltr'><strong>eius</strong></span> <span class='ocrx_word' id='word_1_146' title='bbox 847 1824 981 1889; x_wconf 89' lang='lat' dir='ltr'><strong>amicitia</strong></span> <span class='ocrx_word' id='word_1_147' title='bbox 995 1822 1163 1888; x_wconf 88' lang='lat' dir='ltr'><strong>auertebat.</strong></span> <span class='ocrx_word' id='word_1_148' title='bbox 1192 1817 1303 1903; x_wconf 81' lang='lat' dir='ltr'><strong>Qui-5</strong></span> 
     </span>
     <span class='ocr_line' id='line_1_17' title="bbox 152 1918 1268 2011; baseline -0.005 -20"><span class='ocrx_word' id='word_1_149' title='bbox 152 1927 210 1991; x_wconf 90' lang='lat' dir='ltr'><strong>bns</strong></span> <span class='ocrx_word' id='word_1_150' title='bbox 225 1925 334 1990; x_wconf 88' lang='lat' dir='ltr'><strong>accidit</strong></span> <span class='ocrx_word' id='word_1_151' title='bbox 347 1924 454 2005; x_wconf 81' lang='lat' dir='ltr'><strong>rebus,</strong></span> <span class='ocrx_word' id='word_1_152' title='bbox 471 1937 505 1991; x_wconf 91' lang='lat' dir='ltr'><strong>ut</strong></span> <span class='ocrx_word' id='word_1_153' title='bbox 519 1925 652 2011; x_wconf 87' lang='lat' dir='ltr'><strong>pluribus</strong></span> <span class='ocrx_word' id='word_1_154' title='bbox 668 1927 784 1990; x_wconf 86' lang='lat' dir='ltr'><strong>dimissi</strong></span> <span class='ocrx_word' id='word_1_155' title='bbox 800 1926 956 1991; x_wconf 88' lang='lat' dir='ltr'><strong>itineribus</strong></span> <span class='ocrx_word' id='word_1_156' title='bbox 971 1946 988 1988; x_wconf 96' lang='lat' dir='ltr'><strong>a</strong></span> <span class='ocrx_word' id='word_1_157' title='bbox 1004 1918 1138 1988; x_wconf 87' lang='lat' dir='ltr'><strong>Caesare</strong></span> <span class='ocrx_word' id='word_1_158' title='bbox 1153 1923 1189 1987; x_wconf 88' lang='lat' dir='ltr'><strong>ad</strong></span> <span class='ocrx_word' id='word_1_159' title='bbox 1205 1920 1268 1986; x_wconf 84' lang='lat' dir='ltr'><strong>llo·</strong></span> 
     </span>
     <span class='ocr_line' id='line_1_18' title="bbox 152 2022 1269 2109; baseline -0.004 -17"><span class='ocrx_word' id='word_1_160' title='bbox 152 2026 269 2092; x_wconf 77' lang='grc' dir='ltr'>ιιιίιὶιιιιι</span> <span class='ocrx_word' id='word_1_161' title='bbox 284 2036 316 2091; x_wconf 87' lang='lat' dir='ltr'><strong>et</strong></span> <span class='ocrx_word' id='word_1_162' title='bbox 329 2022 489 2093; x_wconf 76' lang='lat' dir='ltr'><strong>ananius</strong></span> <span class='ocrx_word' id='word_1_163' title='bbox 504 2030 542 2094; x_wconf 93' lang='lat' dir='ltr'><strong>ad</strong></span> <span class='ocrx_word' id='word_1_164' title='bbox 558 2026 721 2094; x_wconf 85' lang='lat' dir='ltr'><strong>Caesarem</strong></span> <span class='ocrx_word' id='word_1_165' title='bbox 738 2028 817 2092; x_wconf 86' lang='lat' dir='ltr'><strong>nulla</strong></span> <span class='ocrx_word' id='word_1_166' title='bbox 833 2027 951 2090; x_wconf 89' lang='lat' dir='ltr'><strong>ratione</strong></span> <span class='ocrx_word' id='word_1_167' title='bbox 965 2027 1024 2090; x_wconf 88' lang='lat' dir='ltr'><strong>iter</strong></span> <span class='ocrx_word' id='word_1_168' title='bbox 1038 2027 1187 2090; x_wconf 82' lang='lat' dir='ltr'><strong>conficere</strong></span> <span class='ocrx_word' id='word_1_169' title='bbox 1202 2044 1269 2109; x_wconf 85' lang='lat' dir='ltr'><strong>pos·</strong></span> 
     </span>
     <span class='ocr_line' id='line_1_19' title="bbox 151 2123 1307 2214; baseline -0.005 -19"><span class='ocrx_word' id='word_1_170' title='bbox 151 2140 233 2195; x_wconf 84' lang='lat' dir='ltr'><strong>sent.</strong></span> <span class='ocrx_word' id='word_1_171' title='bbox 265 2124 328 2195; x_wconf 82' lang='lat' dir='ltr'><strong>Sed</strong></span> <span class='ocrx_word' id='word_1_172' title='bbox 341 2128 540 2214; x_wconf 76' lang='lat' dir='ltr'><strong>Allobroges,</strong></span> <span class='ocrx_word' id='word_1_173' title='bbox 557 2127 688 2194; x_wconf 84' lang='lat' dir='ltr'><strong>Roucilli</strong></span> <span class='ocrx_word' id='word_1_174' title='bbox 705 2140 793 2212; x_wconf 80' lang='lat' dir='ltr'><strong>atqtte</strong></span> <span class='ocrx_word' id='word_1_175' title='bbox 810 2127 868 2212; x_wconf 79' lang='lat' dir='ltr'><strong>Egi</strong></span> <span class='ocrx_word' id='word_1_176' title='bbox 886 2128 1065 2204; x_wconf 76' lang='lat' dir='ltr'><strong>familiares,</strong></span> <span class='ocrx_word' id='word_1_177' title='bbox 1082 2149 1157 2210; x_wconf 91' lang='lat' dir='ltr'><strong>qnos</strong></span> <span class='ocrx_word' id='word_1_178' title='bbox 1173 2123 1307 2210; x_wconf 80' lang='lat' dir='ltr'><strong>perso-h</strong></span> 
     </span>
     <span class='ocr_line' id='line_1_20' title="bbox 151 2227 1271 2317; baseline -0.011 -17"><span class='ocrx_word' id='word_1_179' title='bbox 151 2237 233 2317; x_wconf 73' lang='lat' dir='ltr'><strong>gissa</strong></span> <span class='ocrx_word' id='word_1_180' title='bbox 248 2232 286 2297; x_wconf 88' lang='lat' dir='ltr'><strong>ad</strong></span> <span class='ocrx_word' id='word_1_181' title='bbox 293 2228 467 2316; x_wconf 83' lang='lat' dir='ltr'><strong>Pompeium</strong></span> <span class='ocrx_word' id='word_1_182' title='bbox 483 2234 765 2310; x_wconf 84' lang='lat' dir='ltr'><strong>demonstrauimus,</strong></span> <span class='ocrx_word' id='word_1_183' title='bbox 783 2231 946 2316; x_wconf 87' lang='lat' dir='ltr'><strong>conspicati</strong></span> <span class='ocrx_word' id='word_1_184' title='bbox 960 2229 992 2293; x_wconf 86' lang='lat' dir='ltr'><strong>in</strong></span> <span class='ocrx_word' id='word_1_185' title='bbox 1007 2228 1116 2292; x_wconf 90' lang='lat' dir='ltr'><strong>itinere</strong></span> <span class='ocrx_word' id='word_1_186' title='bbox 1131 2227 1271 2310; x_wconf 80' lang='lat' dir='ltr'><strong>explora-</strong></span> 
     </span>
    </p>
   </div>
   <div class='ocr_carea' id='block_1_3' title="bbox 93 2327 1327 3033">
    <p class='ocr_par' dir='ltr' id='par_1_3' title="bbox 93 2327 1305 2827">
     <span class='ocr_line' id='line_1_21' title="bbox 93 2327 1270 2419; baseline -0.009 -16"><span class='ocrx_word' id='word_1_187' title='bbox 93 2346 129 2403; x_wconf 75' lang='grc'><strong>21</strong></span> <span class='ocrx_word' id='word_1_188' title='bbox 151 2345 234 2399; x_wconf 87' lang='lat' dir='ltr'><strong>toros</strong></span> <span class='ocrx_word' id='word_1_189' title='bbox 251 2331 372 2399; x_wconf 86' lang='lat' dir='ltr'><strong>Domitii</strong></span> <span class='ocrx_word' id='word_1_190' title='bbox 395 2352 450 2399; x_wconf 86' lang='lat' dir='ltr'><strong>seu</strong></span> <span class='ocrx_word' id='word_1_191' title='bbox 473 2335 600 2419; x_wconf 80' lang='lat' dir='ltr'><strong>pristina</strong></span> <span class='ocrx_word' id='word_1_192' title='bbox 622 2356 677 2400; x_wconf 85' lang='lat' dir='ltr'><strong>sua</strong></span> <span class='ocrx_word' id='word_1_193' title='bbox 697 2334 933 2411; x_wconf 91' lang='lat' dir='ltr'><strong>consuetudine,</strong></span> <span class='ocrx_word' id='word_1_194' title='bbox 957 2330 1034 2415; x_wconf 86' lang='lat' dir='ltr'><strong>quod</strong></span> <span class='ocrx_word' id='word_1_195' title='bbox 1050 2350 1109 2395; x_wconf 87' lang='lat' dir='ltr'><strong>unu</strong></span> <span class='ocrx_word' id='word_1_196' title='bbox 1123 2330 1154 2392; x_wconf 90' lang='lat' dir='ltr'><strong>in</strong></span> <span class='ocrx_word' id='word_1_197' title='bbox 1171 2327 1270 2393; x_wconf 88' lang='lat' dir='ltr'><strong>Gallia</strong></span> 
     </span>
     <span class='ocr_line' id='line_1_22' title="bbox 151 2435 1270 2522; baseline -0.006 -19"><span class='ocrx_word' id='word_1_198' title='bbox 151 2435 232 2503; x_wconf 85' lang='lat' dir='ltr'><strong>bella</strong></span> <span class='ocrx_word' id='word_1_199' title='bbox 246 2445 414 2522; x_wconf 68' lang='lat' dir='ltr'><strong>ganum,</strong></span> <span class='ocrx_word' id='word_1_200' title='bbox 426 2457 480 2500; x_wconf 91' lang='lat' dir='ltr'><strong>seu</strong></span> <span class='ocrx_word' id='word_1_201' title='bbox 495 2435 590 2520; x_wconf 83' lang='lat' dir='ltr'><strong>gloria</strong></span> <span class='ocrx_word' id='word_1_202' title='bbox 606 2437 676 2501; x_wconf 91' lang='lat' dir='ltr'><strong>elati</strong></span> <span class='ocrx_word' id='word_1_203' title='bbox 692 2448 813 2515; x_wconf 88' lang='lat' dir='ltr'><strong>cuncta,</strong></span> <span class='ocrx_word' id='word_1_204' title='bbox 826 2447 859 2501; x_wconf 90' lang='lat' dir='ltr'><strong>ut</strong></span> <span class='ocrx_word' id='word_1_205' title='bbox 873 2447 959 2500; x_wconf 90' lang='lat' dir='ltr'><strong>erant</strong></span> <span class='ocrx_word' id='word_1_206' title='bbox 973 2446 1054 2511; x_wconf 79' lang='lat' dir='ltr'><strong>acta,</strong></span> <span class='ocrx_word' id='word_1_207' title='bbox 1064 2443 1270 2518; x_wconf 87' lang='lat' dir='ltr'><strong>exposuerunt</strong></span> 
     </span>
     <span class='ocr_line' id='line_1_23' title="bbox 154 2534 1305 2625; baseline 0 -23"><span class='ocrx_word' id='word_1_208' title='bbox 154 2548 186 2603; x_wconf 91' lang='lat' dir='ltr'><strong>et</strong></span> <span class='ocrx_word' id='word_1_209' title='bbox 199 2534 344 2607; x_wconf 78' lang='lat' dir='ltr'><strong>Caesaris</strong></span> <span class='ocrx_word' id='word_1_210' title='bbox 360 2539 586 2622; x_wconf 75' lang='lat' dir='ltr'><strong>profectionem,</strong></span> <span class='ocrx_word' id='word_1_211' title='bbox 604 2540 764 2603; x_wconf 84' lang='lat' dir='ltr'><strong>aduentum</strong></span> <span class='ocrx_word' id='word_1_212' title='bbox 778 2537 900 2625; x_wconf 81' lang='lat' dir='ltr'><strong>Pompei</strong></span> <span class='ocrx_word' id='word_1_213' title='bbox 916 2541 1091 2604; x_wconf 86' lang='lat' dir='ltr'><strong>docuerunt.</strong></span> <span class='ocrx_word' id='word_1_214' title='bbox 1117 2535 1148 2599; x_wconf 84' lang='grc' dir='ltr'>Α</span> <span class='ocrx_word' id='word_1_215' title='bbox 1162 2536 1269 2619; x_wconf 90' lang='lat' dir='ltr'><strong>quibus</strong></span> <span class='ocrx_word' id='word_1_216' title='bbox 1284 2536 1305 2602; x_wconf 91' lang='grc'><strong>7</strong></span> 
     </span>
     <span class='ocr_line' id='line_1_24' title="bbox 152 2636 1271 2726; baseline -0.004 -21"><span class='ocrx_word' id='word_1_217' title='bbox 152 2636 301 2705; x_wconf 80' lang='lat' dir='ltr'><strong>Domitius</strong></span> <span class='ocrx_word' id='word_1_218' title='bbox 317 2639 428 2703; x_wconf 88' lang='lat' dir='ltr'><strong>certior</strong></span> <span class='ocrx_word' id='word_1_219' title='bbox 443 2641 539 2705; x_wconf 84' lang='lat' dir='ltr'><strong>iactus</strong></span> <span class='ocrx_word' id='word_1_220' title='bbox 554 2641 608 2704; x_wconf 85' lang='lat' dir='ltr'><strong>uix</strong></span> <span class='ocrx_word' id='word_1_221' title='bbox 624 2653 670 2705; x_wconf 85' lang='lat' dir='ltr'><strong>nu</strong></span> <span class='ocrx_word' id='word_1_222' title='bbox 686 2642 826 2706; x_wconf 87' lang='lat' dir='ltr'><strong>horarum</strong></span> <span class='ocrx_word' id='word_1_223' title='bbox 838 2643 935 2726; x_wconf 88' lang='lat' dir='ltr'><strong>spatio</strong></span> <span class='ocrx_word' id='word_1_224' title='bbox 947 2642 1129 2706; x_wconf 87' lang='lat' dir='ltr'><strong>antecedens</strong></span> <span class='ocrx_word' id='word_1_225' title='bbox 1142 2639 1271 2703; x_wconf 89' lang='lat' dir='ltr'><strong>hostium</strong></span> 
     </span>
     <span class='ocr_line' id='line_1_25' title="bbox 151 2740 1270 2827; baseline -0.007 -18"><span class='ocrx_word' id='word_1_226' title='bbox 151 2742 298 2809; x_wconf 89' lang='lat' dir='ltr'><strong>bcnehcio</strong></span> <span class='ocrx_word' id='word_1_227' title='bbox 313 2740 476 2824; x_wconf 90' lang='lat' dir='ltr'><strong>pericnlum</strong></span> <span class='ocrx_word' id='word_1_228' title='bbox 493 2743 602 2807; x_wconf 92' lang='lat' dir='ltr'><strong>uitauit</strong></span> <span class='ocrx_word' id='word_1_229' title='bbox 617 2745 697 2808; x_wconf 89' lang='lat' dir='ltr'><strong>etad</strong></span> <span class='ocrx_word' id='word_1_230' title='bbox 713 2744 894 2827; x_wconf 77' lang='lat' dir='ltr'><strong>Aeginium,</strong></span> <span class='ocrx_word' id='word_1_231' title='bbox 913 2743 988 2826; x_wconf 92' lang='lat' dir='ltr'><strong>quod</strong></span> <span class='ocrx_word' id='word_1_232' title='bbox 1004 2752 1053 2804; x_wconf 89' lang='lat' dir='ltr'><strong>est</strong></span> <span class='ocrx_word' id='word_1_233' title='bbox 1067 2741 1202 2823; x_wconf 90' lang='lat' dir='ltr'><strong>oppidum</strong></span> <span class='ocrx_word' id='word_1_234' title='bbox 1218 2762 1270 2823; x_wconf 90' lang='lat' dir='ltr'><strong>op·</strong></span> 
     </span>
    </p>

    <p class='ocr_par' dir='ltr' id='par_1_4' title="bbox 94 2840 1327 3033">
     <span class='ocr_line' id='line_1_26' title="bbox 94 2840 1327 2930; baseline -0.006 -21"><span class='ocrx_word' id='word_1_235' title='bbox 94 2858 131 2913; x_wconf 77' lang='lat' dir='ltr'><strong>st</strong></span> <span class='ocrx_word' id='word_1_236' title='bbox 152 2845 281 2930; x_wconf 87' lang='lat' dir='ltr'><strong>positum</strong></span> <span class='ocrx_word' id='word_1_237' title='bbox 292 2841 481 2922; x_wconf 83' lang='lat' dir='ltr'><strong>Thessaliae,</strong></span> <span class='ocrx_word' id='word_1_238' title='bbox 493 2841 619 2909; x_wconf 89' lang='lat' dir='ltr'><strong>Caesari</strong></span> <span class='ocrx_word' id='word_1_239' title='bbox 634 2847 767 2910; x_wconf 88' lang='lat' dir='ltr'><strong>uenienti</strong></span> <span class='ocrx_word' id='word_1_240' title='bbox 784 2846 922 2910; x_wconf 85' lang='lat' dir='ltr'><strong>occurrit.</strong></span> <span class='ocrx_word' id='word_1_241' title='bbox 947 2840 1118 2908; x_wconf 89' lang='lat' dir='ltr'><strong>Coniuncto</strong></span> <span class='ocrx_word' id='word_1_242' title='bbox 1134 2840 1327 2911; x_wconf 83' lang='lat' dir='ltr'><strong>exercitn80</strong></span> 
     </span>
     <span class='ocr_line' id='line_1_27' title="bbox 153 2940 1272 3033; baseline -0.006 -20"><span class='ocrx_word' id='word_1_243' title='bbox 153 2945 270 3013; x_wconf 84' lang='lat' dir='ltr'><strong>Caesar</strong></span> <span class='ocrx_word' id='word_1_244' title='bbox 284 2945 439 3033; x_wconf 83' lang='lat' dir='ltr'><strong>Gomphos</strong></span> <span class='ocrx_word' id='word_1_245' title='bbox 462 2949 617 3032; x_wconf 85' lang='lat' dir='ltr'><strong>peruenit,</strong></span> <span class='ocrx_word' id='word_1_246' title='bbox 644 2949 720 3032; x_wconf 86' lang='lat' dir='ltr'><strong>quod</strong></span> <span class='ocrx_word' id='word_1_247' title='bbox 736 2960 784 3012; x_wconf 88' lang='lat' dir='ltr'><strong>est</strong></span> <span class='ocrx_word' id='word_1_248' title='bbox 799 2949 935 3032; x_wconf 88' lang='lat' dir='ltr'><strong>oppidum</strong></span> <span class='ocrx_word' id='word_1_249' title='bbox 951 2946 1075 3030; x_wconf 88' lang='lat' dir='ltr'><strong>primum</strong></span> <span class='ocrx_word' id='word_1_250' title='bbox 1092 2940 1272 3006; x_wconf 83' lang='lat' dir='ltr'><strong>Thessaliae</strong></span> 
     </span>
    </p>
   </div>
   <div class='ocr_carea' id='block_1_4' title="bbox 152 3115 1278 4350">
    <p class='ocr_par' dir='ltr' id='par_1_5' title="bbox 152 3115 1275 3730">
     <span class='ocr_line' id='line_1_28' title="bbox 261 3115 1272 3189; baseline -0.005 -17"><span class='ocrx_word' id='word_1_251' title='bbox 261 3120 273 3172; x_wconf 97' lang='grc'>1</span> <span class='ocrx_word' id='word_1_252' title='bbox 289 3127 420 3189; x_wconf 78' lang='lat' dir='ltr'><strong>spectaret</strong></span> <span class='ocrx_word' id='word_1_253' title='bbox 431 3137 447 3172; x_wconf 85' lang='grc' dir='ltr'><strong>ιι</strong></span> <span class='ocrx_word' id='word_1_254' title='bbox 457 3122 481 3172; x_wconf 89' lang='lat' dir='ltr'><strong>h.</strong></span> <span class='ocrx_word' id='word_1_255' title='bbox 587 3121 604 3172; x_wconf 76' lang='lat'>2</span> <span class='ocrx_word' id='word_1_256' title='bbox 617 3121 807 3185; x_wconf 70' lang='lat' dir='ltr'><strong>adgrederetur</strong></span> <span class='ocrx_word' id='word_1_257' title='bbox 819 3137 846 3172; x_wconf 88' lang='lat' dir='ltr'><strong>a.</strong></span> <span class='ocrx_word' id='word_1_258' title='bbox 951 3117 991 3167; x_wconf 88' lang='lat' dir='ltr'><strong>bis</strong></span> <span class='ocrx_word' id='word_1_259' title='bbox 1004 3133 1021 3167; x_wconf 85' lang='grc' dir='ltr'><strong>ιι</strong></span> <span class='ocrx_word' id='word_1_260' title='bbox 1034 3115 1094 3167; x_wconf 86' lang='lat' dir='ltr'><strong>add.</strong></span> <span class='ocrx_word' id='word_1_261' title='bbox 1104 3119 1221 3182; x_wconf 75' lang='lat' dir='ltr'><strong>priores,</strong></span> <span class='ocrx_word' id='word_1_262' title='bbox 1240 3116 1272 3168; x_wconf 89' lang='lat' dir='ltr'><strong>iis</strong></span> 
     </span>
     <span class='ocr_line' id='line_1_29' title="bbox 156 3191 1272 3248; baseline 0.001 -5"><span class='ocrx_word' id='word_1_263' title='bbox 156 3193 185 3244; x_wconf 84' lang='grc' dir='ltr'><strong>Ρ.</strong></span> <span class='ocrx_word' id='word_1_264' title='bbox 199 3191 340 3247; x_wconf 71' lang='lat' dir='ltr'><strong>Hsnuttrrs</strong></span> <span class='ocrx_word' id='word_1_265' title='bbox 351 3212 380 3247; x_wconf 88' lang='grc' dir='ltr'><strong>ιι.</strong></span> <span class='ocrx_word' id='word_1_266' title='bbox 504 3196 519 3248; x_wconf 82' lang='grc'>3</span> <span class='ocrx_word' id='word_1_267' title='bbox 533 3202 560 3246; x_wconf 85' lang='lat' dir='ltr'><strong>et</strong></span> <span class='ocrx_word' id='word_1_268' title='bbox 571 3201 635 3246; x_wconf 77' lang='lat' dir='ltr'><strong>urata</strong></span> <span class='ocrx_word' id='word_1_269' title='bbox 648 3196 681 3246; x_wconf 88' lang='lat' dir='ltr'><strong>ad</strong></span> <span class='ocrx_word' id='word_1_270' title='bbox 694 3211 747 3245; x_wconf 84' lang='lat' dir='ltr'><strong>om.</strong></span> <span class='ocrx_word' id='word_1_271' title='bbox 762 3197 836 3246; x_wconf 67' lang='lat' dir='ltr'><strong>‘msa</strong></span> <span class='ocrx_word' id='word_1_272' title='bbox 851 3193 884 3245; x_wconf 78' lang='grc' dir='ltr'><strong>θ’.</strong></span> <span class='ocrx_word' id='word_1_273' title='bbox 1001 3196 1017 3245; x_wconf 82' lang='grc'>1</span> <span class='ocrx_word' id='word_1_274' title='bbox 1030 3193 1160 3243; x_wconf 86' lang='lat' dir='ltr'><strong>occasioni</strong></span> <span class='ocrx_word' id='word_1_275' title='bbox 1174 3191 1272 3244; x_wconf 82' lang='lat' dir='ltr'><strong>Vasco·</strong></span> 
     </span>
     <span class='ocr_line' id='line_1_30' title="bbox 152 3269 1273 3341; baseline -0.006 -15"><span class='ocrx_word' id='word_1_276' title='bbox 152 3288 247 3339; x_wconf 79' lang='grc' dir='ltr'>ιιιιιιι,</span> <span class='ocrx_word' id='word_1_277' title='bbox 261 3277 398 3328; x_wconf 79' lang='lat' dir='ltr'><strong>counione</strong></span> <span class='ocrx_word' id='word_1_278' title='bbox 410 3277 483 3328; x_wconf 83' lang='lat' dir='ltr'><strong>abc.</strong></span> <span class='ocrx_word' id='word_1_279' title='bbox 599 3274 735 3341; x_wconf 79' lang='lat' dir='ltr'><strong>Apollonia</strong></span> <span class='ocrx_word' id='word_1_280' title='bbox 749 3276 823 3325; x_wconf 75' lang='grc' dir='ltr'><strong>ιιιιιι.</strong></span> <span class='ocrx_word' id='word_1_281' title='bbox 837 3272 963 3324; x_wconf 83' lang='lat' dir='ltr'><strong>srrab&#39;ores</strong></span> <span class='ocrx_word' id='word_1_282' title='bbox 976 3276 1004 3322; x_wconf 85' lang='lat' dir='ltr'><strong>rt</strong></span> <span class='ocrx_word' id='word_1_283' title='bbox 1011 3271 1153 3338; x_wconf 79' lang='lat' dir='ltr'><strong>pleripua&#39;,</strong></span> <span class='ocrx_word' id='word_1_284' title='bbox 1169 3269 1273 3336; x_wconf 77' lang='lat' dir='ltr'><strong>Apollo-</strong></span> 
     </span>
     <span class='ocr_line' id='line_1_31' title="bbox 153 3346 1272 3416; baseline -0.006 -13"><span class='ocrx_word' id='word_1_285' title='bbox 153 3354 222 3404; x_wconf 81' lang='lat' dir='ltr'><strong>slam</strong></span> <span class='ocrx_word' id='word_1_286' title='bbox 234 3369 251 3404; x_wconf 86' lang='grc' dir='ltr'><strong>ιι</strong></span> <span class='ocrx_word' id='word_1_287' title='bbox 265 3355 330 3405; x_wconf 79' lang='lat' dir='ltr'><strong>‘arsa&#39;</strong></span> <span class='ocrx_word' id='word_1_288' title='bbox 339 3355 374 3408; x_wconf 63' lang='grc' dir='ltr'><strong>δ’.</strong></span> <span class='ocrx_word' id='word_1_289' title='bbox 493 3353 518 3404; x_wconf 87' lang='lat' dir='ltr'><strong>‘a</strong></span> <span class='ocrx_word' id='word_1_290' title='bbox 532 3354 582 3404; x_wconf 92' lang='lat' dir='ltr'><strong>dir.</strong></span> <span class='ocrx_word' id='word_1_291' title='bbox 596 3356 642 3404; x_wconf 84' lang='lat' dir='ltr'><strong>usl</strong></span> <span class='ocrx_word' id='word_1_292' title='bbox 654 3369 669 3404; x_wconf 84' lang='lat' dir='ltr'><strong>e</strong></span> <span class='ocrx_word' id='word_1_293' title='bbox 682 3353 797 3407; x_wconf 87' lang='lat' dir='ltr'><strong>derceto&#39;</strong></span> <span class='ocrx_word' id='word_1_294' title='bbox 811 3352 859 3416; x_wconf 85' lang='lat' dir='ltr'><strong>hd,</strong></span> <span class='ocrx_word' id='word_1_295' title='bbox 874 3366 889 3400; x_wconf 87' lang='grc' dir='ltr'>ι</span> <span class='ocrx_word' id='word_1_296' title='bbox 903 3357 991 3401; x_wconf 89' lang='lat' dir='ltr'><strong>erecto</strong></span> <span class='ocrx_word' id='word_1_297' title='bbox 1004 3365 1031 3400; x_wconf 86' lang='lat' dir='ltr'><strong>o.</strong></span> <span class='ocrx_word' id='word_1_298' title='bbox 1154 3347 1169 3398; x_wconf 83' lang='lat' dir='ltr'><strong>b</strong></span> <span class='ocrx_word' id='word_1_299' title='bbox 1183 3346 1272 3413; x_wconf 87' lang='lat' dir='ltr'><strong>ctiam]</strong></span> 
     </span>
     <span class='ocr_line' id='line_1_32' title="bbox 153 3424 1274 3496; baseline -0.004 -17"><span class='ocrx_word' id='word_1_300' title='bbox 153 3430 324 3482; x_wconf 81' lang='lat' dir='ltr'><strong>antemshc.</strong></span> <span class='ocrx_word' id='word_1_301' title='bbox 430 3431 497 3482; x_wconf 89' lang='lat' dir='ltr'><strong>aliut</strong></span> <span class='ocrx_word' id='word_1_302' title='bbox 509 3447 536 3481; x_wconf 86' lang='lat' dir='ltr'><strong>a.</strong></span> <span class='ocrx_word' id='word_1_303' title='bbox 641 3431 844 3496; x_wconf 75' lang='lat' dir='ltr'><strong>lquiom.ub.</strong></span> <span class='ocrx_word' id='word_1_304' title='bbox 962 3424 1274 3488; x_wconf 75' lang='lat' dir='ltr'><strong>dllcrneliumo,llera-</strong></span> 
     </span>
     <span class='ocr_line' id='line_1_33' title="bbox 153 3502 1273 3575; baseline -0.004 -17"><span class='ocrx_word' id='word_1_305' title='bbox 153 3508 236 3559; x_wconf 81' lang='lat' dir='ltr'><strong>clean</strong></span> <span class='ocrx_word' id='word_1_306' title='bbox 248 3522 277 3559; x_wconf 89' lang='grc' dir='ltr'><strong>ιι.</strong></span> <span class='ocrx_word' id='word_1_307' title='bbox 394 3508 555 3560; x_wconf 73' lang='lat' dir='ltr'><strong>lscnticaau</strong></span> <span class='ocrx_word' id='word_1_308' title='bbox 568 3512 693 3575; x_wconf 76' lang='lat' dir='ltr'><strong>spurium</strong></span> <span class='ocrx_word' id='word_1_309' title='bbox 705 3508 842 3559; x_wconf 83' lang='lat' dir='ltr'><strong>s&#39;asda&#39;cuus&#39;t</strong></span> <span class='ocrx_word' id='word_1_310' title='bbox 856 3505 1003 3558; x_wconf 83' lang='lat' dir='ltr'><strong>Cellsrs&#39;us.</strong></span> <span class='ocrx_word' id='word_1_311' title='bbox 1123 3502 1273 3556; x_wconf 82' lang='lat' dir='ltr'><strong>llllortune</strong></span> 
     </span>
     <span class='ocr_line' id='line_1_34' title="bbox 153 3580 1275 3651; baseline -0.002 -18"><span class='ocrx_word' id='word_1_312' title='bbox 153 3583 268 3636; x_wconf 84' lang='lat' dir='ltr'><strong>obiicere</strong></span> <span class='ocrx_word' id='word_1_313' title='bbox 280 3599 337 3636; x_wconf 87' lang='lat' dir='ltr'><strong>enm</strong></span> <span class='ocrx_word' id='word_1_314' title='bbox 351 3585 437 3651; x_wconf 87' lang='lat' dir='ltr'><strong>Pomp.</strong></span> <span class='ocrx_word' id='word_1_315' title='bbox 455 3588 479 3637; x_wconf 89' lang='lat' dir='ltr'><strong>b.</strong></span> <span class='ocrx_word' id='word_1_316' title='bbox 599 3587 631 3637; x_wconf 78' lang='lat'><strong>12</strong></span> <span class='ocrx_word' id='word_1_317' title='bbox 643 3585 730 3635; x_wconf 86' lang='lat' dir='ltr'><strong>missis</strong></span> <span class='ocrx_word' id='word_1_318' title='bbox 745 3584 769 3634; x_wconf 92' lang='lat' dir='ltr'><strong>h.</strong></span> <span class='ocrx_word' id='word_1_319' title='bbox 875 3582 974 3648; x_wconf 90' lang='lat' dir='ltr'><strong>proelio</strong></span> <span class='ocrx_word' id='word_1_320' title='bbox 986 3608 1021 3618; x_wconf 92' lang='lat'>—</span> <span class='ocrx_word' id='word_1_321' title='bbox 1035 3580 1104 3631; x_wconf 83' lang='lat' dir='ltr'><strong>lacto</strong></span> <span class='ocrx_word' id='word_1_322' title='bbox 1117 3596 1134 3630; x_wconf 86' lang='lat' dir='ltr'><strong>n</strong></span> <span class='ocrx_word' id='word_1_323' title='bbox 1144 3597 1167 3643; x_wconf 87' lang='lat' dir='ltr'><strong>e,</strong></span> <span class='ocrx_word' id='word_1_324' title='bbox 1182 3582 1275 3646; x_wconf 88' lang='lat' dir='ltr'><strong>procli·</strong></span> 
     </span>
     <span class='ocr_line' id='line_1_35' title="bbox 153 3658 1273 3730; baseline -0.003 -19"><span class='ocrx_word' id='word_1_325' title='bbox 153 3676 194 3711; x_wconf 88' lang='lat' dir='ltr'><strong>nm</strong></span> <span class='ocrx_word' id='word_1_326' title='bbox 210 3688 240 3700; x_wconf 89' lang='lat'>-</span> <span class='ocrx_word' id='word_1_327' title='bbox 256 3661 353 3713; x_wconf 81' lang='lat' dir='ltr'><strong>lactum</strong></span> <span class='ocrx_word' id='word_1_328' title='bbox 368 3664 399 3725; x_wconf 88' lang='lat' dir='ltr'><strong>b,·</strong></span> <span class='ocrx_word' id='word_1_329' title='bbox 414 3664 446 3714; x_wconf 92' lang='lat' dir='ltr'><strong>de</strong></span> <span class='ocrx_word' id='word_1_330' title='bbox 459 3663 559 3730; x_wconf 87' lang='lat' dir='ltr'><strong>proelio</strong></span> <span class='ocrx_word' id='word_1_331' title='bbox 571 3690 606 3701; x_wconf 97' lang='lat'>—</span> <span class='ocrx_word' id='word_1_332' title='bbox 619 3663 689 3713; x_wconf 79' lang='lat' dir='ltr'><strong>lacto</strong></span> <span class='ocrx_word' id='word_1_333' title='bbox 702 3662 829 3727; x_wconf 79' lang='lat' dir='ltr'><strong>Scaliger</strong></span> <span class='ocrx_word' id='word_1_334' title='bbox 841 3677 868 3711; x_wconf 91' lang='lat' dir='ltr'><strong>u.</strong></span> <span class='ocrx_word' id='word_1_335' title='bbox 974 3659 1058 3709; x_wconf 88' lang='lat' dir='ltr'><strong>lacius</strong></span> <span class='ocrx_word' id='word_1_336' title='bbox 1069 3658 1273 3724; x_wconf 84' lang='lat' dir='ltr'><strong>indscinsqneu.</strong></span> 
     </span>
    </p>

    <p class='ocr_par' dir='ltr' id='par_1_6' title="bbox 152 3736 1275 4116">
     <span class='ocr_line' id='line_1_36' title="bbox 263 3736 1165 3807; baseline -0.007 -15"><span class='ocrx_word' id='word_1_337' title='bbox 263 3740 294 3792; x_wconf 88' lang='grc'><strong>11</strong></span> <span class='ocrx_word' id='word_1_338' title='bbox 307 3757 374 3807; x_wconf 87' lang='lat' dir='ltr'><strong>pene</strong></span> <span class='ocrx_word' id='word_1_339' title='bbox 387 3758 413 3794; x_wconf 88' lang='lat' dir='ltr'><strong>u.</strong></span> <span class='ocrx_word' id='word_1_340' title='bbox 518 3740 717 3807; x_wconf 81' lang='lat' dir='ltr'><strong>reddiderat(u)</strong></span> <span class='ocrx_word' id='word_1_341' title='bbox 727 3743 741 3792; x_wconf 87' lang='grc'>1</span> <span class='ocrx_word' id='word_1_342' title='bbox 750 3740 818 3791; x_wconf 86' lang='lat' dir='ltr'><strong>dett.</strong></span> <span class='ocrx_word' id='word_1_343' title='bbox 828 3756 846 3789; x_wconf 87' lang='lat' dir='ltr'><strong>u</strong></span> <span class='ocrx_word' id='word_1_344' title='bbox 856 3736 1165 3805; x_wconf 80' lang='lat' dir='ltr'><strong>(sucrutrcddidcrant).</strong></span> 
     </span>
     <span class='ocr_line' id='line_1_37' title="bbox 154 3813 1273 3884; baseline -0.004 -13"><span class='ocrx_word' id='word_1_345' title='bbox 154 3819 186 3871; x_wconf 78' lang='lat' dir='ltr'><strong>lb</strong></span> <span class='ocrx_word' id='word_1_346' title='bbox 200 3819 340 3871; x_wconf 86' lang='lat' dir='ltr'><strong>auertebat</strong></span> <span class='ocrx_word' id='word_1_347' title='bbox 351 3822 399 3883; x_wconf 84' lang='lat' dir='ltr'><strong>ab,</strong></span> <span class='ocrx_word' id='word_1_348' title='bbox 415 3828 552 3871; x_wconf 86' lang='lat' dir='ltr'><strong>auerterat</strong></span> <span class='ocrx_word' id='word_1_349' title='bbox 564 3837 592 3870; x_wconf 88' lang='lat' dir='ltr'><strong>u.</strong></span> <span class='ocrx_word' id='word_1_350' title='bbox 710 3821 740 3871; x_wconf 85' lang='lat' dir='ltr'><strong>lb</strong></span> <span class='ocrx_word' id='word_1_351' title='bbox 755 3818 793 3884; x_wconf 89' lang='lat' dir='ltr'><strong>ut]</strong></span> <span class='ocrx_word' id='word_1_352' title='bbox 808 3819 833 3869; x_wconf 89' lang='lat' dir='ltr'><strong>in</strong></span> <span class='ocrx_word' id='word_1_353' title='bbox 846 3834 873 3868; x_wconf 89' lang='lat' dir='ltr'><strong>u.</strong></span> <span class='ocrx_word' id='word_1_354' title='bbox 997 3813 1097 3865; x_wconf 83' lang='lat' dir='ltr'><strong>dimissi</strong></span> <span class='ocrx_word' id='word_1_355' title='bbox 1110 3814 1273 3881; x_wconf 80' lang='lat' dir='ltr'><strong>Stephanus,</strong></span> 
     </span>
     <span class='ocr_line' id='line_1_38' title="bbox 152 3890 1166 3959; baseline -0.004 -13"><span class='ocrx_word' id='word_1_356' title='bbox 152 3896 266 3947; x_wconf 87' lang='lat' dir='ltr'><strong>dimissis</strong></span> <span class='ocrx_word' id='word_1_357' title='bbox 280 3896 357 3947; x_wconf 88' lang='lat' dir='ltr'><strong>codd.</strong></span> <span class='ocrx_word' id='word_1_358' title='bbox 449 3898 477 3948; x_wconf 84' lang='grc'><strong>11</strong></span> <span class='ocrx_word' id='word_1_359' title='bbox 488 3897 621 3948; x_wconf 83' lang='lat' dir='ltr'><strong>nllomitio</strong></span> <span class='ocrx_word' id='word_1_360' title='bbox 636 3912 652 3946; x_wconf 91' lang='lat' dir='ltr'><strong>u</strong></span> <span class='ocrx_word' id='word_1_361' title='bbox 668 3898 742 3946; x_wconf 66' lang='grc' dir='ltr'><strong>ίιιιιι.</strong></span> <span class='ocrx_word' id='word_1_362' title='bbox 757 3901 784 3946; x_wconf 85' lang='lat' dir='ltr'><strong>et</strong></span> <span class='ocrx_word' id='word_1_363' title='bbox 796 3895 856 3946; x_wconf 87' lang='lat' dir='ltr'><strong>edd.</strong></span> <span class='ocrx_word' id='word_1_364' title='bbox 871 3892 953 3959; x_wconf 65' lang='lat' dir='ltr'><strong>odd),</strong></span> <span class='ocrx_word' id='word_1_365' title='bbox 969 3893 1001 3942; x_wconf 84' lang='lat' dir='ltr'><strong>ab</strong></span> <span class='ocrx_word' id='word_1_366' title='bbox 1015 3890 1126 3941; x_wconf 85' lang='lat' dir='ltr'><strong>Domitio</strong></span> <span class='ocrx_word' id='word_1_367' title='bbox 1140 3908 1166 3942; x_wconf 87' lang='lat' dir='ltr'><strong>u.</strong></span> 
     </span>
     <span class='ocr_line' id='line_1_39' title="bbox 154 3967 1275 4037; baseline -0.004 -13"><span class='ocrx_word' id='word_1_368' title='bbox 154 3973 186 4025; x_wconf 87' lang='grc'><strong>18</strong></span> <span class='ocrx_word' id='word_1_369' title='bbox 198 3971 290 4024; x_wconf 84' lang='lat' dir='ltr'><strong>llouici</strong></span> <span class='ocrx_word' id='word_1_370' title='bbox 302 3973 375 4035; x_wconf 86' lang='lat' dir='ltr'><strong>ahc,</strong></span> <span class='ocrx_word' id='word_1_371' title='bbox 391 3973 498 4023; x_wconf 84' lang='lat' dir='ltr'><strong>Roscilli</strong></span> <span class='ocrx_word' id='word_1_372' title='bbox 512 3989 538 4022; x_wconf 90' lang='lat' dir='ltr'><strong>u.</strong></span> <span class='ocrx_word' id='word_1_373' title='bbox 680 3970 770 4037; x_wconf 87' lang='lat' dir='ltr'><strong>utque]</strong></span> <span class='ocrx_word' id='word_1_374' title='bbox 784 3978 812 4020; x_wconf 93' lang='lat' dir='ltr'><strong>et</strong></span> <span class='ocrx_word' id='word_1_375' title='bbox 825 3971 850 4020; x_wconf 92' lang='lat' dir='ltr'><strong>b.</strong></span> <span class='ocrx_word' id='word_1_376' title='bbox 984 3967 1031 4032; x_wconf 80' lang='lat' dir='ltr'><strong>llgi</strong></span> <span class='ocrx_word' id='word_1_377' title='bbox 1047 3968 1070 4030; x_wconf 91' lang='lat' dir='ltr'><strong>b,</strong></span> <span class='ocrx_word' id='word_1_378' title='bbox 1085 3967 1133 4018; x_wconf 85' lang='lat' dir='ltr'><strong>Eoi</strong></span> <span class='ocrx_word' id='word_1_379' title='bbox 1147 3984 1172 4032; x_wconf 86' lang='lat' dir='ltr'><strong>a,</strong></span> <span class='ocrx_word' id='word_1_380' title='bbox 1188 3969 1230 4021; x_wconf 84' lang='lat' dir='ltr'><strong>llti</strong></span> <span class='ocrx_word' id='word_1_381' title='bbox 1244 3987 1275 4033; x_wconf 85' lang='lat' dir='ltr'><strong>c,-</strong></span> 
     </span>
     <span class='ocr_line' id='line_1_40' title="bbox 152 4046 1273 4116; baseline -0.005 -13"><span class='ocrx_word' id='word_1_382' title='bbox 152 4053 217 4116; x_wconf 70' lang='lat' dir='ltr'><strong>Aegi</strong></span> <span class='ocrx_word' id='word_1_383' title='bbox 231 4069 259 4102; x_wconf 89' lang='grc' dir='ltr'><strong>ιι.</strong></span> <span class='ocrx_word' id='word_1_384' title='bbox 367 4051 398 4103; x_wconf 82' lang='grc'><strong>19</strong></span> <span class='ocrx_word' id='word_1_385' title='bbox 413 4053 438 4101; x_wconf 90' lang='lat' dir='ltr'><strong>in</strong></span> <span class='ocrx_word' id='word_1_386' title='bbox 452 4068 504 4103; x_wconf 89' lang='lat' dir='ltr'><strong>om.</strong></span> <span class='ocrx_word' id='word_1_387' title='bbox 519 4068 535 4102; x_wconf 88' lang='lat' dir='ltr'><strong>u</strong></span> <span class='ocrx_word' id='word_1_388' title='bbox 551 4052 624 4101; x_wconf 68' lang='lat' dir='ltr'><strong>huss.</strong></span> <span class='ocrx_word' id='word_1_389' title='bbox 640 4046 674 4101; x_wconf 67' lang='grc' dir='ltr'><strong>ι’.</strong></span> <span class='ocrx_word' id='word_1_390' title='bbox 791 4049 824 4102; x_wconf 73' lang='grc'><strong>22</strong></span> <span class='ocrx_word' id='word_1_391' title='bbox 838 4050 976 4098; x_wconf 85' lang='lat' dir='ltr'><strong>aduentum</strong></span> <span class='ocrx_word' id='word_1_392' title='bbox 991 4064 1038 4110; x_wconf 86' lang='lat' dir='ltr'><strong>uc,</strong></span> <span class='ocrx_word' id='word_1_393' title='bbox 1054 4055 1082 4099; x_wconf 85' lang='lat' dir='ltr'><strong>et</strong></span> <span class='ocrx_word' id='word_1_394' title='bbox 1094 4048 1233 4098; x_wconf 85' lang='lat' dir='ltr'><strong>aduentum</strong></span> <span class='ocrx_word' id='word_1_395' title='bbox 1247 4064 1273 4097; x_wconf 88' lang='lat' dir='ltr'><strong>u.</strong></span> 
     </span>
    </p>

    <p class='ocr_par' dir='ltr' id='par_1_7' title="bbox 153 4125 1278 4350">
     <span class='ocr_line' id='line_1_41' title="bbox 262 4125 1278 4196; baseline -0.005 -16"><span class='ocrx_word' id='word_1_396' title='bbox 262 4129 405 4196; x_wconf 86' lang='lat' dir='ltr'><strong>Pompeio.</strong></span> <span class='ocrx_word' id='word_1_397' title='bbox 511 4130 736 4183; x_wconf 58' lang='lat' dir='ltr'><strong>terramus.</strong></span> <span class='ocrx_word' id='word_1_398' title='bbox 854 4125 1119 4190; x_wconf 59' lang='lat' dir='ltr'><strong>llllginimu‘mssst</strong></span> <span class='ocrx_word' id='word_1_399' title='bbox 1234 4142 1278 4190; x_wconf 90' lang='lat' dir='ltr'><strong>op·</strong></span> 
     </span>
     <span class='ocr_line' id='line_1_42' title="bbox 153 4202 1277 4274; baseline -0.003 -19"><span class='ocrx_word' id='word_1_400' title='bbox 153 4207 239 4273; x_wconf 85' lang='lat' dir='ltr'><strong>pidum</strong></span> <span class='ocrx_word' id='word_1_401' title='bbox 254 4208 397 4274; x_wconf 87' lang='lat' dir='ltr'><strong>oppositum</strong></span> <span class='ocrx_word' id='word_1_402' title='bbox 412 4222 470 4272; x_wconf 74' lang='lat' dir='ltr'><strong>ego,</strong></span> <span class='ocrx_word' id='word_1_403' title='bbox 488 4208 616 4258; x_wconf 87' lang='lat' dir='ltr'><strong>obiectum</strong></span> <span class='ocrx_word' id='word_1_404' title='bbox 630 4205 826 4273; x_wconf 83' lang='lat' dir='ltr'><strong>oppositumque</strong></span> <span class='ocrx_word' id='word_1_405' title='bbox 840 4202 917 4254; x_wconf 84' lang='lat' dir='ltr'><strong>codd.</strong></span> <span class='ocrx_word' id='word_1_406' title='bbox 931 4204 962 4256; x_wconf 84' lang='lat' dir='ltr'><strong>P.</strong></span> <span class='ocrx_word' id='word_1_407' title='bbox 980 4205 1037 4258; x_wconf 86' lang='grc'>181.</span> <span class='ocrx_word' id='word_1_408' title='bbox 1162 4204 1195 4259; x_wconf 75' lang='lat'><strong>26</strong></span> <span class='ocrx_word' id='word_1_409' title='bbox 1210 4202 1277 4254; x_wconf 87' lang='lat' dir='ltr'><strong>Gon-</strong></span> 
     </span>
     <span class='ocr_line' id='line_1_43' title="bbox 156 4283 546 4350; baseline 0.008 -16"><span class='ocrx_word' id='word_1_410' title='bbox 156 4285 261 4350; x_wconf 83' lang='lat' dir='ltr'><strong>phosa.</strong></span> <span class='ocrx_word' id='word_1_411' title='bbox 368 4283 546 4337; x_wconf 79' lang='lat' dir='ltr'><strong>Tneaaliaea.</strong></span> 
     </span>
    </p>
   </div>
   <div class='ocr_carea' id='block_1_5' title="bbox 0 0 1354 4688">
    <p class='ocr_par' dir='ltr' id='par_1_8' title="bbox 0 0 1354 4688">
     <span class='ocr_line' id='line_1_44' title="bbox 0 0 1354 4688; baseline 0 0"><span class='ocrx_word' id='word_1_412' title='bbox 0 0 1354 4688; x_wconf 95' lang='lat' dir='ltr'><strong> </strong></span> 
     </span>
    </p>
   </div>
  </div>
 </body>
</html>
