2692 4688
73 206 138 274 m
467 192 596 259 BELLl
620 186 923 257 lllSl‘ANlllNSlS

100 376 121 440 3
135 384 215 439 suut.
248 369 330 434 ldom
345 367 488 452 temporis
503 366 581 450 oopti
597 363 757 443 tabellarii,
773 363 825 447 qui
839 385 859 427 o
873 358 1016 426 Corduba
1030 360 1068 424 ad
1082 357 1265 450 Pompeium

137 473 221 542 missi
244 481 334 537 erant
355 489 569 555 perperamque
583 468 621 530 od
636 476 741 530 nostro
755 476 855 530 easlra
870 473 1091 549 peruenerunt,
1114 468 1265 551 praecisis

100 576 272 643 bonothus
295 573 380 637 missi
402 582 472 635 sunt
495 570 577 634 taoti.
608 566 678 633 Pori
702 567 919 633 consuetudine
941 567 1044 651 uigilia
1064 570 1202 634 seonnda
1221 588 1264 636 ex

137 679 244 764 oppido
260 677 360 760 ignom
375 672 497 737 multum
513 672 697 753 telorumque
711 671 930 735 multitudinem
944 668 1085 733 inotando
1099 671 1179 737 bone
1201 693 1264 737 nra-

136 801 228 865 gnum
241 789 356 862 tompus
376 785 626 860 consumpserunt
645 773 871 857 compluresque
881 771 1056 837 uulneribus
1068 774 1258 839 ndteoorant.
1279 786 1293 837 t

100 881 308 949 bl’roeterito
332 890 465 962 tempore
488 877 585 941 noetis
609 876 794 959 eruptionem
818 876 857 939 od
879 875 1029 959 legionem
1052 885 1088 938 vt
1109 877 1261 956 tererent,

137 1007 205 1050 oum
219 985 252 1047 in
266 1002 356 1066 opere
373 981 467 1043 nostri
483 979 603 1043 distenti
620 989 735 1057 essent,
753 978 921 1062 acriterque
931 996 1064 1062 pugnero
1075 990 1260 1063 coeperunt,

137 1106 262 1170 quorum
279 1085 324 1147 nis
341 1102 513 1166 repressae
529 1082 662 1158 uostris,
680 1080 737 1145 etsi
751 1080 888 1164 oppidani
902 1081 1060 1165 superiore
1074 1081 1143 1145 loon
1159 1081 1264 1145 delon·

100 1186 293 1253 lidebautur.
332 1184 371 1248 lli
394 1205 460 1248 oum
483 1183 668 1268 eruptionem
689 1184 792 1246 lacere
813 1182 1003 1267 coepissent,
1026 1194 1128 1246 tamen
1150 1183 1263 1249 uirtute

136 1289 262 1353 militum
279 1296 467 1362 nostrorum,
494 1285 573 1369 [qui]
590 1285 647 1348 etsi
663 1285 806 1348 inferiore
822 1284 888 1348 loeo
905 1284 1134 1369 premebantur,
1159 1295 1263 1350 tannen
1283 1294 1310 1348 to

136 1391 249 1477 repulsi
272 1389 437 1452 aduersarii
459 1387 536 1451 bene
558 1387 658 1450 multis
682 1386 855 1451 uulneribus
876 1386 986 1451 odfeeti
1008 1388 1040 1450 in
1065 1387 1205 1472 oppidum
1226 1406 1262 1453 sa

79 1491 123 1563 18
136 1491 339 1556 oontulerunt.
371 1487 500 1553 Postero
516 1490 564 1553 die
578 1486 738 1573 Pompeius
754 1510 795 1553 en
809 1489 918 1553 eastris
933 1490 997 1553 suis
1011 1488 1168 1553 broobium
1188 1509 1261 1554 eoe-

137 1594 181 1677 pit
202 1592 239 1654 ud
262 1591 371 1655 llumen
394 1587 534 1670 Salsum3
566 1602 597 1654 et
617 1612 683 1654 oum
707 1591 802 1654 nostri
826 1591 941 1675 equitas
963 1591 1050 1674 pauei
1070 1591 1103 1652 in
1123 1593 1261 1656 statione

137 1693 265 1757 fuissent
280 1714 298 1756 o
313 1691 447 1776 pluribus
461 1691 585 1776 reperti,
603 1693 640 1756 de
655 1692 785 1756 statione
800 1703 871 1757 sunt
889 1691 996 1756 deiecti
1016 1700 1047 1755 et
1066 1690 1160 1754 oooisi
1174 1700 1257 1756 uem

100 1794 184 1859 2130
207 1795 255 1859 die
274 1794 372 1858 Aulus
396 1793 540 1879 Valgius,
569 1795 719 1859 senatoris
741 1796 839 1874 lilius,
869 1794 955 1860 onius
978 1794 1070 1858 trater
1090 1791 1123 1856 in
1144 1792 1258 1857 eastris
1283 1805 1314 1857 tt

137 1895 261 1981 Pompei
283 1897 406 1974 luisset,
431 1896 567 1960 omnibus
589 1897 654 1960 suis
674 1897 765 1962 rebus
787 1899 904 1962 relictis
919 1914 1025 1982 equum
1038 1893 1212 1960 oonsoendlt
1225 1905 1260 1960 et

101 1998 223 2082 dlugit.
256 1994 434 2082 Speculator
457 1999 493 2062 de
516 1998 633 2082 legione
656 2009 680 2062 11
699 1997 881 2084 Pompeiana
902 2010 1008 2086 eaptus
1028 2020 1047 2064 a
1069 1996 1213 2063 militibus
1227 2006 1260 2063 et

135 2100 314 2165 interlectos
338 2111 403 2180 est,
428 2099 563 2184 idemque
587 2102 728 2186 temporis
744 2102 831 2185 glans
845 2102 939 2167 misso
952 2101 1173 2186 estinsariptaa
1195 2118 1257 2183 quo

137 2203 186 2269 die
201 2205 238 2268 nd
253 2203 391 2287 oppidum
406 2203 580 2287 cupiendum
596 2204 792 2282 recederent,
815 2225 849 2268 se
864 2215 982 2270 scutum
995 2222 1066 2270 ease
1080 2203 1256 2290 poaimnrn.

100 2303 206 2388 lrQno
220 2327 274 2391 spe
290 2303 443 2382 nonnulli,
467 2305 533 2368 dum
557 2305 624 2370 sine
645 2305 779 2389 periculo
795 2327 911 2371 murum
927 2307 1092 2372 ascendero
1107 2318 1139 2371 et
1152 2304 1260 2391 oppido
1281 2314 1313 2371 tt

137 2409 226 2493 potiri
242 2428 330 2492 posse
346 2427 380 2470 se
395 2418 536 2491 sperent,
560 2418 684 2491 postero
700 2409 747 2471 die
762 2409 799 2473 od
814 2428 932 2473 murum
946 2430 1022 2494 opus
1037 2411 1139 2474 ferere
1152 2428 1260 2493 eoepe-

100 2512 121 2576 b
136 2520 208 2574 runt
222 2520 253 2571 et
267 2508 343 2572 bene
357 2530 465 2592 magne
480 2509 590 2592 prioris
606 2510 682 2574 muri
698 2521 783 2594 parte
798 2513 914 2576 deiecta
930 2557 1083 2575 ......
1101 2508 1171 2594 Quo
1182 2511 1261 2575 laeto

135 2610 173 2675 ab
189 2609 363 2694 oppidanis,
388 2632 423 2674 ao
447 2611 473 2674 si
495 2628 616 2675 suerum
637 2613 766 2695 partium
781 2624 897 2693 essent,
915 2616 1089 2679 conseruati
1104 2656 1259 2677 ......

135 2714 245 2778 missos
266 2714 367 2777 lacere
390 2712 550 2791 loricatos,
576 2715 625 2797 qui
648 2716 790 2798 praesidii
811 2738 904 2781 eausa
927 2715 1088 2799 praepositi
1111 2716 1220 2800 oppido
1240 2735 1259 2778 a

135 2813 278 2900 Pompeio
293 2826 408 2893 essent,
426 2815 563 2878 orabunt.
596 2813 713 2897 Quibus
728 2818 878 2900 respondit
895 2814 1026 2880 Caesar:
1052 2835 1086 2879 se
1105 2817 1262 2882 eondioio·
1282 2827 1313 2881 ts

98 2914 121 2980 o
135 2937 189 2980 nes
205 2917 288 2997 dore,
306 2940 367 2982 non
382 2919 518 3001 oooipere
533 2919 740 2983 oonsueuisse.
770 2915 815 2980 lbi
828 2938 894 2980 oum
910 2917 941 2980 in
956 2916 1094 3001 oppidum
1109 2920 1261 2981 reuertis-

135 3029 215 3096 sent,
233 3019 327 3084 relnto
343 3040 489 3104 responso
504 3022 635 3084 elamore
651 3020 766 3085 sublato
779 3019 863 3082 omni
876 3037 990 3103 genere
1004 3019 1132 3082 telorum
1144 3018 1262 3082 omisso

97 3117 119 3180 ⁷
134 3139 267 3202 pugnare
283 3142 336 3204 pro
351 3143 437 3186 muro
450 3133 514 3186 toto
529 3136 711 3206 eoeperum3
736 3133 857 3209 propter
876 3123 957 3207 quod
977 3123 1042 3186 lere
1058 3141 1171 3204 magua
1186 3142 1261 3205 pars

134 3219 298 3298 bominum,
315 3225 410 3303 quiin
426 3225 532 3289 eastris
549 3227 661 3289 nostris
677 3237 792 3305 essonl,
810 3247 870 3290 non
886 3225 1076 3301 dubitarunt,
1102 3222 1174 3306 quin
1190 3245 1260 3286 eru·

96 3317 262 3405 8ptionem
288 3344 325 3386 eo
349 3324 396 3387 die
418 3338 520 3390 esseut
545 3328 661 3391 docturi.
694 3325 740 3391 lta
760 3347 876 3393 corona
894 3327 1080 3394 oirmrmdata
1094 3337 1258 3410 pugnatum
1281 3334 1312 3388 3⁰

240 3562 257 3615 2
270 3572 360 3615 nostra
375 3574 462 3617 oestro
474 3568 544 3632 osb
557 3566 625 3618 dett.
639 3568 807 3628 Sobneidem’,
821 3575 911 3620 castro
924 3575 1015 3619 nostre
1028 3582 1055 3617 u.
1163 3563 1262 3616 badde-

131 3648 224 3693 eerunt
235 3657 262 3693 a.
375 3647 391 3696 6
405 3654 520 3713 tempore
535 3647 619 3697 noetis
633 3661 660 3708 a,
675 3647 760 3697 noctis
773 3653 889 3713 ternpore
902 3646 965 3696 edd.
1075 3644 1108 3695 ad
1121 3660 1138 3695 a
1152 3646 1177 3708 b,
1192 3645 1219 3694 in
1232 3658 1260 3693 a.

239 3721 406 3789 Sopiduuia.
514 3723 1066 3790 biiunuadat,urela'pui.l’.238emtr.
1176 3722 1263 3774 lbani·

131 3796 311 3852 litumom.b.
417 3805 461 3871 qui
476 3803 591 3854 inclusit
603 3803 738 3869 Soab‘ger.
843 3810 929 3852 tomen
943 3814 997 3852 em.
1014 3802 1038 3851 b.
1147 3798 1262 3853 ltalia·

130 3872 166 3922 etl
178 3889 206 3924 a·
310 3877 454 3931 lasanum
468 3897 484 3931 n
498 3882 530 3941 b,·
545 3879 648 3931 Salsum
661 3880 757 3932 dacore
771 3879 787 3931 2
799 3878 868 3930 dett.
882 3895 899 3930 u
913 3880 1027 3945 (suerat
1040 3876 1151 3944 lacera).

130 3947 162 3999 15
174 3948 258 3999 Aulus
270 3966 297 4012 a,
312 3951 344 4002 Α.
358 3969 385 4003 u.
506 3954 536 4006 lb
549 3954 654 4022 Pompei
666 3968 693 4007 a.
819 3955 851 4007 te
862 3963 906 4007 ost
915 3961 981 4021 post
992 3954 1150 4007 interiectus
1165 3968 1219 4007 om.
1232 3966 1259 4003 ι.

240 4026 271 4078 tr
284 4044 313 4079 se
327 4046 343 4080 a
358 4032 431 4081 ‘mom
445 4032 479 4096 2¹,
495 4048 555 4086 ease
568 4050 596 4085 u.
702 4034 736 4088 2⁰
749 4032 894 4085 aseendara
909 4030 961 4100 (a).
1068 4032 1162 4100 oppido
1175 4046 1193 4082 a
1207 4031 1222 4081 t
1235 4046 1258 4093 o,

130 4106 250 4175 oppidum
263 4121 291 4155 o.
419 4114 452 4166 22
466 4119 540 4178 parte
555 4113 656 4164 deiectu
670 4128 687 4163 a
700 4114 714 4162 b
726 4128 751 4176 e,
764 4124 836 4180 pann¹
952 4117 998 4165 est
1007 4125 1038 4162 at.
1051 4109 1194 4161 barum
1208 4108 1262 4159 on·

120 4186 293 4258 dandorpr'ur
307 4190 429 4242 notauit.
444 4188 474 4242 Ρ.
487 4189 551 4249 234.
670 4190 705 4246 22
1006 4191 1027 4241 d.
1040 4187 1073 4241 Ρ.
1086 4187 1148 4244 284.

109 4269 148 4327 24
157 4271 203 4344 poi
217 4272 275 4347 “sta
289 4271 389 4346 quique
403 4288 431 4326 u.
538 4110 1150 4392 nmdlbaaffiqde.
