<?xml version="1.0" encoding="UTF-8"?>
<!DOCTYPE html PUBLIC "-//W3C//DTD XHTML 1.0 Transitional//EN"
    "http://www.w3.org/TR/xhtml1/DTD/xhtml1-transitional.dtd">
<html xmlns="http://www.w3.org/1999/xhtml" xml:lang="en" lang="en">
 <head>
  <title>
</title>
<meta http-equiv="Content-Type" content="text/html;charset=utf-8" />
  <meta name='ocr-system' content='tesseract 3.04.00' />
  <meta name='ocr-capabilities' content='ocr_page ocr_carea ocr_par ocr_line ocrx_word'/>
</head>
<body>
  <div class='ocr_page' id='page_1' title='image "./civliicaesarisc02hirtgoog_0117.png"; bbox 0 0 2692 4688; ppageno 0'>
   <div class='ocr_carea' id='block_1_1' title="bbox 457 187 812 259">
    <p class='ocr_par' dir='ltr' id='par_1_1' title="bbox 457 187 812 259">
     <span class='ocr_line' id='line_1_1' title="bbox 457 187 812 259; baseline 0.014 -5"><span class='ocrx_word' id='word_1_1' title='bbox 457 187 812 259; x_wconf 82' lang='lat' dir='ltr'><strong>&#39;--dib-</strong></span> 
     </span>
    </p>
   </div>
   <div class='ocr_carea' id='block_1_2' title="bbox 80 356 1218 4238">
    <p class='ocr_par' dir='ltr' id='par_1_2' title="bbox 86 356 1217 547">
     <span class='ocr_line' id='line_1_2' title="bbox 87 356 1217 442; baseline -0.004 -9"><span class='ocrx_word' id='word_1_2' title='bbox 87 367 204 433; x_wconf 85' lang='lat' dir='ltr'><strong>suntin</strong></span> <span class='ocrx_word' id='word_1_3' title='bbox 219 384 345 433; x_wconf 86' lang='lat' dir='ltr'><strong>numero</strong></span> <span class='ocrx_word' id='word_1_4' title='bbox 361 361 573 442; x_wconf 70' lang='lat' dir='ltr'><strong>Coriosolites,</strong></span> <span class='ocrx_word' id='word_1_5' title='bbox 590 359 751 442; x_wconf 76' lang='lat' dir='ltr'><strong>Redones,</strong></span> <span class='ocrx_word' id='word_1_6' title='bbox 768 359 949 438; x_wconf 75' lang='lat' dir='ltr'><strong>Ambiborii,</strong></span> <span class='ocrx_word' id='word_1_7' title='bbox 966 356 1103 441; x_wconf 70' lang='lat' dir='ltr'><strong>Calmes,</strong></span> <span class='ocrx_word' id='word_1_8' title='bbox 1126 358 1217 431; x_wconf 80' lang='lat' dir='ltr'><strong>Osis-</strong></span> 
     </span>
     <span class='ocr_line' id='line_1_3' title="bbox 86 465 443 547; baseline -0.003 -15"><span class='ocrx_word' id='word_1_9' title='bbox 86 470 139 547; x_wconf 87' lang='lat' dir='ltr'><strong>mi,</strong></span> <span class='ocrx_word' id='word_1_10' title='bbox 156 466 302 546; x_wconf 84' lang='lat' dir='ltr'><strong>Lexooii,</strong></span> <span class='ocrx_word' id='word_1_11' title='bbox 320 465 443 532; x_wconf 84' lang='lat' dir='ltr'><strong>Vnelii&#39;.</strong></span> 
     </span>
    </p>

    <p class='ocr_par' dir='ltr' id='par_1_3' title="bbox 84 563 1218 3109">
     <span class='ocr_line' id='line_1_4' title="bbox 172 563 1218 654; baseline -0.002 -19"><span class='ocrx_word' id='word_1_12' title='bbox 172 569 260 654; x_wconf 70' lang='lat' dir='ltr'><strong>Quae</strong></span> <span class='ocrx_word' id='word_1_13' title='bbox 274 569 441 652; x_wconf 83' lang='lat' dir='ltr'><strong>exeipinnt,</strong></span> <span class='ocrx_word' id='word_1_14' title='bbox 457 567 495 631; x_wconf 90' lang='lat' dir='ltr'><strong>nb</strong></span> <span class='ocrx_word' id='word_1_15' title='bbox 510 565 725 653; x_wconf 82' lang='lat' dir='ltr'><strong>Oudendorpio</strong></span> <span class='ocrx_word' id='word_1_16' title='bbox 739 567 783 632; x_wconf 78' lang='lat' dir='ltr'><strong>its</strong></span> <span class='ocrx_word' id='word_1_17' title='bbox 798 576 871 631; x_wconf 82' lang='lat' dir='ltr'><strong>sont</strong></span> <span class='ocrx_word' id='word_1_18' title='bbox 885 563 982 631; x_wconf 79' lang='lat' dir='ltr'><strong>editor</strong></span> <span class='ocrx_word' id='word_1_19' title='bbox 1002 564 1068 631; x_wconf 81' lang='lat' dir='ltr'><strong>‘Ex</strong></span> <span class='ocrx_word' id='word_1_20' title='bbox 1082 565 1129 632; x_wconf 88' lang='lat' dir='ltr'><strong>his</strong></span> <span class='ocrx_word' id='word_1_21' title='bbox 1143 563 1218 633; x_wconf 74' lang='lat' dir='ltr'><strong>Bri·</strong></span> 
     </span>
     <span class='ocr_line' id='line_1_5' title="bbox 86 670 1218 754; baseline -0.003 -14"><span class='ocrx_word' id='word_1_22' title='bbox 86 674 185 741; x_wconf 78' lang='lat' dir='ltr'><strong>ioooei</strong></span> <span class='ocrx_word' id='word_1_23' title='bbox 199 694 284 739; x_wconf 84' lang='lat' dir='ltr'><strong>noum</strong></span> <span class='ocrx_word' id='word_1_24' title='bbox 301 690 456 736; x_wconf 86' lang='lat' dir='ltr'><strong>nnmerum</strong></span> <span class='ocrx_word' id='word_1_25' title='bbox 471 692 532 735; x_wconf 88' lang='lat' dir='ltr'><strong>noo</strong></span> <span class='ocrx_word' id='word_1_26' title='bbox 547 672 751 747; x_wconf 81' lang='lat' dir='ltr'><strong>contulerunt,</strong></span> <span class='ocrx_word' id='word_1_27' title='bbox 768 671 846 753; x_wconf 85' lang='lat' dir='ltr'><strong>qnod</strong></span> <span class='ocrx_word' id='word_1_28' title='bbox 861 690 896 734; x_wconf 84' lang='lat' dir='ltr'><strong>su</strong></span> <span class='ocrx_word' id='word_1_29' title='bbox 911 690 968 734; x_wconf 87' lang='lat' dir='ltr'><strong>sno</strong></span> <span class='ocrx_word' id='word_1_30' title='bbox 983 670 1103 735; x_wconf 84' lang='lat' dir='ltr'><strong>nornine</strong></span> <span class='ocrx_word' id='word_1_31' title='bbox 1123 681 1218 754; x_wconf 72' lang='lat' dir='ltr'><strong>otone</strong></span> 
     </span>
     <span class='ocr_line' id='line_1_6' title="bbox 86 770 1218 857; baseline 0 -16"><span class='ocrx_word' id='word_1_32' title='bbox 86 775 211 841; x_wconf 83' lang='lat' dir='ltr'><strong>arbitrio</strong></span> <span class='ocrx_word' id='word_1_33' title='bbox 235 795 302 838; x_wconf 89' lang='lat' dir='ltr'><strong>enm</strong></span> <span class='ocrx_word' id='word_1_34' title='bbox 323 770 471 838; x_wconf 74' lang='lat' dir='ltr'><strong>Romanis</strong></span> <span class='ocrx_word' id='word_1_35' title='bbox 490 772 600 837; x_wconf 82' lang='lat' dir='ltr'><strong>bebium</strong></span> <span class='ocrx_word' id='word_1_36' title='bbox 614 784 755 857; x_wconf 74' lang='lat' dir='ltr'><strong>gesturos</strong></span> <span class='ocrx_word' id='word_1_37' title='bbox 769 774 906 837; x_wconf 84' lang='lat' dir='ltr'><strong>dioureot</strong></span> <span class='ocrx_word' id='word_1_38' title='bbox 919 791 1016 854; x_wconf 78' lang='lat' dir='ltr'><strong>neque</strong></span> <span class='ocrx_word' id='word_1_39' title='bbox 1038 771 1218 857; x_wconf 69' lang='lat' dir='ltr'><strong>ornusque·</strong></span> 
     </span>
     <span class='ocr_line' id='line_1_7' title="bbox 85 873 1218 963; baseline -0.001 -22"><span class='ocrx_word' id='word_1_40' title='bbox 85 875 212 963; x_wconf 88' lang='lat' dir='ltr'><strong>imperio</strong></span> <span class='ocrx_word' id='word_1_41' title='bbox 226 877 501 961; x_wconf 75' lang='lat' dir='ltr'><strong>obtemperaturos,</strong></span> <span class='ocrx_word' id='word_1_42' title='bbox 524 876 622 961; x_wconf 69' lang='lat' dir='ltr'><strong>rogati</strong></span> <span class='ocrx_word' id='word_1_43' title='bbox 638 886 737 940; x_wconf 85' lang='lat' dir='ltr'><strong>tomen</strong></span> <span class='ocrx_word' id='word_1_44' title='bbox 751 875 789 940; x_wconf 79' lang='lat' dir='ltr'><strong>ob</strong></span> <span class='ocrx_word' id='word_1_45' title='bbox 804 873 942 941; x_wconf 84' lang='lat' dir='ltr'><strong>Commio</strong></span> <span class='ocrx_word' id='word_1_46' title='bbox 958 894 1012 957; x_wconf 88' lang='lat' dir='ltr'><strong>pro</strong></span> <span class='ocrx_word' id='word_1_47' title='bbox 1034 873 1098 939; x_wconf 81' lang='lat' dir='ltr'><strong>eins</strong></span> <span class='ocrx_word' id='word_1_48' title='bbox 1114 875 1218 961; x_wconf 87' lang='lat' dir='ltr'><strong>hospi-</strong></span> 
     </span>
     <span class='ocr_line' id='line_1_8' title="bbox 87 975 1217 1061; baseline 0 -16"><span class='ocrx_word' id='word_1_49' title='bbox 87 981 130 1045; x_wconf 85' lang='lat' dir='ltr'><strong>tio</strong></span> <span class='ocrx_word' id='word_1_50' title='bbox 145 979 216 1043; x_wconf 81' lang='lat' dir='ltr'><strong>bino</strong></span> <span class='ocrx_word' id='word_1_51' title='bbox 230 979 311 1044; x_wconf 84' lang='lat' dir='ltr'><strong>milio</strong></span> <span class='ocrx_word' id='word_1_52' title='bbox 325 978 495 1043; x_wconf 88' lang='lat' dir='ltr'><strong>miseroot&#39;.</strong></span> <span class='ocrx_word' id='word_1_53' title='bbox 526 975 627 1043; x_wconf 74' lang='lat' dir='ltr'><strong>‘Bina&#39;</strong></span> <span class='ocrx_word' id='word_1_54' title='bbox 651 979 725 1043; x_wconf 73' lang='lat' dir='ltr'><strong>bueo</strong></span> <span class='ocrx_word' id='word_1_55' title='bbox 748 977 851 1041; x_wconf 85' lang='lat' dir='ltr'><strong>‘milio&#39;</strong></span> <span class='ocrx_word' id='word_1_56' title='bbox 866 975 963 1061; x_wconf 81' lang='lat' dir='ltr'><strong>posito</strong></span> <span class='ocrx_word' id='word_1_57' title='bbox 977 986 1050 1041; x_wconf 82' lang='lat' dir='ltr'><strong>sont</strong></span> <span class='ocrx_word' id='word_1_58' title='bbox 1062 976 1101 1041; x_wconf 85' lang='lat' dir='ltr'><strong>de</strong></span> <span class='ocrx_word' id='word_1_59' title='bbox 1114 975 1217 1045; x_wconf 83' lang='lat' dir='ltr'><strong>Hoto-</strong></span> 
     </span>
     <span class='ocr_line' id='line_1_9' title="bbox 85 1078 1217 1165; baseline 0 -18"><span class='ocrx_word' id='word_1_60' title='bbox 85 1082 167 1147; x_wconf 82' lang='lat' dir='ltr'><strong>mnoi</strong></span> <span class='ocrx_word' id='word_1_61' title='bbox 188 1083 362 1148; x_wconf 87' lang='lat' dir='ltr'><strong>eonieetoro</strong></span> <span class='ocrx_word' id='word_1_62' title='bbox 381 1079 470 1165; x_wconf 76' lang='lat' dir='ltr'><strong>plone</strong></span> <span class='ocrx_word' id='word_1_63' title='bbox 490 1084 612 1165; x_wconf 73' lang='lat' dir='ltr'><strong>inepto,</strong></span> <span class='ocrx_word' id='word_1_64' title='bbox 636 1101 704 1144; x_wconf 73' lang='lat' dir='ltr'><strong>eon</strong></span> <span class='ocrx_word' id='word_1_65' title='bbox 725 1080 841 1143; x_wconf 89' lang='lat' dir='ltr'><strong>numeri</strong></span> <span class='ocrx_word' id='word_1_66' title='bbox 864 1078 1045 1143; x_wconf 69' lang='lat' dir='ltr'><strong>barbotini</strong></span> <span class='ocrx_word' id='word_1_67' title='bbox 1067 1078 1115 1143; x_wconf 91' lang='lat' dir='ltr'><strong>bio</strong></span> <span class='ocrx_word' id='word_1_68' title='bbox 1131 1079 1217 1147; x_wconf 75' lang='lat' dir='ltr'><strong>nulio</strong></span> 
     </span>
     <span class='ocr_line' id='line_1_10' title="bbox 85 1178 1216 1268; baseline 0.002 -21"><span class='ocrx_word' id='word_1_69' title='bbox 85 1204 183 1267; x_wconf 85' lang='lat' dir='ltr'><strong>neque</strong></span> <span class='ocrx_word' id='word_1_70' title='bbox 197 1184 276 1249; x_wconf 80' lang='lat' dir='ltr'><strong>ratio</strong></span> <span class='ocrx_word' id='word_1_71' title='bbox 291 1204 388 1266; x_wconf 73' lang='lat' dir='ltr'><strong>oeque</strong></span> <span class='ocrx_word' id='word_1_72' title='bbox 404 1182 565 1267; x_wconf 83' lang='lat' dir='ltr'><strong>explieotio</strong></span> <span class='ocrx_word' id='word_1_73' title='bbox 580 1183 751 1268; x_wconf 75' lang='lat' dir='ltr'><strong>exeogitori</strong></span> <span class='ocrx_word' id='word_1_74' title='bbox 764 1181 873 1267; x_wconf 88' lang='lat' dir='ltr'><strong>possit.</strong></span> <span class='ocrx_word' id='word_1_75' title='bbox 909 1178 1010 1247; x_wconf 76' lang='lat' dir='ltr'><strong>Recte</strong></span> <span class='ocrx_word' id='word_1_76' title='bbox 1031 1191 1122 1247; x_wconf 73' lang='lat' dir='ltr'><strong>sote·</strong></span> <span class='ocrx_word' id='word_1_77' title='bbox 1141 1182 1216 1249; x_wconf 84' lang='lat' dir='ltr'><strong>ede·</strong></span> 
     </span>
     <span class='ocr_line' id='line_1_11' title="bbox 85 1282 1214 1369; baseline 0.001 -18"><span class='ocrx_word' id='word_1_78' title='bbox 85 1286 175 1351; x_wconf 82' lang='lat' dir='ltr'><strong>bntor</strong></span> <span class='ocrx_word' id='word_1_79' title='bbox 197 1286 269 1351; x_wconf 85' lang='lat' dir='ltr'><strong>‘duo</strong></span> <span class='ocrx_word' id='word_1_80' title='bbox 283 1286 366 1351; x_wconf 81' lang='lat' dir='ltr'><strong>milio</strong></span> <span class='ocrx_word' id='word_1_81' title='bbox 380 1284 549 1363; x_wconf 84' lang='lat' dir='ltr'><strong>miseront’,</strong></span> <span class='ocrx_word' id='word_1_82' title='bbox 573 1285 650 1369; x_wconf 87' lang='lat' dir='ltr'><strong>qood</strong></span> <span class='ocrx_word' id='word_1_83' title='bbox 671 1285 704 1350; x_wconf 90' lang='lat' dir='ltr'><strong>io</strong></span> <span class='ocrx_word' id='word_1_84' title='bbox 725 1284 916 1368; x_wconf 73' lang='lat' dir='ltr'><strong>interpolatis</strong></span> <span class='ocrx_word' id='word_1_85' title='bbox 930 1283 1016 1348; x_wconf 87' lang='lat' dir='ltr'><strong>oodd.</strong></span> <span class='ocrx_word' id='word_1_86' title='bbox 1034 1283 1095 1368; x_wconf 75' lang='lat' dir='ltr'><strong>legi</strong></span> <span class='ocrx_word' id='word_1_87' title='bbox 1109 1282 1214 1351; x_wconf 77' lang='lat' dir='ltr'><strong>flou.</strong></span> 
     </span>
     <span class='ocr_line' id='line_1_12' title="bbox 86 1385 1218 1473; baseline 0.002 -20"><span class='ocrx_word' id='word_1_88' title='bbox 86 1410 134 1473; x_wconf 90' lang='lat' dir='ltr'><strong>pr.</strong></span> <span class='ocrx_word' id='word_1_89' title='bbox 151 1389 348 1453; x_wconf 81' lang='lat' dir='ltr'><strong>demonstrat.</strong></span> <span class='ocrx_word' id='word_1_90' title='bbox 365 1385 596 1470; x_wconf 78' lang='lat' dir='ltr'><strong>Oudendorpios</strong></span> <span class='ocrx_word' id='word_1_91' title='bbox 611 1399 710 1453; x_wconf 86' lang='lat' dir='ltr'><strong>nutem</strong></span> <span class='ocrx_word' id='word_1_92' title='bbox 725 1387 799 1452; x_wconf 85' lang='lat' dir='ltr'><strong>hoeo</strong></span> <span class='ocrx_word' id='word_1_93' title='bbox 813 1396 958 1452; x_wconf 78' lang='lat' dir='ltr'><strong>unnotstr</strong></span> <span class='ocrx_word' id='word_1_94' title='bbox 979 1385 1033 1451; x_wconf 75' lang='lat' dir='ltr'><strong>‘ito</strong></span> <span class='ocrx_word' id='word_1_95' title='bbox 1046 1385 1150 1467; x_wconf 86' lang='lat' dir='ltr'><strong>beou&#39;,</strong></span> <span class='ocrx_word' id='word_1_96' title='bbox 1165 1387 1218 1455; x_wconf 87' lang='lat' dir='ltr'><strong>in·</strong></span> 
     </span>
     <span class='ocr_line' id='line_1_13' title="bbox 86 1486 1216 1573; baseline 0.005 -20"><span class='ocrx_word' id='word_1_97' title='bbox 86 1489 163 1572; x_wconf 85' lang='lat' dir='ltr'><strong>quit,</strong></span> <span class='ocrx_word' id='word_1_98' title='bbox 181 1488 318 1553; x_wconf 70' lang='lat' dir='ltr'><strong>‘Hotonu</strong></span> <span class='ocrx_word' id='word_1_99' title='bbox 336 1508 426 1552; x_wconf 86' lang='lat' dir='ltr'><strong>ems.</strong></span> <span class='ocrx_word' id='word_1_100' title='bbox 446 1489 540 1566; x_wconf 79' lang='lat' dir='ltr'><strong>‘nno&#39;3</strong></span> <span class='ocrx_word' id='word_1_101' title='bbox 557 1487 602 1551; x_wconf 87' lang='lat' dir='ltr'><strong>nti</strong></span> <span class='ocrx_word' id='word_1_102' title='bbox 617 1499 648 1553; x_wconf 88' lang='lat' dir='ltr'><strong>et</strong></span> <span class='ocrx_word' id='word_1_103' title='bbox 662 1489 694 1552; x_wconf 91' lang='lat' dir='ltr'><strong>in</strong></span> <span class='ocrx_word' id='word_1_104' title='bbox 709 1486 808 1573; x_wconf 81' lang='lat' dir='ltr'><strong>Boog.</strong></span> <span class='ocrx_word' id='word_1_105' title='bbox 827 1509 873 1573; x_wconf 88' lang='lat' dir='ltr'><strong>pr.</strong></span> <span class='ocrx_word' id='word_1_106' title='bbox 889 1486 998 1555; x_wconf 77' lang='lat' dir='ltr'><strong>Pom.</strong></span> <span class='ocrx_word' id='word_1_107' title='bbox 1015 1489 1047 1553; x_wconf 86' lang='lat' dir='ltr'><strong>io</strong></span> <span class='ocrx_word' id='word_1_108' title='bbox 1068 1511 1145 1557; x_wconf 80' lang='lat' dir='ltr'><strong>mss.</strong></span> <span class='ocrx_word' id='word_1_109' title='bbox 1162 1491 1216 1559; x_wconf 77' lang='lat' dir='ltr'><strong>de-</strong></span> 
     </span>
     <span class='ocr_line' id='line_1_14' title="bbox 86 1586 1214 1676; baseline 0.004 -21"><span class='ocrx_word' id='word_1_110' title='bbox 86 1612 150 1656; x_wconf 85' lang='lat' dir='ltr'><strong>oenr</strong></span> <span class='ocrx_word' id='word_1_111' title='bbox 161 1588 263 1655; x_wconf 86' lang='lat' dir='ltr'>‘XXI&#39;</span> <span class='ocrx_word' id='word_1_112' title='bbox 279 1590 328 1656; x_wconf 86' lang='lat' dir='ltr'><strong>nei</strong></span> <span class='ocrx_word' id='word_1_113' title='bbox 344 1588 509 1656; x_wconf 85' lang='lat' dir='ltr'><strong>‘XXono’.</strong></span> <span class='ocrx_word' id='word_1_114' title='bbox 534 1586 614 1672; x_wconf 84' lang='lat' dir='ltr'><strong>Quid</strong></span> <span class='ocrx_word' id='word_1_115' title='bbox 629 1590 661 1655; x_wconf 91' lang='lat' dir='ltr'><strong>in</strong></span> <span class='ocrx_word' id='word_1_116' title='bbox 676 1590 796 1673; x_wconf 86' lang='lat' dir='ltr'><strong>optimis</strong></span> <span class='ocrx_word' id='word_1_117' title='bbox 811 1591 898 1655; x_wconf 84' lang='lat' dir='ltr'><strong>codd.</strong></span> <span class='ocrx_word' id='word_1_118' title='bbox 910 1592 1054 1676; x_wconf 85' lang='lat' dir='ltr'><strong>seriptum</strong></span> <span class='ocrx_word' id='word_1_119' title='bbox 1069 1592 1122 1672; x_wconf 90' lang='lat' dir='ltr'><strong>sit,</strong></span> <span class='ocrx_word' id='word_1_120' title='bbox 1136 1590 1214 1659; x_wconf 83' lang='lat' dir='ltr'><strong>Por.</strong></span> 
     </span>
     <span class='ocr_line' id='line_1_15' title="bbox 86 1690 1215 1780; baseline 0.002 -21"><span class='ocrx_word' id='word_1_121' title='bbox 86 1716 133 1779; x_wconf 87' lang='lat' dir='ltr'><strong>pr.</strong></span> <span class='ocrx_word' id='word_1_122' title='bbox 151 1695 347 1771; x_wconf 74' lang='lat' dir='ltr'><strong>demonstret,</strong></span> <span class='ocrx_word' id='word_1_123' title='bbox 362 1692 394 1757; x_wconf 92' lang='lat' dir='ltr'><strong>io</strong></span> <span class='ocrx_word' id='word_1_124' title='bbox 409 1714 468 1775; x_wconf 90' lang='lat' dir='ltr'><strong>quo</strong></span> <span class='ocrx_word' id='word_1_125' title='bbox 483 1691 557 1757; x_wconf 81' lang='lat' dir='ltr'><strong>hone</strong></span> <span class='ocrx_word' id='word_1_126' title='bbox 571 1691 632 1778; x_wconf 79' lang='lat' dir='ltr'><strong>tegi</strong></span> <span class='ocrx_word' id='word_1_127' title='bbox 647 1690 806 1779; x_wconf 81' lang='lat' dir='ltr'><strong>Reperiios</strong></span> <span class='ocrx_word' id='word_1_128' title='bbox 822 1693 957 1757; x_wconf 77' lang='lat' dir='ltr'><strong>ootooit:</strong></span> <span class='ocrx_word' id='word_1_129' title='bbox 982 1702 1050 1780; x_wconf 86' lang='lat' dir='ltr'><strong>‘pro</strong></span> <span class='ocrx_word' id='word_1_130' title='bbox 1070 1694 1138 1761; x_wconf 85' lang='lat' dir='ltr'><strong>eins</strong></span> <span class='ocrx_word' id='word_1_131' title='bbox 1160 1696 1215 1761; x_wconf 89' lang='lat' dir='ltr'><strong>bo·</strong></span> 
     </span>
     <span class='ocr_line' id='line_1_16' title="bbox 87 1791 1216 1882; baseline 0.005 -22"><span class='ocrx_word' id='word_1_132' title='bbox 87 1796 176 1882; x_wconf 87' lang='lat' dir='ltr'><strong>spitio</strong></span> <span class='ocrx_word' id='word_1_133' title='bbox 198 1791 265 1858; x_wconf 88' lang='lat' dir='ltr'><strong>XX</strong></span> <span class='ocrx_word' id='word_1_134' title='bbox 288 1817 347 1860; x_wconf 80' lang='lat' dir='ltr'><strong>noo</strong></span> <span class='ocrx_word' id='word_1_135' title='bbox 368 1795 539 1862; x_wconf 76' lang='lat' dir='ltr'><strong>misetnot&#39;.</strong></span> <span class='ocrx_word' id='word_1_136' title='bbox 577 1795 662 1861; x_wconf 79' lang='lat' dir='ltr'><strong>Boeo</strong></span> <span class='ocrx_word' id='word_1_137' title='bbox 682 1795 831 1880; x_wconf 77' lang='lat' dir='ltr'><strong>seriptum</strong></span> <span class='ocrx_word' id='word_1_138' title='bbox 852 1795 925 1862; x_wconf 87' lang='lat' dir='ltr'><strong>nihil</strong></span> <span class='ocrx_word' id='word_1_139' title='bbox 954 1796 1035 1861; x_wconf 84' lang='lat' dir='ltr'><strong>oliod</strong></span> <span class='ocrx_word' id='word_1_140' title='bbox 1064 1796 1216 1882; x_wconf 71' lang='lat' dir='ltr'><strong>significet</strong></span> 
     </span>
     <span class='ocr_line' id='line_1_17' title="bbox 86 1897 1214 1984; baseline 0.004 -21"><span class='ocrx_word' id='word_1_141' title='bbox 86 1920 172 1981; x_wconf 86' lang='lat' dir='ltr'><strong>quom</strong></span> <span class='ocrx_word' id='word_1_142' title='bbox 195 1899 270 1963; x_wconf 78' lang='lat' dir='ltr'><strong>boos</strong></span> <span class='ocrx_word' id='word_1_143' title='bbox 296 1908 355 1963; x_wconf 83' lang='lat' dir='ltr'><strong>‘ou</strong></span> <span class='ocrx_word' id='word_1_144' title='bbox 371 1914 406 1963; x_wconf 80' lang='lat' dir='ltr'><strong>oo</strong></span> <span class='ocrx_word' id='word_1_145' title='bbox 420 1900 503 1976; x_wconf 82' lang='lat' dir='ltr'><strong>uno’,</strong></span> <span class='ocrx_word' id='word_1_146' title='bbox 524 1897 554 1963; x_wconf 88' lang='lat' dir='ltr'><strong>id</strong></span> <span class='ocrx_word' id='word_1_147' title='bbox 576 1909 625 1962; x_wconf 86' lang='lat' dir='ltr'><strong>est</strong></span> <span class='ocrx_word' id='word_1_148' title='bbox 641 1905 707 1982; x_wconf 84' lang='lat' dir='ltr'><strong>‘pro</strong></span> <span class='ocrx_word' id='word_1_149' title='bbox 730 1898 795 1963; x_wconf 84' lang='lat' dir='ltr'><strong>eius</strong></span> <span class='ocrx_word' id='word_1_150' title='bbox 818 1899 947 1984; x_wconf 88' lang='lat' dir='ltr'><strong>hospitio</strong></span> <span class='ocrx_word' id='word_1_151' title='bbox 968 1901 1027 1963; x_wconf 87' lang='lat' dir='ltr'><strong>dno</strong></span> <span class='ocrx_word' id='word_1_152' title='bbox 1048 1899 1131 1964; x_wconf 76' lang='lat' dir='ltr'><strong>milis</strong></span> <span class='ocrx_word' id='word_1_153' title='bbox 1153 1920 1214 1969; x_wconf 74' lang='lat' dir='ltr'><strong>nu</strong></span> 
     </span>
     <span class='ocr_line' id='line_1_18' title="bbox 85 1997 1214 2084; baseline 0.004 -20"><span class='ocrx_word' id='word_1_154' title='bbox 85 2002 255 2066; x_wconf 88' lang='lat' dir='ltr'><strong>miserunt’.</strong></span> <span class='ocrx_word' id='word_1_155' title='bbox 278 1997 315 2063; x_wconf 91' lang='lat' dir='ltr'><strong>lo</strong></span> <span class='ocrx_word' id='word_1_156' title='bbox 329 2000 519 2084; x_wconf 81' lang='lat' dir='ltr'><strong>interpoiotis</strong></span> <span class='ocrx_word' id='word_1_157' title='bbox 542 2001 628 2065; x_wconf 82' lang='lat' dir='ltr'><strong>codd.</strong></span> <span class='ocrx_word' id='word_1_158' title='bbox 647 2001 730 2064; x_wconf 86' lang='lat' dir='ltr'><strong>‘uno&#39;</strong></span> <span class='ocrx_word' id='word_1_159' title='bbox 745 2001 889 2066; x_wconf 83' lang='lat' dir='ltr'><strong>omissuro</strong></span> <span class='ocrx_word' id='word_1_160' title='bbox 906 2012 964 2080; x_wconf 83' lang='lat' dir='ltr'><strong>est,</strong></span> <span class='ocrx_word' id='word_1_161' title='bbox 981 2001 1050 2084; x_wconf 83' lang='lat' dir='ltr'><strong>quio</strong></span> <span class='ocrx_word' id='word_1_162' title='bbox 1067 2022 1214 2069; x_wconf 79' lang='lat' dir='ltr'><strong>numerus</strong></span> 
     </span>
     <span class='ocr_line' id='line_1_19' title="bbox 85 2099 1212 2186; baseline 0.007 -21"><span class='ocrx_word' id='word_1_163' title='bbox 85 2101 254 2167; x_wconf 83' lang='lat' dir='ltr'><strong>uidebatur.</strong></span> <span class='ocrx_word' id='word_1_164' title='bbox 277 2099 339 2168; x_wconf 86' lang='lat' dir='ltr'><strong>Sed</strong></span> <span class='ocrx_word' id='word_1_165' title='bbox 355 2103 385 2168; x_wconf 83' lang='lat' dir='ltr'><strong>it</strong></span> <span class='ocrx_word' id='word_1_166' title='bbox 399 2103 573 2167; x_wconf 87' lang='lat' dir='ltr'><strong>ndoorbinm</strong></span> <span class='ocrx_word' id='word_1_167' title='bbox 589 2105 691 2167; x_wconf 85' lang='lat' dir='ltr'><strong>eodem</strong></span> <span class='ocrx_word' id='word_1_168' title='bbox 707 2103 795 2167; x_wconf 87' lang='lat' dir='ltr'><strong>modo</strong></span> <span class='ocrx_word' id='word_1_169' title='bbox 811 2104 938 2186; x_wconf 83' lang='lat' dir='ltr'><strong>posituro</strong></span> <span class='ocrx_word' id='word_1_170' title='bbox 953 2115 1002 2169; x_wconf 86' lang='lat' dir='ltr'><strong>est</strong></span> <span class='ocrx_word' id='word_1_171' title='bbox 1016 2104 1082 2169; x_wconf 88' lang='lat' dir='ltr'><strong>bor.</strong></span> <span class='ocrx_word' id='word_1_172' title='bbox 1099 2126 1212 2173; x_wconf 74' lang='lat' dir='ltr'><strong>eumn·</strong></span> 
     </span>
     <span class='ocr_line' id='line_1_20' title="bbox 84 2201 1215 2290; baseline 0.005 -21"><span class='ocrx_word' id='word_1_173' title='bbox 84 2201 128 2284; x_wconf 88' lang='lat' dir='ltr'><strong>ll,</strong></span> <span class='ocrx_word' id='word_1_174' title='bbox 144 2203 200 2281; x_wconf 77' lang='lat'><strong>29,</strong></span> <span class='ocrx_word' id='word_1_175' title='bbox 216 2205 237 2269; x_wconf 79' lang='lat'><strong>3</strong></span> <span class='ocrx_word' id='word_1_176' title='bbox 254 2204 483 2290; x_wconf 83' lang='lat' dir='ltr'><strong>‘impedimentis</strong></span> <span class='ocrx_word' id='word_1_177' title='bbox 499 2205 574 2269; x_wconf 77' lang='lat' dir='ltr'><strong>eins</strong></span> <span class='ocrx_word' id='word_1_178' title='bbox 590 2202 728 2269; x_wconf 83' lang='lat' dir='ltr'><strong>Rhenum</strong></span> <span class='ocrx_word' id='word_1_179' title='bbox 745 2205 897 2290; x_wconf 86' lang='lat' dir='ltr'><strong>dispositis</strong></span> <span class='ocrx_word' id='word_1_180' title='bbox 913 2207 1076 2271; x_wconf 76' lang='lat' dir='ltr'><strong>custodium</strong></span> <span class='ocrx_word' id='word_1_181' title='bbox 1092 2227 1133 2273; x_wconf 78' lang='lat' dir='ltr'><strong>ex</strong></span> <span class='ocrx_word' id='word_1_182' title='bbox 1148 2206 1215 2275; x_wconf 72' lang='lat' dir='ltr'><strong>snit</strong></span> 
     </span>
     <span class='ocr_line' id='line_1_21' title="bbox 85 2306 1213 2394; baseline 0.004 -21"><span class='ocrx_word' id='word_1_183' title='bbox 85 2330 121 2374; x_wconf 88' lang='lat' dir='ltr'><strong>oo</strong></span> <span class='ocrx_word' id='word_1_184' title='bbox 136 2309 315 2394; x_wconf 76' lang='lat' dir='ltr'><strong>praesidium</strong></span> <span class='ocrx_word' id='word_1_185' title='bbox 331 2329 389 2373; x_wconf 83' lang='lat' dir='ltr'><strong>sex</strong></span> <span class='ocrx_word' id='word_1_186' title='bbox 403 2307 485 2371; x_wconf 84' lang='lat' dir='ltr'><strong>milio</strong></span> <span class='ocrx_word' id='word_1_187' title='bbox 499 2306 649 2372; x_wconf 86' lang='lat' dir='ltr'><strong>hominnm</strong></span> <span class='ocrx_word' id='word_1_188' title='bbox 670 2329 729 2372; x_wconf 83' lang='lat' dir='ltr'><strong>ooo</strong></span> <span class='ocrx_word' id='word_1_189' title='bbox 751 2309 967 2391; x_wconf 87' lang='lat' dir='ltr'><strong>oehqoeonnt&#39;,</strong></span> <span class='ocrx_word' id='word_1_190' title='bbox 991 2309 1049 2373; x_wconf 86' lang='lat' dir='ltr'><strong>hoo</strong></span> <span class='ocrx_word' id='word_1_191' title='bbox 1069 2321 1118 2376; x_wconf 83' lang='lat' dir='ltr'><strong>est</strong></span> <span class='ocrx_word' id='word_1_192' title='bbox 1141 2318 1213 2377; x_wconf 80' lang='lat' dir='ltr'><strong>‘nnn</strong></span> 
     </span>
     <span class='ocr_line' id='line_1_22' title="bbox 86 2405 1212 2495; baseline 0.004 -20"><span class='ocrx_word' id='word_1_193' title='bbox 86 2432 152 2475; x_wconf 90' lang='lat' dir='ltr'><strong>onm</strong></span> <span class='ocrx_word' id='word_1_194' title='bbox 176 2409 416 2493; x_wconf 86' lang='lat' dir='ltr'><strong>impedimentis&#39;.</strong></span> <span class='ocrx_word' id='word_1_195' title='bbox 456 2406 505 2473; x_wconf 81' lang='lat' dir='ltr'><strong>et.</strong></span> <span class='ocrx_word' id='word_1_196' title='bbox 530 2405 583 2486; x_wconf 85' lang='lat' dir='ltr'><strong>vl,</strong></span> <span class='ocrx_word' id='word_1_197' title='bbox 603 2407 644 2473; x_wconf 80' lang='lat'><strong>19</strong></span> <span class='ocrx_word' id='word_1_198' title='bbox 667 2421 748 2474; x_wconf 80' lang='lat' dir='ltr'><strong>extr.</strong></span> <span class='ocrx_word' id='word_1_199' title='bbox 766 2408 1097 2490; x_wconf 78' lang='lat' dir='ltr'><strong>v11‚50‚3.oo‚2.</strong></span> <span class='ocrx_word' id='word_1_200' title='bbox 1122 2410 1212 2495; x_wconf 80' lang='lat' dir='ltr'><strong>vul,</strong></span> 
     </span>
     <span class='ocr_line' id='line_1_23' title="bbox 86 2507 1215 2587; baseline 0.007 -12"><span class='ocrx_word' id='word_1_201' title='bbox 86 2510 139 2587; x_wconf 73' lang='lat'><strong>14,</strong></span> <span class='ocrx_word' id='word_1_202' title='bbox 158 2510 189 2573; x_wconf 89' lang='lat'><strong>1.</strong></span> <span class='ocrx_word' id='word_1_203' title='bbox 212 2507 287 2574; x_wconf 83' lang='lat' dir='ltr'><strong>Item</strong></span> <span class='ocrx_word' id='word_1_204' title='bbox 303 2507 376 2585; x_wconf 84' lang='lat' dir='ltr'><strong>vlt,</strong></span> <span class='ocrx_word' id='word_1_205' title='bbox 393 2508 485 2587; x_wconf 81' lang='lat'><strong>77,5</strong></span> <span class='ocrx_word' id='word_1_206' title='bbox 506 2511 626 2576; x_wconf 83' lang='lat' dir='ltr'><strong>restitui</strong></span> <span class='ocrx_word' id='word_1_207' title='bbox 650 2515 776 2579; x_wconf 84' lang='lat' dir='ltr'><strong>‘eunetis</strong></span> <span class='ocrx_word' id='word_1_208' title='bbox 799 2535 858 2578; x_wconf 89' lang='lat' dir='ltr'><strong>ono</strong></span> <span class='ocrx_word' id='word_1_209' title='bbox 879 2511 941 2579; x_wconf 84' lang='lat' dir='ltr'><strong>XL</strong></span> <span class='ocrx_word' id='word_1_210' title='bbox 963 2514 1148 2580; x_wconf 82' lang='lat' dir='ltr'><strong>eobortibns&#39;</strong></span> <span class='ocrx_word' id='word_1_211' title='bbox 1171 2536 1215 2583; x_wconf 76' lang='lat' dir='ltr'><strong>ox</strong></span> 
     </span>
     <span class='ocr_line' id='line_1_24' title="bbox 86 2608 1215 2702; baseline 0.011 -29"><span class='ocrx_word' id='word_1_212' title='bbox 86 2608 158 2675; x_wconf 84' lang='lat' dir='ltr'><strong>Por.</strong></span> <span class='ocrx_word' id='word_1_213' title='bbox 176 2633 221 2696; x_wconf 89' lang='lat' dir='ltr'><strong>pr.</strong></span> <span class='ocrx_word' id='word_1_214' title='bbox 237 2621 268 2674; x_wconf 85' lang='lat' dir='ltr'><strong>et</strong></span> <span class='ocrx_word' id='word_1_215' title='bbox 281 2611 417 2695; x_wconf 88' lang='lat' dir='ltr'><strong>plurimis</strong></span> <span class='ocrx_word' id='word_1_216' title='bbox 432 2612 519 2676; x_wconf 78' lang='lat' dir='ltr'><strong>codd.</strong></span> <span class='ocrx_word' id='word_1_217' title='bbox 530 2610 626 2679; x_wconf 67' lang='lat' dir='ltr'><strong>(inde</strong></span> <span class='ocrx_word' id='word_1_218' title='bbox 642 2615 675 2679; x_wconf 89' lang='lat' dir='ltr'><strong>iu</strong></span> <span class='ocrx_word' id='word_1_219' title='bbox 689 2613 789 2702; x_wconf 78' lang='lat' dir='ltr'><strong>Boog.</strong></span> <span class='ocrx_word' id='word_1_220' title='bbox 801 2637 846 2701; x_wconf 88' lang='lat' dir='ltr'><strong>pr.</strong></span> <span class='ocrx_word' id='word_1_221' title='bbox 864 2616 1008 2701; x_wconf 81' lang='lat' dir='ltr'><strong>seriptum</strong></span> <span class='ocrx_word' id='word_1_222' title='bbox 1023 2626 1072 2683; x_wconf 81' lang='lat' dir='ltr'><strong>est</strong></span> <span class='ocrx_word' id='word_1_223' title='bbox 1087 2625 1159 2683; x_wconf 85' lang='lat' dir='ltr'><strong>‘unu</strong></span> <span class='ocrx_word' id='word_1_224' title='bbox 1175 2618 1215 2685; x_wconf 74' lang='lat' dir='ltr'><strong>do</strong></span> 
     </span>
     <span class='ocr_line' id='line_1_25' title="bbox 85 2713 1213 2802; baseline 0.007 -24"><span class='ocrx_word' id='word_1_225' title='bbox 85 2714 304 2801; x_wconf 71' lang='lat' dir='ltr'><strong>quodraginto&#39;,</strong></span> <span class='ocrx_word' id='word_1_226' title='bbox 321 2715 352 2778; x_wconf 90' lang='lat' dir='ltr'><strong>in</strong></span> <span class='ocrx_word' id='word_1_227' title='bbox 369 2713 470 2779; x_wconf 80' lang='lat' dir='ltr'><strong>blano.</strong></span> <span class='ocrx_word' id='word_1_228' title='bbox 488 2737 533 2798; x_wconf 85' lang='lat' dir='ltr'><strong>pn.</strong></span> <span class='ocrx_word' id='word_1_229' title='bbox 553 2718 677 2782; x_wconf 83' lang='lat' dir='ltr'><strong>‘eunetis</strong></span> <span class='ocrx_word' id='word_1_230' title='bbox 693 2720 730 2783; x_wconf 88' lang='lat' dir='ltr'><strong>de</strong></span> <span class='ocrx_word' id='word_1_231' title='bbox 744 2719 962 2802; x_wconf 72' lang='lat' dir='ltr'><strong>quodragintn’,</strong></span> <span class='ocrx_word' id='word_1_232' title='bbox 979 2720 1012 2785; x_wconf 87' lang='lat' dir='ltr'><strong>in</strong></span> <span class='ocrx_word' id='word_1_233' title='bbox 1026 2714 1213 2787; x_wconf 70' lang='lat' dir='ltr'><strong>Soshloeid.</strong></span> 
     </span>
     <span class='ocr_line' id='line_1_26' title="bbox 85 2813 1213 2904; baseline 0.01 -24"><span class='ocrx_word' id='word_1_234' title='bbox 85 2837 131 2901; x_wconf 89' lang='lat' dir='ltr'><strong>pr.</strong></span> <span class='ocrx_word' id='word_1_235' title='bbox 139 2813 245 2883; x_wconf 79' lang='lat' dir='ltr'><strong>0xoo.</strong></span> <span class='ocrx_word' id='word_1_236' title='bbox 257 2817 304 2883; x_wconf 87' lang='lat' dir='ltr'><strong>hio</strong></span> <span class='ocrx_word' id='word_1_237' title='bbox 318 2840 436 2902; x_wconf 85' lang='lat' dir='ltr'><strong>qnoque</strong></span> <span class='ocrx_word' id='word_1_238' title='bbox 453 2816 535 2881; x_wconf 89' lang='lat' dir='ltr'><strong>‘nnn’</strong></span> <span class='ocrx_word' id='word_1_239' title='bbox 558 2819 700 2884; x_wconf 86' lang='lat' dir='ltr'><strong>omissum</strong></span> <span class='ocrx_word' id='word_1_240' title='bbox 716 2831 775 2886; x_wconf 82' lang='lat' dir='ltr'><strong>est.</strong></span> <span class='ocrx_word' id='word_1_241' title='bbox 798 2817 855 2885; x_wconf 79' lang='lat' dir='ltr'><strong>lllu</strong></span> <span class='ocrx_word' id='word_1_242' title='bbox 869 2841 930 2886; x_wconf 92' lang='lat' dir='ltr'><strong>ooo</strong></span> <span class='ocrx_word' id='word_1_243' title='bbox 944 2831 995 2885; x_wconf 85' lang='lat' dir='ltr'><strong>est</strong></span> <span class='ocrx_word' id='word_1_244' title='bbox 1013 2823 1090 2904; x_wconf 88' lang='lat' dir='ltr'><strong>quod</strong></span> <span class='ocrx_word' id='word_1_245' title='bbox 1111 2825 1213 2891; x_wconf 82' lang='lat' dir='ltr'><strong>minos</strong></span> 
     </span>
     <span class='ocr_line' id='line_1_27' title="bbox 84 2919 1213 3008; baseline 0.008 -26"><span class='ocrx_word' id='word_1_246' title='bbox 84 2928 167 2984; x_wconf 83' lang='lat' dir='ltr'><strong>recte</strong></span> <span class='ocrx_word' id='word_1_247' title='bbox 182 2920 261 2987; x_wconf 86' lang='lat' dir='ltr'><strong>dieto</strong></span> <span class='ocrx_word' id='word_1_248' title='bbox 278 2921 436 2987; x_wconf 83' lang='lat' dir='ltr'><strong>nidenotor</strong></span> <span class='ocrx_word' id='word_1_249' title='bbox 451 2942 536 3006; x_wconf 82' lang='lat' dir='ltr'><strong>quom</strong></span> <span class='ocrx_word' id='word_1_250' title='bbox 549 2922 622 2988; x_wconf 86' lang='lat' dir='ltr'><strong>boen</strong></span> <span class='ocrx_word' id='word_1_251' title='bbox 631 2919 731 2988; x_wconf 86' lang='lat' dir='ltr'><strong>Taciti</strong></span> <span class='ocrx_word' id='word_1_252' title='bbox 746 2944 819 2989; x_wconf 87' lang='lat' dir='ltr'><strong>uno.</strong></span> <span class='ocrx_word' id='word_1_253' title='bbox 835 2920 863 3002; x_wconf 94' lang='lat' dir='ltr'><strong>I,</strong></span> <span class='ocrx_word' id='word_1_254' title='bbox 882 2921 940 2988; x_wconf 70' lang='lat'><strong>182</strong></span> <span class='ocrx_word' id='word_1_255' title='bbox 959 2932 1032 2987; x_wconf 84' lang='lat' dir='ltr'><strong>‘ona</strong></span> <span class='ocrx_word' id='word_1_256' title='bbox 1047 2933 1110 2991; x_wconf 87' lang='lat' dir='ltr'><strong>tres</strong></span> <span class='ocrx_word' id='word_1_257' title='bbox 1125 2926 1213 3008; x_wconf 81' lang='lat' dir='ltr'><strong>eqni·</strong></span> 
     </span>
     <span class='ocr_line' id='line_1_28' title="bbox 85 3021 597 3109; baseline 0.006 -25"><span class='ocrx_word' id='word_1_258' title='bbox 85 3021 131 3085; x_wconf 86' lang='lat' dir='ltr'><strong>los</strong></span> <span class='ocrx_word' id='word_1_259' title='bbox 147 3033 177 3087; x_wconf 87' lang='lat' dir='ltr'><strong>et</strong></span> <span class='ocrx_word' id='word_1_260' title='bbox 192 3023 278 3109; x_wconf 78' lang='lat' dir='ltr'><strong>signa</strong></span> <span class='ocrx_word' id='word_1_261' title='bbox 295 3024 462 3090; x_wconf 85' lang='lat' dir='ltr'><strong>cohortium</strong></span> <span class='ocrx_word' id='word_1_262' title='bbox 478 3024 597 3091; x_wconf 84' lang='lat' dir='ltr'><strong>locont&#39;.</strong></span> 
     </span>
    </p>

    <p class='ocr_par' dir='ltr' id='par_1_4' title="bbox 80 3122 1214 4238">
     <span class='ocr_line' id='line_1_29' title="bbox 170 3122 1213 3212; baseline 0.008 -23"><span class='ocrx_word' id='word_1_263' title='bbox 170 3122 289 3190; x_wconf 88' lang='lat' dir='ltr'><strong>Initium</strong></span> <span class='ocrx_word' id='word_1_264' title='bbox 305 3151 335 3193; x_wconf 88' lang='lat' dir='ltr'><strong>e.</strong></span> <span class='ocrx_word' id='word_1_265' title='bbox 346 3127 391 3195; x_wconf 88' lang='lat'><strong>88</strong></span> <span class='ocrx_word' id='word_1_266' title='bbox 404 3129 436 3192; x_wconf 93' lang='lat' dir='ltr'><strong>in</strong></span> <span class='ocrx_word' id='word_1_267' title='bbox 452 3128 538 3193; x_wconf 84' lang='lat' dir='ltr'><strong>oodd.</strong></span> <span class='ocrx_word' id='word_1_268' title='bbox 549 3128 591 3193; x_wconf 88' lang='lat' dir='ltr'><strong>ito</strong></span> <span class='ocrx_word' id='word_1_269' title='bbox 608 3128 750 3212; x_wconf 85' lang='lat' dir='ltr'><strong>seriptum</strong></span> <span class='ocrx_word' id='word_1_270' title='bbox 766 3140 831 3194; x_wconf 77' lang='lat' dir='ltr'><strong>este</strong></span> <span class='ocrx_word' id='word_1_271' title='bbox 851 3125 941 3191; x_wconf 85' lang='lat' dir='ltr'><strong>‘Eius</strong></span> <span class='ocrx_word' id='word_1_272' title='bbox 955 3129 1088 3195; x_wconf 83' lang='lat' dir='ltr'><strong>odoentu</strong></span> <span class='ocrx_word' id='word_1_273' title='bbox 1102 3149 1145 3195; x_wconf 87' lang='lat' dir='ltr'><strong>ex</strong></span> <span class='ocrx_word' id='word_1_274' title='bbox 1159 3152 1213 3197; x_wconf 89' lang='lat' dir='ltr'><strong>oo·</strong></span> 
     </span>
     <span class='ocr_line' id='line_1_30' title="bbox 84 3224 1213 3315; baseline 0.009 -28"><span class='ocrx_word' id='word_1_275' title='bbox 84 3224 148 3287; x_wconf 87' lang='lat' dir='ltr'><strong>lore</strong></span> <span class='ocrx_word' id='word_1_276' title='bbox 170 3227 298 3292; x_wconf 83' lang='lat' dir='ltr'><strong>uestitus</strong></span> <span class='ocrx_word' id='word_1_277' title='bbox 318 3231 462 3313; x_wconf 75' lang='lat' dir='ltr'><strong>cognito,</strong></span> <span class='ocrx_word' id='word_1_278' title='bbox 493 3252 551 3315; x_wconf 87' lang='lat' dir='ltr'><strong>qno</strong></span> <span class='ocrx_word' id='word_1_279' title='bbox 565 3230 678 3314; x_wconf 76' lang='lat' dir='ltr'><strong>insigni</strong></span> <span class='ocrx_word' id='word_1_280' title='bbox 693 3231 725 3295; x_wconf 92' lang='lat' dir='ltr'><strong>io</strong></span> <span class='ocrx_word' id='word_1_281' title='bbox 740 3229 863 3315; x_wconf 81' lang='lat' dir='ltr'><strong>proeliis</strong></span> <span class='ocrx_word' id='word_1_282' title='bbox 878 3231 921 3295; x_wconf 89' lang='lat' dir='ltr'><strong>oti</strong></span> <span class='ocrx_word' id='word_1_283' title='bbox 937 3241 1117 3310; x_wconf 84' lang='lat' dir='ltr'><strong>ooosnenot,</strong></span> <span class='ocrx_word' id='word_1_284' title='bbox 1146 3242 1213 3297; x_wconf 84' lang='lat' dir='ltr'><strong>tnr-</strong></span> 
     </span>
     <span class='ocr_line' id='line_1_31' title="bbox 84 3326 1214 3418; baseline 0.012 -30"><span class='ocrx_word' id='word_1_285' title='bbox 84 3326 199 3413; x_wconf 86' lang='lat' dir='ltr'><strong>misqne</strong></span> <span class='ocrx_word' id='word_1_286' title='bbox 215 3329 345 3411; x_wconf 87' lang='lat' dir='ltr'><strong>equitum</strong></span> <span class='ocrx_word' id='word_1_287' title='bbox 363 3332 450 3412; x_wconf 90' lang='lat' dir='ltr'><strong>nisis,</strong></span> <span class='ocrx_word' id='word_1_288' title='bbox 471 3353 546 3416; x_wconf 82' lang='lat' dir='ltr'><strong>qnos</strong></span> <span class='ocrx_word' id='word_1_289' title='bbox 562 3333 695 3415; x_wconf 86' lang='lat' dir='ltr'><strong>sesequi</strong></span> <span class='ocrx_word' id='word_1_290' title='bbox 710 3334 853 3412; x_wconf 82' lang='lat' dir='ltr'><strong>inoserut,</strong></span> <span class='ocrx_word' id='word_1_291' title='bbox 880 3343 914 3397; x_wconf 90' lang='lat' dir='ltr'><strong>ut</strong></span> <span class='ocrx_word' id='word_1_292' title='bbox 934 3334 971 3397; x_wconf 87' lang='lat' dir='ltr'><strong>de</strong></span> <span class='ocrx_word' id='word_1_293' title='bbox 986 3333 1060 3398; x_wconf 81' lang='lat' dir='ltr'><strong>lonis</strong></span> <span class='ocrx_word' id='word_1_294' title='bbox 1076 3335 1214 3418; x_wconf 84' lang='lat' dir='ltr'><strong>superio·</strong></span> 
     </span>
     <span class='ocr_line' id='line_1_32' title="bbox 84 3428 1213 3523; baseline 0.011 -32"><span class='ocrx_word' id='word_1_295' title='bbox 84 3429 168 3492; x_wconf 85' lang='lat' dir='ltr'><strong>ribos</strong></span> <span class='ocrx_word' id='word_1_296' title='bbox 183 3428 257 3494; x_wconf 82' lang='lat' dir='ltr'><strong>baeu</strong></span> <span class='ocrx_word' id='word_1_297' title='bbox 273 3432 400 3496; x_wconf 81' lang='lat' dir='ltr'><strong>deebinio</strong></span> <span class='ocrx_word' id='word_1_298' title='bbox 415 3442 446 3496; x_wconf 87' lang='lat' dir='ltr'><strong>ot</strong></span> <span class='ocrx_word' id='word_1_299' title='bbox 460 3436 577 3498; x_wconf 83' lang='lat' dir='ltr'><strong>deuexo</strong></span> <span class='ocrx_word' id='word_1_300' title='bbox 592 3434 811 3513; x_wconf 86' lang='lat' dir='ltr'><strong>eeroebontnr,</strong></span> <span class='ocrx_word' id='word_1_301' title='bbox 836 3435 938 3503; x_wconf 84' lang='lat' dir='ltr'><strong>hostes</strong></span> <span class='ocrx_word' id='word_1_302' title='bbox 961 3437 1104 3523; x_wconf 82' lang='lat' dir='ltr'><strong>proelium</strong></span> <span class='ocrx_word' id='word_1_303' title='bbox 1128 3458 1213 3503; x_wconf 84' lang='lat' dir='ltr'><strong>eom·</strong></span> 
     </span>
     <span class='ocr_line' id='line_1_33' title="bbox 83 3529 1212 3618; baseline 0.013 -27"><span class='ocrx_word' id='word_1_304' title='bbox 83 3530 226 3594; x_wconf 88' lang='lat' dir='ltr'><strong>mittoot&#39;.</strong></span> <span class='ocrx_word' id='word_1_305' title='bbox 264 3529 326 3598; x_wconf 86' lang='lat' dir='ltr'><strong>Sed</strong></span> <span class='ocrx_word' id='word_1_306' title='bbox 342 3534 468 3618; x_wconf 90' lang='lat' dir='ltr'><strong>primum</strong></span> <span class='ocrx_word' id='word_1_307' title='bbox 483 3536 658 3601; x_wconf 81' lang='lat' dir='ltr'><strong>incredibile</strong></span> <span class='ocrx_word' id='word_1_308' title='bbox 673 3547 720 3599; x_wconf 91' lang='lat' dir='ltr'><strong>est</strong></span> <span class='ocrx_word' id='word_1_309' title='bbox 735 3538 896 3603; x_wconf 86' lang='lat' dir='ltr'><strong>odoeotom</strong></span> <span class='ocrx_word' id='word_1_310' title='bbox 914 3537 1060 3606; x_wconf 75' lang='lat' dir='ltr'><strong>Caesaris</strong></span> <span class='ocrx_word' id='word_1_311' title='bbox 1075 3550 1107 3603; x_wconf 85' lang='lat' dir='ltr'><strong>et</strong></span> <span class='ocrx_word' id='word_1_312' title='bbox 1121 3538 1212 3605; x_wconf 76' lang='lat' dir='ltr'><strong>ausi·</strong></span> 
     </span>
     <span class='ocr_line' id='line_1_34' title="bbox 84 3630 1210 3726; baseline 0.011 -32"><span class='ocrx_word' id='word_1_313' title='bbox 84 3631 154 3695; x_wconf 89' lang='lat' dir='ltr'><strong>lium</strong></span> <span class='ocrx_word' id='word_1_314' title='bbox 164 3630 310 3699; x_wconf 76' lang='lat' dir='ltr'><strong>Romanis</strong></span> <span class='ocrx_word' id='word_1_315' title='bbox 325 3637 455 3701; x_wconf 78' lang='lat' dir='ltr'><strong>additum</strong></span> <span class='ocrx_word' id='word_1_316' title='bbox 471 3639 608 3703; x_wconf 82' lang='lat' dir='ltr'><strong>hostibus</strong></span> <span class='ocrx_word' id='word_1_317' title='bbox 624 3659 744 3705; x_wconf 78' lang='lat' dir='ltr'><strong>eonsom</strong></span> <span class='ocrx_word' id='word_1_318' title='bbox 761 3642 964 3707; x_wconf 81' lang='lat' dir='ltr'><strong>committendi</strong></span> <span class='ocrx_word' id='word_1_319' title='bbox 980 3643 1085 3726; x_wconf 88' lang='lat' dir='ltr'><strong>proelii</strong></span> <span class='ocrx_word' id='word_1_320' title='bbox 1103 3643 1210 3707; x_wconf 80' lang='lat' dir='ltr'><strong>inisse.</strong></span> 
     </span>
     <span class='ocr_line' id='line_1_35' title="bbox 82 3731 1212 3828; baseline 0.012 -31"><span class='ocrx_word' id='word_1_321' title='bbox 82 3731 201 3799; x_wconf 86' lang='lat' dir='ltr'><strong>Deinde</strong></span> <span class='ocrx_word' id='word_1_322' title='bbox 217 3736 319 3801; x_wconf 87' lang='lat' dir='ltr'><strong>hostes</strong></span> <span class='ocrx_word' id='word_1_323' title='bbox 335 3760 522 3828; x_wconf 71' lang='lat' dir='ltr'><strong>nequaqnam</strong></span> <span class='ocrx_word' id='word_1_324' title='bbox 537 3751 599 3805; x_wconf 87' lang='lat' dir='ltr'><strong>tom</strong></span> <span class='ocrx_word' id='word_1_325' title='bbox 615 3742 731 3805; x_wconf 86' lang='lat' dir='ltr'><strong>demum</strong></span> <span class='ocrx_word' id='word_1_326' title='bbox 748 3744 893 3827; x_wconf 84' lang='lat' dir='ltr'><strong>proelium</strong></span> <span class='ocrx_word' id='word_1_327' title='bbox 908 3747 1140 3822; x_wconf 85' lang='lat' dir='ltr'><strong>commiserunt,</strong></span> <span class='ocrx_word' id='word_1_328' title='bbox 1156 3745 1212 3811; x_wconf 82' lang='lat' dir='ltr'><strong>sed</strong></span> 
     </span>
     <span class='ocr_line' id='line_1_36' title="bbox 82 3835 1212 3932; baseline 0.013 -34"><span class='ocrx_word' id='word_1_329' title='bbox 82 3835 112 3898; x_wconf 88' lang='lat' dir='ltr'><strong>id</strong></span> <span class='ocrx_word' id='word_1_330' title='bbox 127 3836 217 3921; x_wconf 82' lang='lat' dir='ltr'><strong>longe</strong></span> <span class='ocrx_word' id='word_1_331' title='bbox 231 3849 319 3903; x_wconf 76' lang='lat' dir='ltr'><strong>notes</strong></span> <span class='ocrx_word' id='word_1_332' title='bbox 342 3842 495 3917; x_wconf 83' lang='lat' dir='ltr'><strong>ieoernot,</strong></span> <span class='ocrx_word' id='word_1_333' title='bbox 518 3866 582 3908; x_wconf 88' lang='lat' dir='ltr'><strong>unm</strong></span> <span class='ocrx_word' id='word_1_334' title='bbox 605 3845 787 3910; x_wconf 84' lang='lat' dir='ltr'><strong>munitiones</strong></span> <span class='ocrx_word' id='word_1_335' title='bbox 808 3844 1012 3912; x_wconf 80' lang='lat' dir='ltr'><strong>Romanorum</strong></span> <span class='ocrx_word' id='word_1_336' title='bbox 1038 3868 1212 3932; x_wconf 70' lang='lat' dir='ltr'><strong>oppugnare</strong></span> 
     </span>
     <span class='ocr_line' id='line_1_37' title="bbox 82 3937 1211 4033; baseline 0.014 -33"><span class='ocrx_word' id='word_1_337' title='bbox 82 3937 287 4022; x_wconf 80' lang='lat' dir='ltr'><strong>incipiebant,</strong></span> <span class='ocrx_word' id='word_1_338' title='bbox 312 3961 409 4025; x_wconf 85' lang='lat' dir='ltr'><strong>oeque</strong></span> <span class='ocrx_word' id='word_1_339' title='bbox 430 3966 472 4010; x_wconf 81' lang='lat' dir='ltr'><strong>ex</strong></span> <span class='ocrx_word' id='word_1_340' title='bbox 494 3967 530 4011; x_wconf 84' lang='lat' dir='ltr'><strong>eo</strong></span> <span class='ocrx_word' id='word_1_341' title='bbox 554 3957 688 4031; x_wconf 84' lang='lat' dir='ltr'><strong>tempore</strong></span> <span class='ocrx_word' id='word_1_342' title='bbox 708 3949 851 4033; x_wconf 83' lang='lat' dir='ltr'><strong>impetum</strong></span> <span class='ocrx_word' id='word_1_343' title='bbox 865 3951 1058 4014; x_wconf 83' lang='lat' dir='ltr'><strong>remiserunt.</strong></span> <span class='ocrx_word' id='word_1_344' title='bbox 1094 3949 1211 4017; x_wconf 76' lang='lat' dir='ltr'><strong>Vernus</strong></span> 
     </span>
     <span class='ocr_line' id='line_1_38' title="bbox 80 4040 1213 4137; baseline 0.015 -35"><span class='ocrx_word' id='word_1_345' title='bbox 80 4040 174 4125; x_wconf 71' lang='lat' dir='ltr'><strong>igitur</strong></span> <span class='ocrx_word' id='word_1_346' title='bbox 188 4042 263 4106; x_wconf 84' lang='lat' dir='ltr'><strong>uidit</strong></span> <span class='ocrx_word' id='word_1_347' title='bbox 278 4041 422 4120; x_wconf 84' lang='lat' dir='ltr'><strong>lurioius,</strong></span> <span class='ocrx_word' id='word_1_348' title='bbox 439 4049 487 4129; x_wconf 91' lang='lat' dir='ltr'><strong>qni</strong></span> <span class='ocrx_word' id='word_1_349' title='bbox 503 4049 546 4111; x_wconf 89' lang='lat' dir='ltr'><strong>ito</strong></span> <span class='ocrx_word' id='word_1_350' title='bbox 556 4050 745 4115; x_wconf 84' lang='lat' dir='ltr'><strong>scribendum</strong></span> <span class='ocrx_word' id='word_1_351' title='bbox 762 4072 829 4115; x_wconf 86' lang='lat' dir='ltr'><strong>esse</strong></span> <span class='ocrx_word' id='word_1_352' title='bbox 845 4054 979 4117; x_wconf 85' lang='lat' dir='ltr'><strong>monuit:</strong></span> <span class='ocrx_word' id='word_1_353' title='bbox 999 4054 1108 4117; x_wconf 79' lang='lat' dir='ltr'><strong>‘nostri</strong></span> <span class='ocrx_word' id='word_1_354' title='bbox 1124 4074 1213 4137; x_wconf 82' lang='lat' dir='ltr'><strong>proo-</strong></span> 
     </span>
     <span class='ocr_line' id='line_1_39' title="bbox 82 4144 1212 4238; baseline 0.01 -30"><span class='ocrx_word' id='word_1_355' title='bbox 82 4144 154 4209; x_wconf 85' lang='lat' dir='ltr'><strong>linnn</strong></span> <span class='ocrx_word' id='word_1_356' title='bbox 174 4147 383 4210; x_wconf 85' lang='lat' dir='ltr'><strong>committnot’.</strong></span> <span class='ocrx_word' id='word_1_357' title='bbox 420 4147 499 4213; x_wconf 84' lang='lat' dir='ltr'><strong>Nom</strong></span> <span class='ocrx_word' id='word_1_358' title='bbox 523 4172 589 4215; x_wconf 88' lang='lat' dir='ltr'><strong>enm</strong></span> <span class='ocrx_word' id='word_1_359' title='bbox 612 4152 685 4217; x_wconf 88' lang='lat' dir='ltr'><strong>bueo</strong></span> <span class='ocrx_word' id='word_1_360' title='bbox 708 4175 778 4238; x_wconf 79' lang='lat' dir='ltr'><strong>pers</strong></span> <span class='ocrx_word' id='word_1_361' title='bbox 794 4155 991 4220; x_wconf 89' lang='lat' dir='ltr'><strong>monitionum</strong></span> <span class='ocrx_word' id='word_1_362' title='bbox 1009 4154 1212 4219; x_wconf 85' lang='lat' dir='ltr'><strong>uehementis·</strong></span> 
     </span>
    </p>
   </div>
   <div class='ocr_carea' id='block_1_3' title="bbox 81 4246 1212 4341">
    <p class='ocr_par' dir='ltr' id='par_1_5' title="bbox 81 4246 1212 4341">
     <span class='ocr_line' id='line_1_40' title="bbox 81 4246 1212 4341; baseline 0.011 -31"><span class='ocrx_word' id='word_1_363' title='bbox 81 4246 158 4312; x_wconf 72' lang='lat' dir='ltr'><strong>sium</strong></span> <span class='ocrx_word' id='word_1_364' title='bbox 179 4261 401 4335; x_wconf 68' lang='lat' dir='ltr'><strong>oppugnarem</strong></span> <span class='ocrx_word' id='word_1_365' title='bbox 422 4249 759 4335; x_wconf 82' lang='lat' dir='ltr'><strong>oVereossinehonno,</strong></span> <span class='ocrx_word' id='word_1_366' title='bbox 783 4252 900 4323; x_wconf 68' lang='lat' dir='ltr'><strong>(loeson</strong></span> <span class='ocrx_word' id='word_1_367' title='bbox 921 4254 1079 4337; x_wconf 77' lang='lat' dir='ltr'><strong>Labieno,</strong></span> <span class='ocrx_word' id='word_1_368' title='bbox 1103 4259 1155 4341; x_wconf 88' lang='lat' dir='ltr'><strong>qui</strong></span> <span class='ocrx_word' id='word_1_369' title='bbox 1169 4259 1212 4323; x_wconf 90' lang='lat' dir='ltr'><strong>ibi</strong></span> 
     </span>
    </p>
   </div>
   <div class='ocr_carea' id='block_1_4' title="bbox 0 0 1350 4688">
    <p class='ocr_par' dir='ltr' id='par_1_6' title="bbox 0 0 1350 4688">
     <span class='ocr_line' id='line_1_41' title="bbox 0 0 1350 4688; baseline 0 1"><span class='ocrx_word' id='word_1_370' title='bbox 0 0 1350 4688; x_wconf 95' lang='lat' dir='ltr'><strong> </strong></span> 
     </span>
    </p>
   </div>
  </div>
 </body>
</html>
