<?xml version="1.0" encoding="UTF-8"?>
<!DOCTYPE html PUBLIC "-//W3C//DTD XHTML 1.0 Transitional//EN"
    "http://www.w3.org/TR/xhtml1/DTD/xhtml1-transitional.dtd">
<html xmlns="http://www.w3.org/1999/xhtml" xml:lang="en" lang="en">
 <head>
  <title>
</title>
<meta http-equiv="Content-Type" content="text/html;charset=utf-8" />
  <meta name='ocr-system' content='tesseract 3.04.00' />
  <meta name='ocr-capabilities' content='ocr_page ocr_carea ocr_par ocr_line ocrx_word'/>
</head>
<body>
  <div class='ocr_page' id='page_1' title='image "./civliicaesarisc02hirtgoog_0237.png"; bbox 0 0 2692 4688; ppageno 0'>
   <div class='ocr_carea' id='block_1_1' title="bbox 481 180 805 249">
    <p class='ocr_par' dir='ltr' id='par_1_1' title="bbox 481 180 805 249">
     <span class='ocr_line' id='line_1_1' title="bbox 481 180 805 249; baseline 0.006 -1"><span class='ocrx_word' id='word_1_1' title='bbox 481 180 805 249; x_wconf 73' lang='lat'><strong>—230-</strong></span> 
     </span>
    </p>
   </div>
   <div class='ocr_carea' id='block_1_2' title="bbox 82 350 1217 4325">
    <p class='ocr_par' dir='ltr' id='par_1_2' title="bbox 82 350 1213 1766">
     <span class='ocr_line' id='line_1_2' title="bbox 83 350 1211 443; baseline -0.005 -20"><span class='ocrx_word' id='word_1_2' title='bbox 83 359 169 443; x_wconf 77' lang='lat' dir='ltr'><strong>ignes</strong></span> <span class='ocrx_word' id='word_1_3' title='bbox 184 357 250 423; x_wconf 83' lang='lat' dir='ltr'><strong>dori</strong></span> <span class='ocrx_word' id='word_1_4' title='bbox 265 355 397 443; x_wconf 70' lang='lat' dir='ltr'><strong>magnos’</strong></span> <span class='ocrx_word' id='word_1_5' title='bbox 413 365 485 421; x_wconf 90' lang='lat' dir='ltr'><strong>cett.</strong></span> <span class='ocrx_word' id='word_1_6' title='bbox 514 353 596 421; x_wconf 89' lang='lat' dir='ltr'><strong>Nam</strong></span> <span class='ocrx_word' id='word_1_7' title='bbox 614 354 776 439; x_wconf 82' lang='lat' dir='ltr'><strong>‘quoniam&#39;</strong></span> <span class='ocrx_word' id='word_1_8' title='bbox 791 354 824 418; x_wconf 92' lang='lat' dir='ltr'><strong>in</strong></span> <span class='ocrx_word' id='word_1_9' title='bbox 839 353 925 417; x_wconf 88' lang='lat' dir='ltr'><strong>codd.</strong></span> <span class='ocrx_word' id='word_1_10' title='bbox 943 350 1052 417; x_wconf 88' lang='lat' dir='ltr'><strong>littaris</strong></span> <span class='ocrx_word' id='word_1_11' title='bbox 1069 355 1140 436; x_wconf 83' lang='lat' dir='ltr'><strong>‘qm’</strong></span> <span class='ocrx_word' id='word_1_12' title='bbox 1155 362 1211 418; x_wconf 89' lang='lat' dir='ltr'><strong>aot</strong></span> 
     </span>
     <span class='ocr_line' id='line_1_3' title="bbox 83 455 1211 544; baseline -0.004 -20"><span class='ocrx_word' id='word_1_13' title='bbox 83 459 156 524; x_wconf 90' lang='lat' dir='ltr'><strong>solis</strong></span> <span class='ocrx_word' id='word_1_14' title='bbox 171 457 297 544; x_wconf 88' lang='lat' dir='ltr'><strong>(Papias</strong></span> <span class='ocrx_word' id='word_1_15' title='bbox 311 478 341 543; x_wconf 90' lang='lat' dir='ltr'><strong>p.</strong></span> <span class='ocrx_word' id='word_1_16' title='bbox 360 455 441 523; x_wconf 84' lang='lat' dir='ltr'><strong>toot</strong></span> <span class='ocrx_word' id='word_1_17' title='bbox 457 456 513 541; x_wconf 91' lang='grc' dir='ltr'><strong>Ρ.)</strong></span> <span class='ocrx_word' id='word_1_18' title='bbox 528 466 596 535; x_wconf 86' lang='lat' dir='ltr'><strong>aut,</strong></span> <span class='ocrx_word' id='word_1_19' title='bbox 614 468 647 520; x_wconf 92' lang='lat' dir='ltr'><strong>ut</strong></span> <span class='ocrx_word' id='word_1_20' title='bbox 662 457 710 521; x_wconf 84' lang='lat' dir='ltr'><strong>bic</strong></span> <span class='ocrx_word' id='word_1_21' title='bbox 723 458 755 520; x_wconf 92' lang='lat' dir='ltr'><strong>in</strong></span> <span class='ocrx_word' id='word_1_22' title='bbox 770 455 841 521; x_wconf 90' lang='lat' dir='ltr'><strong>Par.</strong></span> <span class='ocrx_word' id='word_1_23' title='bbox 858 476 922 521; x_wconf 86' lang='lat' dir='ltr'><strong>sec.</strong></span> <span class='ocrx_word' id='word_1_24' title='bbox 940 457 1049 520; x_wconf 86' lang='lat' dir='ltr'><strong>lactum</strong></span> <span class='ocrx_word' id='word_1_25' title='bbox 1065 466 1132 534; x_wconf 86' lang='lat' dir='ltr'><strong>est,</strong></span> <span class='ocrx_word' id='word_1_26' title='bbox 1158 475 1211 520; x_wconf 89' lang='lat' dir='ltr'><strong>sn·</strong></span> 
     </span>
     <span class='ocr_line' id='line_1_4' title="bbox 83 555 1212 645; baseline -0.003 -20"><span class='ocrx_word' id='word_1_27' title='bbox 83 563 226 645; x_wconf 89' lang='lat' dir='ltr'><strong>perducta</strong></span> <span class='ocrx_word' id='word_1_28' title='bbox 241 563 322 626; x_wconf 88' lang='lat' dir='ltr'><strong>linea</strong></span> <span class='ocrx_word' id='word_1_29' title='bbox 337 571 475 626; x_wconf 85' lang='lat' dir='ltr'><strong>notatur=</strong></span> <span class='ocrx_word' id='word_1_30' title='bbox 496 571 529 625; x_wconf 90' lang='lat' dir='ltr'><strong>at</strong></span> <span class='ocrx_word' id='word_1_31' title='bbox 542 560 662 625; x_wconf 86' lang='lat' dir='ltr'><strong>casdem</strong></span> <span class='ocrx_word' id='word_1_32' title='bbox 677 559 794 624; x_wconf 76' lang='lat' dir='ltr'><strong>litteras</strong></span> <span class='ocrx_word' id='word_1_33' title='bbox 812 559 881 642; x_wconf 82' lang='lat' dir='ltr'><strong>‘qm’</strong></span> <span class='ocrx_word' id='word_1_34' title='bbox 895 556 1014 621; x_wconf 89' lang='lat' dir='ltr'><strong>Probus</strong></span> <span class='ocrx_word' id='word_1_35' title='bbox 1030 579 1060 642; x_wconf 92' lang='lat' dir='ltr'><strong>p.</strong></span> <span class='ocrx_word' id='word_1_36' title='bbox 1078 555 1164 622; x_wconf 77' lang='lat' dir='ltr'><strong>tote</strong></span> <span class='ocrx_word' id='word_1_37' title='bbox 1178 567 1212 622; x_wconf 85' lang='lat' dir='ltr'><strong>ct</strong></span> 
     </span>
     <span class='ocr_line' id='line_1_5' title="bbox 83 656 1211 748; baseline -0.003 -20"><span class='ocrx_word' id='word_1_38' title='bbox 83 659 197 728; x_wconf 85' lang='lat' dir='ltr'><strong>Paulus</strong></span> <span class='ocrx_word' id='word_1_39' title='bbox 213 661 367 728; x_wconf 87' lang='lat' dir='ltr'><strong>Diaconos</strong></span> <span class='ocrx_word' id='word_1_40' title='bbox 383 685 412 748; x_wconf 89' lang='lat' dir='ltr'><strong>p.</strong></span> <span class='ocrx_word' id='word_1_41' title='bbox 431 658 515 726; x_wconf 82' lang='lat'><strong>1629</strong></span> <span class='ocrx_word' id='word_1_42' title='bbox 529 658 566 724; x_wconf 91' lang='grc' dir='ltr'><strong>Ρ.</strong></span> <span class='ocrx_word' id='word_1_43' title='bbox 587 661 753 744; x_wconf 82' lang='lat' dir='ltr'><strong>‘quomodo&#39;</strong></span> <span class='ocrx_word' id='word_1_44' title='bbox 770 660 941 746; x_wconf 84' lang='lat' dir='ltr'><strong>significare</strong></span> <span class='ocrx_word' id='word_1_45' title='bbox 956 661 1087 724; x_wconf 87' lang='lat' dir='ltr'><strong>tradunt.</strong></span> <span class='ocrx_word' id='word_1_46' title='bbox 1119 656 1211 742; x_wconf 79' lang='lat' dir='ltr'><strong>Quae</strong></span> 
     </span>
     <span class='ocr_line' id='line_1_6' title="bbox 84 761 1212 850; baseline -0.001 -22"><span class='ocrx_word' id='word_1_47' title='bbox 84 765 224 850; x_wconf 79' lang='lat' dir='ltr'>deinceps</span> <span class='ocrx_word' id='word_1_48' title='bbox 241 767 387 831; x_wconf 82' lang='lat' dir='ltr'><strong>eduntur:</strong></span> <span class='ocrx_word' id='word_1_49' title='bbox 409 761 454 829; x_wconf 88' lang='lat' dir='ltr'><strong>‘ld</strong></span> <span class='ocrx_word' id='word_1_50' title='bbox 469 786 537 828; x_wconf 86' lang='lat' dir='ltr'><strong>cum</strong></span> <span class='ocrx_word' id='word_1_51' title='bbox 554 764 711 847; x_wconf 89' lang='lat' dir='ltr'><strong>Pompeius</strong></span> <span class='ocrx_word' id='word_1_52' title='bbox 728 785 769 827; x_wconf 82' lang='lat' dir='ltr'><strong>ex</strong></span> <span class='ocrx_word' id='word_1_53' title='bbox 784 763 920 847; x_wconf 78' lang='lat' dir='ltr'><strong>perfugis</strong></span> <span class='ocrx_word' id='word_1_54' title='bbox 934 763 1090 840; x_wconf 89' lang='lat' dir='ltr'><strong>rescisset,</strong></span> <span class='ocrx_word' id='word_1_55' title='bbox 1108 783 1145 826; x_wconf 86' lang='lat' dir='ltr'><strong>ca</strong></span> <span class='ocrx_word' id='word_1_56' title='bbox 1160 762 1212 827; x_wconf 83' lang='lat' dir='ltr'><strong>tia</strong></span> 
     </span>
     <span class='ocr_line' id='line_1_7' title="bbox 83 863 1211 952; baseline -0.003 -22"><span class='ocrx_word' id='word_1_57' title='bbox 83 884 138 949; x_wconf 87' lang='lat' dir='ltr'><strong>per</strong></span> <span class='ocrx_word' id='word_1_58' title='bbox 151 867 267 932; x_wconf 89' lang='lat' dir='ltr'><strong>uiarum</strong></span> <span class='ocrx_word' id='word_1_59' title='bbox 283 867 437 952; x_wconf 80' lang='lat' dir='ltr'><strong>augustias</strong></span> <span class='ocrx_word' id='word_1_60' title='bbox 459 888 545 932; x_wconf 90' lang='lat' dir='ltr'><strong>carra</strong></span> <span class='ocrx_word' id='word_1_61' title='bbox 567 866 718 951; x_wconf 86' lang='lat' dir='ltr'><strong>complura</strong></span> <span class='ocrx_word' id='word_1_62' title='bbox 732 866 900 949; x_wconf 89' lang='lat' dir='ltr'><strong>multosque</strong></span> <span class='ocrx_word' id='word_1_63' title='bbox 915 864 1039 929; x_wconf 86' lang='lat' dir='ltr'><strong>lanistas</strong></span> <span class='ocrx_word' id='word_1_64' title='bbox 1054 863 1211 944; x_wconf 80' lang='lat' dir='ltr'><strong>retraxit’,</strong></span> 
     </span>
     <span class='ocr_line' id='line_1_8' title="bbox 83 963 1212 1054; baseline -0.003 -22"><span class='ocrx_word' id='word_1_65' title='bbox 83 967 165 1033; x_wconf 88' lang='lat' dir='ltr'><strong>nnlla</strong></span> <span class='ocrx_word' id='word_1_66' title='bbox 188 990 230 1034; x_wconf 81' lang='lat' dir='ltr'><strong>ex</strong></span> <span class='ocrx_word' id='word_1_67' title='bbox 249 981 334 1054; x_wconf 89' lang='lat' dir='ltr'><strong>parte</strong></span> <span class='ocrx_word' id='word_1_68' title='bbox 355 971 531 1054; x_wconf 89' lang='lat' dir='ltr'><strong>optimorum</strong></span> <span class='ocrx_word' id='word_1_69' title='bbox 553 969 638 1034; x_wconf 92' lang='lat' dir='ltr'><strong>codd.</strong></span> <span class='ocrx_word' id='word_1_70' title='bbox 657 971 823 1054; x_wconf 70' lang='lat' dir='ltr'><strong>scripturae</strong></span> <span class='ocrx_word' id='word_1_71' title='bbox 838 966 946 1031; x_wconf 88' lang='lat' dir='ltr'><strong>similia</strong></span> <span class='ocrx_word' id='word_1_72' title='bbox 962 975 1043 1030; x_wconf 88' lang='lat' dir='ltr'><strong>sunt.</strong></span> <span class='ocrx_word' id='word_1_73' title='bbox 1080 963 1212 1029; x_wconf 83' lang='lat' dir='ltr'><strong>Narnia</strong></span> 
     </span>
     <span class='ocr_line' id='line_1_9' title="bbox 83 1066 1213 1156; baseline -0.001 -22"><span class='ocrx_word' id='word_1_74' title='bbox 83 1066 156 1135; x_wconf 90' lang='lat' dir='ltr'><strong>Par.</strong></span> <span class='ocrx_word' id='word_1_75' title='bbox 174 1091 237 1136; x_wconf 89' lang='lat' dir='ltr'><strong>sec.</strong></span> <span class='ocrx_word' id='word_1_76' title='bbox 255 1071 364 1156; x_wconf 76' lang='lat' dir='ltr'><strong>legitur</strong></span> <span class='ocrx_word' id='word_1_77' title='bbox 393 1072 557 1137; x_wconf 86' lang='lat' dir='ltr'><strong>‘rescisset</strong></span> <span class='ocrx_word' id='word_1_78' title='bbox 578 1092 635 1154; x_wconf 83' lang='lat' dir='ltr'><strong>qua</strong></span> <span class='ocrx_word' id='word_1_79' title='bbox 656 1071 705 1135; x_wconf 91' lang='lat' dir='ltr'><strong>dic</strong></span> <span class='ocrx_word' id='word_1_80' title='bbox 720 1071 891 1134; x_wconf 77' lang='lat' dir='ltr'><strong>facultatem</strong></span> <span class='ocrx_word' id='word_1_81' title='bbox 907 1078 937 1133; x_wconf 88' lang='lat' dir='ltr'><strong>ot</strong></span> <span class='ocrx_word' id='word_1_82' title='bbox 952 1067 1105 1152; x_wconf 82' lang='lat' dir='ltr'><strong>angustias</strong></span> <span class='ocrx_word' id='word_1_83' title='bbox 1122 1088 1213 1133; x_wconf 90' lang='lat' dir='ltr'><strong>carra</strong></span> 
     </span>
     <span class='ocr_line' id='line_1_10' title="bbox 84 1167 1213 1257; baseline 0.001 -22"><span class='ocrx_word' id='word_1_84' title='bbox 84 1173 236 1257; x_wconf 89' lang='lat' dir='ltr'><strong>complura</strong></span> <span class='ocrx_word' id='word_1_85' title='bbox 251 1175 360 1239; x_wconf 85' lang='lat' dir='ltr'><strong>multos</strong></span> <span class='ocrx_word' id='word_1_86' title='bbox 376 1174 524 1252; x_wconf 82' lang='lat' dir='ltr'><strong>laniatos&#39;‚</strong></span> <span class='ocrx_word' id='word_1_87' title='bbox 540 1174 680 1256; x_wconf 81' lang='lat' dir='ltr'><strong>idemque</strong></span> <span class='ocrx_word' id='word_1_88' title='bbox 694 1174 727 1237; x_wconf 92' lang='lat' dir='ltr'><strong>in</strong></span> <span class='ocrx_word' id='word_1_89' title='bbox 736 1170 826 1237; x_wconf 88' lang='lat' dir='ltr'><strong>Leid.</strong></span> <span class='ocrx_word' id='word_1_90' title='bbox 837 1193 883 1256; x_wconf 90' lang='lat' dir='ltr'><strong>pr.</strong></span> <span class='ocrx_word' id='word_1_91' title='bbox 902 1183 933 1235; x_wconf 91' lang='lat' dir='ltr'><strong>et</strong></span> <span class='ocrx_word' id='word_1_92' title='bbox 943 1167 1041 1245; x_wconf 83' lang='lat' dir='ltr'><strong>Scal,</strong></span> <span class='ocrx_word' id='word_1_93' title='bbox 1058 1170 1118 1234; x_wconf 91' lang='lat' dir='ltr'><strong>nisi</strong></span> <span class='ocrx_word' id='word_1_94' title='bbox 1131 1171 1213 1254; x_wconf 85' lang='lat' dir='ltr'><strong>qnod</strong></span> 
     </span>
     <span class='ocr_line' id='line_1_11' title="bbox 85 1272 1212 1358; baseline 0 -21"><span class='ocrx_word' id='word_1_95' title='bbox 85 1272 234 1339; x_wconf 82' lang='lat' dir='ltr'><strong>‘laudatas&#39;</strong></span> <span class='ocrx_word' id='word_1_96' title='bbox 250 1275 385 1341; x_wconf 87' lang='lat' dir='ltr'><strong>retinere</strong></span> <span class='ocrx_word' id='word_1_97' title='bbox 400 1276 549 1341; x_wconf 88' lang='lat' dir='ltr'><strong>dicuntur.</strong></span> <span class='ocrx_word' id='word_1_98' title='bbox 582 1273 725 1340; x_wconf 87' lang='lat' dir='ltr'><strong>Lauistas</strong></span> <span class='ocrx_word' id='word_1_99' title='bbox 742 1276 790 1338; x_wconf 88' lang='lat' dir='ltr'><strong>hio</strong></span> <span class='ocrx_word' id='word_1_100' title='bbox 804 1274 906 1358; x_wconf 86' lang='lat' dir='ltr'><strong>inepte</strong></span> <span class='ocrx_word' id='word_1_101' title='bbox 920 1273 1147 1338; x_wconf 84' lang='lat' dir='ltr'><strong>commemorari</strong></span> <span class='ocrx_word' id='word_1_102' title='bbox 1160 1273 1212 1337; x_wconf 59' lang='lat' dir='ltr'><strong>toa</strong></span> 
     </span>
     <span class='ocr_line' id='line_1_12' title="bbox 83 1372 1213 1461; baseline -0.001 -22"><span class='ocrx_word' id='word_1_103' title='bbox 83 1374 235 1440; x_wconf 72' lang='lat' dir='ltr'>tellectum</span> <span class='ocrx_word' id='word_1_104' title='bbox 250 1388 316 1441; x_wconf 80' lang='lat' dir='ltr'><strong>est:</strong></span> <span class='ocrx_word' id='word_1_105' title='bbox 333 1376 454 1461; x_wconf 79' lang='lat' dir='ltr'><strong>Lipsius</strong></span> <span class='ocrx_word' id='word_1_106' title='bbox 472 1377 660 1459; x_wconf 83' lang='lat' dir='ltr'><strong>‘multosque</strong></span> <span class='ocrx_word' id='word_1_107' title='bbox 674 1377 775 1455; x_wconf 63' lang='lat' dir='ltr'><strong>lixas,</strong></span> <span class='ocrx_word' id='word_1_108' title='bbox 796 1372 936 1460; x_wconf 82' lang='lat' dir='ltr'><strong>Scaliger</strong></span> <span class='ocrx_word' id='word_1_109' title='bbox 958 1375 1143 1457; x_wconf 84' lang='lat' dir='ltr'><strong>‘multasque</strong></span> <span class='ocrx_word' id='word_1_110' title='bbox 1157 1374 1213 1439; x_wconf 88' lang='lat' dir='ltr'><strong>ba-</strong></span> 
     </span>
     <span class='ocr_line' id='line_1_13' title="bbox 82 1474 1211 1557; baseline 0.001 -18"><span class='ocrx_word' id='word_1_111' title='bbox 82 1474 180 1540; x_wconf 88' lang='lat' dir='ltr'><strong>listas&#39;</strong></span> <span class='ocrx_word' id='word_1_112' title='bbox 195 1478 403 1544; x_wconf 87' lang='lat' dir='ltr'><strong>coniecerant.</strong></span> <span class='ocrx_word' id='word_1_113' title='bbox 426 1476 505 1543; x_wconf 83' lang='lat' dir='ltr'><strong>blibi</strong></span> <span class='ocrx_word' id='word_1_114' title='bbox 520 1477 594 1543; x_wconf 89' lang='lat' dir='ltr'><strong>baec</strong></span> <span class='ocrx_word' id='word_1_115' title='bbox 608 1480 652 1542; x_wconf 90' lang='lat' dir='ltr'><strong>ita</strong></span> <span class='ocrx_word' id='word_1_116' title='bbox 666 1480 848 1543; x_wconf 87' lang='lat' dir='ltr'><strong>emendanda</strong></span> <span class='ocrx_word' id='word_1_117' title='bbox 864 1478 1020 1542; x_wconf 83' lang='lat' dir='ltr'><strong>uidentur:</strong></span> <span class='ocrx_word' id='word_1_118' title='bbox 1038 1476 1211 1557; x_wconf 80' lang='lat' dir='ltr'><strong>‘roselssct,</strong></span> 
     </span>
     <span class='ocr_line' id='line_1_14' title="bbox 83 1579 1213 1664; baseline 0.003 -24"><span class='ocrx_word' id='word_1_119' title='bbox 83 1587 191 1641; x_wconf 87' lang='lat' dir='ltr'><strong>nactus</strong></span> <span class='ocrx_word' id='word_1_120' title='bbox 214 1598 270 1662; x_wconf 92' lang='lat' dir='ltr'><strong>per</strong></span> <span class='ocrx_word' id='word_1_121' title='bbox 288 1581 456 1645; x_wconf 86' lang='lat' dir='ltr'><strong>conuallem</strong></span> <span class='ocrx_word' id='word_1_122' title='bbox 477 1590 509 1645; x_wconf 85' lang='lat' dir='ltr'><strong>et</strong></span> <span class='ocrx_word' id='word_1_123' title='bbox 530 1581 686 1662; x_wconf 84' lang='lat' dir='ltr'><strong>angustias</strong></span> <span class='ocrx_word' id='word_1_124' title='bbox 701 1601 789 1645; x_wconf 91' lang='lat' dir='ltr'><strong>carra</strong></span> <span class='ocrx_word' id='word_1_125' title='bbox 803 1581 955 1664; x_wconf 90' lang='lat' dir='ltr'><strong>complura</strong></span> <span class='ocrx_word' id='word_1_126' title='bbox 971 1579 1066 1642; x_wconf 90' lang='lat' dir='ltr'><strong>mulos</strong></span> <span class='ocrx_word' id='word_1_127' title='bbox 1081 1589 1213 1643; x_wconf 84' lang='lat' dir='ltr'><strong>onustos</strong></span> 
     </span>
     <span class='ocr_line' id='line_1_15' title="bbox 83 1679 1080 1766; baseline 0.002 -25"><span class='ocrx_word' id='word_1_128' title='bbox 83 1679 237 1759; x_wconf 65' lang='lat' dir='ltr'><strong>retraxit,</strong></span> <span class='ocrx_word' id='word_1_129' title='bbox 255 1702 296 1746; x_wconf 78' lang='lat' dir='ltr'><strong>ax</strong></span> <span class='ocrx_word' id='word_1_130' title='bbox 312 1681 417 1764; x_wconf 84' lang='lat' dir='ltr'><strong>quibus</strong></span> <span class='ocrx_word' id='word_1_131' title='bbox 434 1683 541 1746; x_wconf 87' lang='lat' dir='ltr'><strong>‘naulos</strong></span> <span class='ocrx_word' id='word_1_132' title='bbox 557 1682 692 1746; x_wconf 89' lang='lat' dir='ltr'><strong>onustos&#39;</strong></span> <span class='ocrx_word' id='word_1_133' title='bbox 708 1684 843 1766; x_wconf 89' lang='lat' dir='ltr'><strong>recipere</strong></span> <span class='ocrx_word' id='word_1_134' title='bbox 859 1704 918 1745; x_wconf 94' lang='lat' dir='ltr'><strong>non</strong></span> <span class='ocrx_word' id='word_1_135' title='bbox 934 1681 1080 1746; x_wconf 89' lang='lat' dir='ltr'><strong>dubitaui.</strong></span> 
     </span>
    </p>

    <p class='ocr_par' dir='ltr' id='par_1_3' title="bbox 84 1778 1216 3596">
     <span class='ocr_line' id='line_1_16' title="bbox 171 1778 1213 1870; baseline 0.004 -23"><span class='ocrx_word' id='word_1_136' title='bbox 171 1778 210 1847; x_wconf 86' lang='lat' dir='ltr'><strong>C.</strong></span> <span class='ocrx_word' id='word_1_137' title='bbox 231 1781 253 1847; x_wconf 91' lang='grc'><strong><em>7</em></strong></span> <span class='ocrx_word' id='word_1_138' title='bbox 273 1795 376 1864; x_wconf 66' lang='lat' dir='ltr'><strong>exte,</strong></span> <span class='ocrx_word' id='word_1_139' title='bbox 400 1794 554 1868; x_wconf 90' lang='lat' dir='ltr'><strong>postquam</strong></span> <span class='ocrx_word' id='word_1_140' title='bbox 577 1796 718 1867; x_wconf 89' lang='lat' dir='ltr'><strong>quattuor</strong></span> <span class='ocrx_word' id='word_1_141' title='bbox 733 1786 867 1870; x_wconf 79' lang='lat' dir='ltr'><strong>legiones</strong></span> <span class='ocrx_word' id='word_1_142' title='bbox 882 1782 1034 1868; x_wconf 89' lang='lat' dir='ltr'><strong>Pompeii,</strong></span> <span class='ocrx_word' id='word_1_143' title='bbox 1050 1783 1213 1868; x_wconf 72' lang='lat' dir='ltr'><strong>&#39;quibusda</strong></span> 
     </span>
     <span class='ocr_line' id='line_1_17' title="bbox 84 1884 1214 1971; baseline 0.004 -26"><span class='ocrx_word' id='word_1_144' title='bbox 84 1884 215 1949; x_wconf 84' lang='lat' dir='ltr'><strong>maxime</strong></span> <span class='ocrx_word' id='word_1_145' title='bbox 229 1886 408 1962; x_wconf 84' lang='lat' dir='ltr'><strong>confidebat,</strong></span> <span class='ocrx_word' id='word_1_146' title='bbox 429 1897 620 1951; x_wconf 77' lang='lat' dir='ltr'><strong>enumeratae</strong></span> <span class='ocrx_word' id='word_1_147' title='bbox 635 1897 717 1965; x_wconf 88' lang='lat' dir='ltr'><strong>sunt,</strong></span> <span class='ocrx_word' id='word_1_148' title='bbox 735 1886 809 1951; x_wconf 89' lang='lat' dir='ltr'><strong>baec</strong></span> <span class='ocrx_word' id='word_1_149' title='bbox 823 1888 1044 1971; x_wconf 79' lang='lat' dir='ltr'><strong>adiunguntura</strong></span> <span class='ocrx_word' id='word_1_150' title='bbox 1064 1886 1214 1970; x_wconf 80' lang='lat' dir='ltr'><strong>‘reliquae</strong></span> 
     </span>
     <span class='ocr_line' id='line_1_18' title="bbox 84 1986 1214 2072; baseline 0.004 -24"><span class='ocrx_word' id='word_1_151' title='bbox 84 2004 123 2048; x_wconf 89' lang='lat' dir='ltr'><strong>ex</strong></span> <span class='ocrx_word' id='word_1_152' title='bbox 136 1986 273 2072; x_wconf 76' lang='lat' dir='ltr'><strong>fugitiuis</strong></span> <span class='ocrx_word' id='word_1_153' title='bbox 288 1989 454 2052; x_wconf 73' lang='lat' dir='ltr'><strong>auxiliares</strong></span> <span class='ocrx_word' id='word_1_154' title='bbox 470 1989 691 2053; x_wconf 84' lang='lat' dir='ltr'><strong>consistebant:</strong></span> <span class='ocrx_word' id='word_1_155' title='bbox 711 2010 777 2052; x_wconf 90' lang='lat' dir='ltr'><strong>nam</strong></span> <span class='ocrx_word' id='word_1_156' title='bbox 795 1990 831 2052; x_wconf 92' lang='lat' dir='ltr'><strong>dc</strong></span> <span class='ocrx_word' id='word_1_157' title='bbox 847 1989 907 2052; x_wconf 89' lang='lat' dir='ltr'><strong>leui</strong></span> <span class='ocrx_word' id='word_1_158' title='bbox 921 1999 1072 2053; x_wconf 91' lang='lat' dir='ltr'><strong>armatura</strong></span> <span class='ocrx_word' id='word_1_159' title='bbox 1084 1999 1117 2052; x_wconf 89' lang='lat' dir='ltr'><strong>et</strong></span> <span class='ocrx_word' id='word_1_160' title='bbox 1128 1988 1214 2071; x_wconf 77' lang='lat' dir='ltr'><strong>eqni-</strong></span> 
     </span>
     <span class='ocr_line' id='line_1_19' title="bbox 86 2088 1213 2175; baseline 0.006 -27"><span class='ocrx_word' id='word_1_161' title='bbox 86 2095 150 2149; x_wconf 89' lang='lat' dir='ltr'><strong>tatn</strong></span> <span class='ocrx_word' id='word_1_162' title='bbox 165 2089 255 2171; x_wconf 81' lang='lat' dir='ltr'><strong>longo</strong></span> <span class='ocrx_word' id='word_1_163' title='bbox 270 2100 302 2153; x_wconf 90' lang='lat' dir='ltr'><strong>et</strong></span> <span class='ocrx_word' id='word_1_164' title='bbox 316 2092 428 2154; x_wconf 88' lang='lat' dir='ltr'><strong>uirtute</strong></span> <span class='ocrx_word' id='word_1_165' title='bbox 443 2102 474 2154; x_wconf 88' lang='lat' dir='ltr'><strong>et</strong></span> <span class='ocrx_word' id='word_1_166' title='bbox 488 2111 613 2155; x_wconf 88' lang='lat' dir='ltr'><strong>numero</strong></span> <span class='ocrx_word' id='word_1_167' title='bbox 629 2092 724 2155; x_wconf 90' lang='lat' dir='ltr'><strong>nostri</strong></span> <span class='ocrx_word' id='word_1_168' title='bbox 740 2101 828 2154; x_wconf 87' lang='lat' dir='ltr'><strong>erant</strong></span> <span class='ocrx_word' id='word_1_169' title='bbox 843 2090 1036 2175; x_wconf 85' lang='lat' dir='ltr'><strong>superiores&#39;.</strong></span> <span class='ocrx_word' id='word_1_170' title='bbox 1069 2088 1129 2154; x_wconf 88' lang='lat' dir='ltr'><strong>Ilio</strong></span> <span class='ocrx_word' id='word_1_171' title='bbox 1144 2090 1213 2155; x_wconf 80' lang='lat' dir='ltr'><strong>leae</strong></span> 
     </span>
     <span class='ocr_line' id='line_1_20' title="bbox 86 2192 1214 2278; baseline 0.006 -26"><span class='ocrx_word' id='word_1_172' title='bbox 86 2196 145 2266; x_wconf 86' lang='lat' dir='ltr'><strong>est,</strong></span> <span class='ocrx_word' id='word_1_173' title='bbox 163 2192 242 2271; x_wconf 85' lang='lat' dir='ltr'><strong>quod</strong></span> <span class='ocrx_word' id='word_1_174' title='bbox 257 2194 490 2276; x_wconf 82' lang='lat' dir='ltr'><strong>reprehendunt,</strong></span> <span class='ocrx_word' id='word_1_175' title='bbox 502 2193 599 2257; x_wconf 91' lang='lat' dir='ltr'><strong>minos</strong></span> <span class='ocrx_word' id='word_1_176' title='bbox 614 2192 1032 2278; x_wconf 77' lang='lat' dir='ltr'><strong>rectelegiouesexlugitinis</strong></span> <span class='ocrx_word' id='word_1_177' title='bbox 1042 2193 1214 2259; x_wconf 73' lang='lat' dir='ltr'><strong>consistere</strong></span> 
     </span>
     <span class='ocr_line' id='line_1_21' title="bbox 86 2288 1215 2378; baseline 0.006 -25"><span class='ocrx_word' id='word_1_178' title='bbox 86 2288 161 2370; x_wconf 87' lang='lat' dir='ltr'><strong>dici,</strong></span> <span class='ocrx_word' id='word_1_179' title='bbox 187 2313 262 2375; x_wconf 83' lang='lat' dir='ltr'><strong>quae</strong></span> <span class='ocrx_word' id='word_1_180' title='bbox 278 2307 418 2360; x_wconf 88' lang='lat' dir='ltr'><strong>constare</strong></span> <span class='ocrx_word' id='word_1_181' title='bbox 434 2295 527 2360; x_wconf 88' lang='lat' dir='ltr'><strong>exiis</strong></span> <span class='ocrx_word' id='word_1_182' title='bbox 543 2296 686 2361; x_wconf 85' lang='lat' dir='ltr'><strong>dicendae</strong></span> <span class='ocrx_word' id='word_1_183' title='bbox 696 2306 793 2361; x_wconf 90' lang='lat' dir='ltr'><strong>erant.</strong></span> <span class='ocrx_word' id='word_1_184' title='bbox 828 2292 905 2376; x_wconf 79' lang='lat' dir='ltr'><strong>Quis</strong></span> <span class='ocrx_word' id='word_1_185' title='bbox 921 2296 1000 2359; x_wconf 84' lang='lat' dir='ltr'><strong>enim</strong></span> <span class='ocrx_word' id='word_1_186' title='bbox 1016 2316 1154 2378; x_wconf 82' lang='lat' dir='ltr'><strong>umquam</strong></span> <span class='ocrx_word' id='word_1_187' title='bbox 1170 2294 1215 2361; x_wconf 89' lang='lat' dir='ltr'><strong>lc-</strong></span> 
     </span>
     <span class='ocr_line' id='line_1_22' title="bbox 85 2391 1212 2479; baseline 0.007 -24"><span class='ocrx_word' id='word_1_188' title='bbox 85 2391 191 2476; x_wconf 70' lang='lat' dir='ltr'><strong>giones</strong></span> <span class='ocrx_word' id='word_1_189' title='bbox 207 2397 371 2461; x_wconf 84' lang='lat' dir='ltr'><strong>auxiliares</strong></span> <span class='ocrx_word' id='word_1_190' title='bbox 386 2397 521 2460; x_wconf 82' lang='lat' dir='ltr'><strong>audiuit?</strong></span> <span class='ocrx_word' id='word_1_191' title='bbox 535 2399 614 2479; x_wconf 91' lang='lat' dir='ltr'><strong>quod</strong></span> <span class='ocrx_word' id='word_1_192' title='bbox 630 2400 677 2462; x_wconf 88' lang='lat' dir='ltr'><strong>bic</strong></span> <span class='ocrx_word' id='word_1_193' title='bbox 692 2419 730 2463; x_wconf 93' lang='lat' dir='ltr'><strong>eo</strong></span> <span class='ocrx_word' id='word_1_194' title='bbox 743 2397 873 2479; x_wconf 89' lang='lat' dir='ltr'><strong>ineptius</strong></span> <span class='ocrx_word' id='word_1_195' title='bbox 888 2409 946 2473; x_wconf 86' lang='lat' dir='ltr'><strong>est,</strong></span> <span class='ocrx_word' id='word_1_196' title='bbox 964 2399 1043 2478; x_wconf 91' lang='lat' dir='ltr'><strong>quod</strong></span> <span class='ocrx_word' id='word_1_197' title='bbox 1055 2398 1101 2461; x_wconf 81' lang='lat' dir='ltr'><strong>laia</strong></span> <span class='ocrx_word' id='word_1_198' title='bbox 1110 2397 1212 2463; x_wconf 80' lang='lat' dir='ltr'><strong>uerbis</strong></span> 
     </span>
     <span class='ocr_line' id='line_1_23' title="bbox 85 2495 1213 2583; baseline 0.005 -27"><span class='ocrx_word' id='word_1_199' title='bbox 85 2514 193 2559; x_wconf 91' lang='lat' dir='ltr'><strong>nonem</strong></span> <span class='ocrx_word' id='word_1_200' title='bbox 201 2495 348 2580; x_wconf 76' lang='lat' dir='ltr'><strong>legiones,</strong></span> <span class='ocrx_word' id='word_1_201' title='bbox 359 2518 432 2581; x_wconf 83' lang='lat' dir='ltr'><strong>poss</strong></span> <span class='ocrx_word' id='word_1_202' title='bbox 439 2500 779 2583; x_wconf 85' lang='lat' dir='ltr'><strong>praeterquattuorillas</strong></span> <span class='ocrx_word' id='word_1_203' title='bbox 789 2509 876 2562; x_wconf 88' lang='lat' dir='ltr'><strong>antea</strong></span> <span class='ocrx_word' id='word_1_204' title='bbox 885 2508 1075 2562; x_wconf 85' lang='lat' dir='ltr'><strong>enumeratos</strong></span> <span class='ocrx_word' id='word_1_205' title='bbox 1084 2498 1213 2564; x_wconf 82' lang='lat' dir='ltr'><strong>babebat</strong></span> 
     </span>
     <span class='ocr_line' id='line_1_24' title="bbox 85 2590 1213 2686; baseline 0.006 -28"><span class='ocrx_word' id='word_1_206' title='bbox 85 2590 259 2679; x_wconf 87' lang='lat' dir='ltr'><strong>Pompeius,</strong></span> <span class='ocrx_word' id='word_1_207' title='bbox 277 2599 495 2683; x_wconf 82' lang='lat' dir='ltr'><strong>significantur.</strong></span> <span class='ocrx_word' id='word_1_208' title='bbox 520 2595 1213 2686; x_wconf 69' lang='lat' dir='ltr'><strong>Quidautemauxiliaribusestcnmfugitiuisl</strong></span> 
     </span>
     <span class='ocr_line' id='line_1_25' title="bbox 86 2692 1211 2786; baseline 0.007 -27"><span class='ocrx_word' id='word_1_209' title='bbox 86 2692 226 2782; x_wconf 80' lang='lat' dir='ltr'><strong>Denique</strong></span> <span class='ocrx_word' id='word_1_210' title='bbox 241 2722 318 2784; x_wconf 86' lang='lat' dir='ltr'><strong>qnae</strong></span> <span class='ocrx_word' id='word_1_211' title='bbox 334 2712 382 2766; x_wconf 92' lang='lat' dir='ltr'><strong>est</strong></span> <span class='ocrx_word' id='word_1_212' title='bbox 396 2702 455 2766; x_wconf 87' lang='lat' dir='ltr'><strong>ista</strong></span> <span class='ocrx_word' id='word_1_213' title='bbox 471 2703 629 2767; x_wconf 88' lang='lat' dir='ltr'><strong>collocatio</strong></span> <span class='ocrx_word' id='word_1_214' title='bbox 636 2704 795 2768; x_wconf 88' lang='lat' dir='ltr'><strong>uerborum</strong></span> <span class='ocrx_word' id='word_1_215' title='bbox 812 2703 955 2785; x_wconf 87' lang='lat' dir='ltr'><strong>‘reliquae</strong></span> <span class='ocrx_word' id='word_1_216' title='bbox 966 2722 1005 2766; x_wconf 83' lang='lat' dir='ltr'><strong>ex</strong></span> <span class='ocrx_word' id='word_1_217' title='bbox 1017 2703 1149 2786; x_wconf 73' lang='lat' dir='ltr'><strong>fugitiuis</strong></span> <span class='ocrx_word' id='word_1_218' title='bbox 1157 2724 1211 2768; x_wconf 85' lang='lat' dir='ltr'><strong>an-</strong></span> 
     </span>
     <span class='ocr_line' id='line_1_26' title="bbox 85 2800 1215 2890; baseline 0.007 -28"><span class='ocrx_word' id='word_1_219' title='bbox 85 2800 212 2866; x_wconf 87' lang='lat' dir='ltr'><strong>xiliares</strong></span> <span class='ocrx_word' id='word_1_220' title='bbox 229 2805 455 2871; x_wconf 86' lang='lat' dir='ltr'><strong>consistebant’.</strong></span> <span class='ocrx_word' id='word_1_221' title='bbox 480 2802 1104 2890; x_wconf 74' lang='lat' dir='ltr'><strong>C.30decopiisPompeiibaeclegnntura</strong></span> <span class='ocrx_word' id='word_1_222' title='bbox 1122 2803 1215 2870; x_wconf 84' lang='lat' dir='ltr'><strong>‘Erat</strong></span> 
     </span>
     <span class='ocr_line' id='line_1_27' title="bbox 86 2901 1214 2991; baseline 0.008 -27"><span class='ocrx_word' id='word_1_223' title='bbox 86 2903 168 2967; x_wconf 86' lang='lat' dir='ltr'><strong>acies</strong></span> <span class='ocrx_word' id='word_1_224' title='bbox 183 2901 263 2969; x_wconf 88' lang='lat' dir='ltr'>XIII</span> <span class='ocrx_word' id='word_1_225' title='bbox 277 2909 384 2991; x_wconf 84' lang='lat' dir='ltr'><strong>aquilis</strong></span> <span class='ocrx_word' id='word_1_226' title='bbox 401 2909 574 2988; x_wconf 86' lang='lat' dir='ltr'><strong>constituta,</strong></span> <span class='ocrx_word' id='word_1_227' title='bbox 592 2929 667 2991; x_wconf 88' lang='lat' dir='ltr'><strong>qnae</strong></span> <span class='ocrx_word' id='word_1_228' title='bbox 682 2908 824 2971; x_wconf 87' lang='lat' dir='ltr'><strong>lateribus</strong></span> <span class='ocrx_word' id='word_1_229' title='bbox 833 2907 965 2990; x_wconf 90' lang='lat' dir='ltr'><strong>equitatu</strong></span> <span class='ocrx_word' id='word_1_230' title='bbox 973 2907 1131 2990; x_wconf 79' lang='lat' dir='ltr'><strong>tegebatur</strong></span> <span class='ocrx_word' id='word_1_231' title='bbox 1145 2930 1214 2973; x_wconf 87' lang='lat' dir='ltr'><strong>cnaa</strong></span> 
     </span>
     <span class='ocr_line' id='line_1_28' title="bbox 87 3003 1213 3096; baseline 0.007 -29"><span class='ocrx_word' id='word_1_232' title='bbox 87 3003 148 3069; x_wconf 80' lang='lat' dir='ltr'><strong>letti</strong></span> <span class='ocrx_word' id='word_1_233' title='bbox 166 3020 319 3074; x_wconf 87' lang='lat' dir='ltr'><strong>armatura</strong></span> <span class='ocrx_word' id='word_1_234' title='bbox 342 3008 460 3074; x_wconf 90' lang='lat' dir='ltr'><strong>milibus</strong></span> <span class='ocrx_word' id='word_1_235' title='bbox 478 3007 537 3074; x_wconf 86' lang='lat' dir='ltr'><strong>VI:</strong></span> <span class='ocrx_word' id='word_1_236' title='bbox 562 3021 720 3095; x_wconf 89' lang='lat' dir='ltr'><strong>praeterea</strong></span> <span class='ocrx_word' id='word_1_237' title='bbox 741 3010 905 3074; x_wconf 81' lang='lat' dir='ltr'><strong>auxiliares</strong></span> <span class='ocrx_word' id='word_1_238' title='bbox 921 3009 1105 3076; x_wconf 86' lang='lat' dir='ltr'><strong>accedebant</strong></span> <span class='ocrx_word' id='word_1_239' title='bbox 1119 3030 1213 3096; x_wconf 87' lang='lat' dir='ltr'><strong>prope</strong></span> 
     </span>
     <span class='ocr_line' id='line_1_29' title="bbox 88 3107 1214 3196; baseline 0.009 -27"><span class='ocrx_word' id='word_1_240' title='bbox 88 3107 213 3173; x_wconf 87' lang='lat' dir='ltr'><strong>alteram</strong></span> <span class='ocrx_word' id='word_1_241' title='bbox 223 3112 360 3175; x_wconf 88' lang='lat' dir='ltr'><strong>tantnm&#39;.</strong></span> <span class='ocrx_word' id='word_1_242' title='bbox 384 3107 491 3194; x_wconf 85' lang='lat' dir='ltr'><strong>ltaque</strong></span> <span class='ocrx_word' id='word_1_243' title='bbox 506 3113 558 3178; x_wconf 94' lang='lat' dir='ltr'><strong>illo</strong></span> <span class='ocrx_word' id='word_1_244' title='bbox 572 3116 651 3193; x_wconf 87' lang='lat' dir='ltr'><strong>loco,</strong></span> <span class='ocrx_word' id='word_1_245' title='bbox 669 3115 705 3178; x_wconf 89' lang='lat' dir='ltr'><strong>de</strong></span> <span class='ocrx_word' id='word_1_246' title='bbox 721 3133 779 3196; x_wconf 89' lang='lat' dir='ltr'><strong>quo</strong></span> <span class='ocrx_word' id='word_1_247' title='bbox 795 3112 938 3190; x_wconf 70' lang='lat' dir='ltr'><strong>diximus,</strong></span> <span class='ocrx_word' id='word_1_248' title='bbox 955 3122 1008 3177; x_wconf 90' lang='lat' dir='ltr'><strong>aut</strong></span> <span class='ocrx_word' id='word_1_249' title='bbox 1025 3112 1214 3179; x_wconf 84' lang='lat' dir='ltr'><strong>‘auxiliares&#39;</strong></span> 
     </span>
     <span class='ocr_line' id='line_1_30' title="bbox 87 3212 1215 3296; baseline 0.01 -25"><span class='ocrx_word' id='word_1_250' title='bbox 87 3213 284 3294; x_wconf 74' lang='lat' dir='ltr'><strong>ansgisus,</strong></span> <span class='ocrx_word' id='word_1_251' title='bbox 309 3214 359 3296; x_wconf 89' lang='lat' dir='ltr'><strong>qui</strong></span> <span class='ocrx_word' id='word_1_252' title='bbox 373 3214 453 3277; x_wconf 91' lang='lat' dir='ltr'><strong>lecto</strong></span> <span class='ocrx_word' id='word_1_253' title='bbox 468 3215 553 3281; x_wconf 82' lang='lat' dir='ltr'><strong>initio</strong></span> <span class='ocrx_word' id='word_1_254' title='bbox 569 3237 597 3279; x_wconf 91' lang='lat' dir='ltr'><strong>c.</strong></span> <span class='ocrx_word' id='word_1_255' title='bbox 614 3212 657 3280; x_wconf 85' lang='grc'><strong>30</strong></span> <span class='ocrx_word' id='word_1_256' title='bbox 679 3236 782 3279; x_wconf 86' lang='lat' dir='ltr'><strong>eorum</strong></span> <span class='ocrx_word' id='word_1_257' title='bbox 806 3215 1118 3279; x_wconf 81' lang='lat' dir='ltr'><strong>commemorationem</strong></span> <span class='ocrx_word' id='word_1_258' title='bbox 1133 3215 1215 3281; x_wconf 84' lang='lat' dir='ltr'><strong>deai-</strong></span> 
     </span>
     <span class='ocr_line' id='line_1_31' title="bbox 88 3310 1216 3402; baseline 0.008 -29"><span class='ocrx_word' id='word_1_259' title='bbox 88 3310 223 3390; x_wconf 87' lang='lat' dir='ltr'><strong>derabat,</strong></span> <span class='ocrx_word' id='word_1_260' title='bbox 241 3314 273 3377; x_wconf 93' lang='lat' dir='ltr'><strong>in</strong></span> <span class='ocrx_word' id='word_1_261' title='bbox 288 3316 424 3398; x_wconf 64' lang='lat' dir='ltr'><strong>marffl&#39;ne</strong></span> <span class='ocrx_word' id='word_1_262' title='bbox 437 3317 560 3401; x_wconf 73' lang='lat' dir='ltr'><strong>ascripti</strong></span> <span class='ocrx_word' id='word_1_263' title='bbox 575 3328 606 3380; x_wconf 89' lang='lat' dir='ltr'><strong>et</strong></span> <span class='ocrx_word' id='word_1_264' title='bbox 620 3337 775 3401; x_wconf 88' lang='lat' dir='ltr'><strong>perperam</strong></span> <span class='ocrx_word' id='word_1_265' title='bbox 789 3318 870 3381; x_wconf 91' lang='lat' dir='ltr'><strong>inter</strong></span> <span class='ocrx_word' id='word_1_266' title='bbox 892 3317 984 3380; x_wconf 89' lang='lat' dir='ltr'><strong>uerba</strong></span> <span class='ocrx_word' id='word_1_267' title='bbox 1005 3318 1141 3381; x_wconf 90' lang='lat' dir='ltr'><strong>auctoris</strong></span> <span class='ocrx_word' id='word_1_268' title='bbox 1161 3338 1216 3402; x_wconf 90' lang='lat' dir='ltr'><strong>po-</strong></span> 
     </span>
     <span class='ocr_line' id='line_1_32' title="bbox 86 3411 1215 3502; baseline 0.01 -27"><span class='ocrx_word' id='word_1_269' title='bbox 86 3411 139 3475; x_wconf 90' lang='lat' dir='ltr'><strong>siti</strong></span> <span class='ocrx_word' id='word_1_270' title='bbox 161 3424 249 3492; x_wconf 88' lang='lat' dir='ltr'><strong>suot,</strong></span> <span class='ocrx_word' id='word_1_271' title='bbox 274 3427 326 3481; x_wconf 85' lang='lat' dir='ltr'><strong>ant</strong></span> <span class='ocrx_word' id='word_1_272' title='bbox 347 3419 411 3502; x_wconf 89' lang='lat' dir='ltr'><strong>ipse</strong></span> <span class='ocrx_word' id='word_1_273' title='bbox 434 3429 542 3483; x_wconf 83' lang='lat' dir='ltr'><strong>auctor</strong></span> <span class='ocrx_word' id='word_1_274' title='bbox 561 3418 609 3482; x_wconf 89' lang='lat' dir='ltr'><strong>hio</strong></span> <span class='ocrx_word' id='word_1_275' title='bbox 631 3439 749 3502; x_wconf 82' lang='lat' dir='ltr'><strong>quoque</strong></span> <span class='ocrx_word' id='word_1_276' title='bbox 766 3419 933 3486; x_wconf 81' lang='lat' dir='ltr'><strong>auxiliares</strong></span> <span class='ocrx_word' id='word_1_277' title='bbox 957 3420 1215 3495; x_wconf 83' lang='lat' dir='ltr'><strong>commemorauit,</strong></span> 
     </span>
     <span class='ocr_line' id='line_1_33' title="bbox 89 3511 570 3596; baseline 0.017 -20"><span class='ocrx_word' id='word_1_278' title='bbox 89 3511 240 3596; x_wconf 75' lang='lat' dir='ltr'><strong>tumbaque</strong></span> <span class='ocrx_word' id='word_1_279' title='bbox 254 3517 320 3586; x_wconf 87' lang='lat' dir='ltr'><strong>eius</strong></span> <span class='ocrx_word' id='word_1_280' title='bbox 336 3530 474 3584; x_wconf 88' lang='lat' dir='ltr'><strong>truncata</strong></span> <span class='ocrx_word' id='word_1_281' title='bbox 488 3529 570 3584; x_wconf 87' lang='lat' dir='ltr'><strong>sunt.</strong></span> 
     </span>
    </p>

    <p class='ocr_par' dir='ltr' id='par_1_4' title="bbox 88 3611 1217 4325">
     <span class='ocr_line' id='line_1_34' title="bbox 171 3611 1214 3709; baseline 0.013 -32"><span class='ocrx_word' id='word_1_282' title='bbox 171 3611 264 3680; x_wconf 89' lang='lat' dir='ltr'><strong>lnitio</strong></span> <span class='ocrx_word' id='word_1_283' title='bbox 279 3640 306 3682; x_wconf 91' lang='lat' dir='ltr'><strong>o.</strong></span> <span class='ocrx_word' id='word_1_284' title='bbox 317 3618 340 3685; x_wconf 87' lang='lat'><em>8</em></span> <span class='ocrx_word' id='word_1_285' title='bbox 353 3621 455 3705; x_wconf 91' lang='lat' dir='ltr'><strong>inepte</strong></span> <span class='ocrx_word' id='word_1_286' title='bbox 469 3622 613 3687; x_wconf 88' lang='lat' dir='ltr'><strong>edebatur</strong></span> <span class='ocrx_word' id='word_1_287' title='bbox 636 3620 821 3691; x_wconf 75' lang='lat' dir='ltr'><strong>‘Accedebat</strong></span> <span class='ocrx_word' id='word_1_288' title='bbox 835 3624 903 3701; x_wconf 91' lang='lat' dir='ltr'><strong>hnc,</strong></span> <span class='ocrx_word' id='word_1_289' title='bbox 922 3635 956 3688; x_wconf 90' lang='lat' dir='ltr'><strong>nt</strong></span> <span class='ocrx_word' id='word_1_290' title='bbox 970 3624 1089 3709; x_wconf 80' lang='lat' dir='ltr'><strong>longius</strong></span> <span class='ocrx_word' id='word_1_291' title='bbox 1105 3624 1214 3691; x_wconf 80' lang='lat' dir='ltr'><strong>bellant</strong></span> 
     </span>
     <span class='ocr_line' id='line_1_35' title="bbox 88 3714 1215 3807; baseline 0.012 -28"><span class='ocrx_word' id='word_1_292' title='bbox 88 3714 391 3806; x_wconf 90' lang='lat' dir='ltr'><strong>duceretPompeius‚</strong></span> <span class='ocrx_word' id='word_1_293' title='bbox 407 3726 486 3807; x_wconf 92' lang='lat' dir='ltr'><strong>quod</strong></span> <span class='ocrx_word' id='word_1_294' title='bbox 501 3725 567 3790; x_wconf 89' lang='lat' dir='ltr'><strong>loca</strong></span> <span class='ocrx_word' id='word_1_295' title='bbox 581 3736 653 3791; x_wconf 84' lang='lat' dir='ltr'><strong>snut</strong></span> <span class='ocrx_word' id='word_1_296' title='bbox 664 3727 743 3791; x_wconf 88' lang='lat' dir='ltr'><strong>edita</strong></span> <span class='ocrx_word' id='word_1_297' title='bbox 759 3737 790 3791; x_wconf 89' lang='lat' dir='ltr'><strong>ot</strong></span> <span class='ocrx_word' id='word_1_298' title='bbox 803 3728 840 3791; x_wconf 89' lang='lat' dir='ltr'><strong>ad</strong></span> <span class='ocrx_word' id='word_1_299' title='bbox 853 3736 1021 3789; x_wconf 88' lang='lat' dir='ltr'><strong>castrorum</strong></span> <span class='ocrx_word' id='word_1_300' title='bbox 1030 3727 1215 3793; x_wconf 80' lang='lat' dir='ltr'><strong>munitiones</strong></span> 
     </span>
     <span class='ocr_line' id='line_1_36' title="bbox 89 3825 1216 3911; baseline 0.013 -30"><span class='ocrx_word' id='word_1_301' title='bbox 89 3836 150 3881; x_wconf 90' lang='lat' dir='ltr'><strong>non</strong></span> <span class='ocrx_word' id='word_1_302' title='bbox 172 3841 274 3903; x_wconf 89' lang='lat' dir='ltr'><strong>parum</strong></span> <span class='ocrx_word' id='word_1_303' title='bbox 296 3825 433 3890; x_wconf 75' lang='lat' dir='ltr'><strong>idonea’a</strong></span> <span class='ocrx_word' id='word_1_304' title='bbox 457 3828 530 3893; x_wconf 86' lang='lat' dir='ltr'><strong>nihil</strong></span> <span class='ocrx_word' id='word_1_305' title='bbox 545 3829 625 3892; x_wconf 89' lang='lat' dir='ltr'><strong>enim</strong></span> <span class='ocrx_word' id='word_1_306' title='bbox 640 3838 730 3895; x_wconf 86' lang='lat' dir='ltr'><strong>antea</strong></span> <span class='ocrx_word' id='word_1_307' title='bbox 752 3829 980 3906; x_wconf 76' lang='lat' dir='ltr'><strong>metretarum,</strong></span> <span class='ocrx_word' id='word_1_308' title='bbox 997 3850 1057 3911; x_wconf 90' lang='lat' dir='ltr'><strong>quo</strong></span> <span class='ocrx_word' id='word_1_309' title='bbox 1074 3829 1149 3894; x_wconf 88' lang='lat' dir='ltr'><strong>baec</strong></span> <span class='ocrx_word' id='word_1_310' title='bbox 1163 3850 1216 3895; x_wconf 85' lang='lat' dir='ltr'><strong>ac·</strong></span> 
     </span>
     <span class='ocr_line' id='line_1_37' title="bbox 88 3921 1216 4014; baseline 0.013 -32"><span class='ocrx_word' id='word_1_311' title='bbox 88 3921 218 3987; x_wconf 87' lang='lat' dir='ltr'><strong>cessisse</strong></span> <span class='ocrx_word' id='word_1_312' title='bbox 240 3925 296 3989; x_wconf 90' lang='lat' dir='ltr'><strong>dici</strong></span> <span class='ocrx_word' id='word_1_313' title='bbox 320 3939 457 4011; x_wconf 86' lang='lat' dir='ltr'><strong>possent.</strong></span> <span class='ocrx_word' id='word_1_314' title='bbox 497 3926 630 3994; x_wconf 82' lang='lat' dir='ltr'><strong>Corrcxi</strong></span> <span class='ocrx_word' id='word_1_315' title='bbox 644 3931 738 4014; x_wconf 82' lang='lat' dir='ltr'><strong>igitur</strong></span> <span class='ocrx_word' id='word_1_316' title='bbox 761 3931 930 3995; x_wconf 86' lang='lat' dir='ltr'><strong>‘accidebat</strong></span> <span class='ocrx_word' id='word_1_317' title='bbox 947 3931 1024 4009; x_wconf 83' lang='lat' dir='ltr'><strong>lsoc’,</strong></span> <span class='ocrx_word' id='word_1_318' title='bbox 1050 3931 1099 3994; x_wconf 93' lang='lat' dir='ltr'><strong>uel</strong></span> <span class='ocrx_word' id='word_1_319' title='bbox 1115 3932 1216 4014; x_wconf 85' lang='lat' dir='ltr'><strong>potius</strong></span> 
     </span>
     <span class='ocr_line' id='line_1_38' title="bbox 88 4024 1217 4116; baseline 0.012 -30"><span class='ocrx_word' id='word_1_320' title='bbox 88 4024 265 4108; x_wconf 86' lang='lat' dir='ltr'><strong>scripturam</strong></span> <span class='ocrx_word' id='word_1_321' title='bbox 275 4026 346 4094; x_wconf 86' lang='lat' dir='ltr'><strong>Par.</strong></span> <span class='ocrx_word' id='word_1_322' title='bbox 357 4050 420 4094; x_wconf 90' lang='lat' dir='ltr'><strong>sec.</strong></span> <span class='ocrx_word' id='word_1_323' title='bbox 430 4031 570 4095; x_wconf 83' lang='lat' dir='ltr'><strong>restitui:</strong></span> <span class='ocrx_word' id='word_1_324' title='bbox 588 4053 656 4096; x_wconf 89' lang='lat' dir='ltr'><strong>nam</strong></span> <span class='ocrx_word' id='word_1_325' title='bbox 674 4032 854 4098; x_wconf 88' lang='lat' dir='ltr'><strong>‘accedebat’</strong></span> <span class='ocrx_word' id='word_1_326' title='bbox 870 4034 1043 4116; x_wconf 89' lang='lat' dir='ltr'><strong>plerumque</strong></span> <span class='ocrx_word' id='word_1_327' title='bbox 1056 4053 1112 4116; x_wconf 92' lang='lat' dir='ltr'><strong>pro</strong></span> <span class='ocrx_word' id='word_1_328' title='bbox 1123 4034 1217 4099; x_wconf 85' lang='lat' dir='ltr'><strong>‘aeci-</strong></span> 
     </span>
     <span class='ocr_line' id='line_1_39' title="bbox 88 4126 1216 4220; baseline 0.013 -33"><span class='ocrx_word' id='word_1_329' title='bbox 88 4126 185 4191; x_wconf 86' lang='lat' dir='ltr'><strong>debat’</strong></span> <span class='ocrx_word' id='word_1_330' title='bbox 201 4129 233 4193; x_wconf 89' lang='lat' dir='ltr'><strong>in</strong></span> <span class='ocrx_word' id='word_1_331' title='bbox 248 4130 334 4194; x_wconf 90' lang='lat' dir='ltr'><strong>codd.</strong></span> <span class='ocrx_word' id='word_1_332' title='bbox 353 4129 513 4206; x_wconf 85' lang='lat' dir='ltr'><strong>scribitur,</strong></span> <span class='ocrx_word' id='word_1_333' title='bbox 539 4133 618 4198; x_wconf 87' lang='lat' dir='ltr'><strong>‘boc’</strong></span> <span class='ocrx_word' id='word_1_334' title='bbox 639 4145 738 4200; x_wconf 88' lang='lat' dir='ltr'><strong>autem</strong></span> <span class='ocrx_word' id='word_1_335' title='bbox 761 4136 820 4218; x_wconf 87' lang='lat' dir='ltr'>(‘h&#39;</span> <span class='ocrx_word' id='word_1_336' title='bbox 836 4145 945 4219; x_wconf 92' lang='lat' dir='ltr'><strong>puncto</strong></span> <span class='ocrx_word' id='word_1_337' title='bbox 960 4156 1051 4219; x_wconf 86' lang='lat' dir='ltr'><strong>snpra</strong></span> <span class='ocrx_word' id='word_1_338' title='bbox 1066 4137 1216 4220; x_wconf 80' lang='lat' dir='ltr'><strong>ascripto)</strong></span> 
     </span>
     <span class='ocr_line' id='line_1_40' title="bbox 88 4226 1216 4325; baseline 0.014 -36"><span class='ocrx_word' id='word_1_339' title='bbox 88 4232 119 4291; x_wconf 90' lang='lat' dir='ltr'><strong>iu</strong></span> <span class='ocrx_word' id='word_1_340' title='bbox 135 4226 205 4293; x_wconf 88' lang='lat' dir='ltr'><strong>Par.</strong></span> <span class='ocrx_word' id='word_1_341' title='bbox 222 4250 286 4294; x_wconf 85' lang='lat' dir='ltr'><strong>sec.</strong></span> <span class='ocrx_word' id='word_1_342' title='bbox 303 4231 421 4296; x_wconf 85' lang='lat' dir='ltr'><strong>inuenit</strong></span> <span class='ocrx_word' id='word_1_343' title='bbox 433 4227 603 4317; x_wconf 79' lang='lat' dir='ltr'><strong>Beyerlios.</strong></span> <span class='ocrx_word' id='word_1_344' title='bbox 634 4235 819 4302; x_wconf 81' lang='lat' dir='ltr'><strong>Ostenderat</strong></span> <span class='ocrx_word' id='word_1_345' title='bbox 838 4247 945 4303; x_wconf 90' lang='lat' dir='ltr'><strong>auctor</strong></span> <span class='ocrx_word' id='word_1_346' title='bbox 963 4237 1096 4321; x_wconf 85' lang='lat' dir='ltr'><strong>reliquas</strong></span> <span class='ocrx_word' id='word_1_347' title='bbox 1112 4238 1216 4325; x_wconf 85' lang='lat' dir='ltr'><strong>copias</strong></span> 
     </span>
    </p>
   </div>
   <div class='ocr_carea' id='block_1_3' title="bbox 0 0 1357 4688">
    <p class='ocr_par' dir='ltr' id='par_1_5' title="bbox 0 0 1357 4688">
     <span class='ocr_line' id='line_1_41' title="bbox 0 0 1357 4688; baseline 0 0"><span class='ocrx_word' id='word_1_348' title='bbox 0 0 1357 4688; x_wconf 95' lang='lat' dir='ltr'><strong> </strong></span> 
     </span>
    </p>
   </div>
  </div>
 </body>
</html>
