2692 4688
346 242 358 285 ,
494 194 798 262 ...ισ-

83 386 175 432 onum
196 363 244 431 M.
261 360 429 443 Catonem,
452 364 489 428 de
511 387 569 449 quo
591 388 619 430 o.
636 365 678 431 87
693 388 758 450 sqq.
781 366 847 431 sine
869 367 1055 452 malignitate
1077 365 1205 436 relatum

83 479 150 548 est,
175 489 278 534 omnes
299 467 497 533 contumeliae
520 468 726 533 conferuntur.
759 467 817 533 Hie
832 465 996 536 Considius
1019 493 1052 536 se
1071 472 1106 536 ad
1122 474 1206 538 sani-

84 584 175 637 tatem
191 572 311 658 perduci
326 591 386 634 non
402 569 525 654 patitur,
547 578 581 632 ut
595 566 722 633 Caesari
743 571 916 636 aduenienti
932 573 1127 638 Adrumetnm
1144 586 1206 640 tna·

83 675 135 740 dat
155 673 209 757 (b,
234 673 285 756 1);
310 669 427 738 Caesar
447 671 610 736 miseratur
629 682 713 735 unta
735 672 871 736 homines
895 695 964 746 esse
983 677 1150 756 dementia,
1175 688 1208 741 ut

81 776 187 841 malint
207 775 291 861 regis
313 795 381 839 esse
405 773 568 857 uectigales
590 794 678 856 quam
702 795 768 837 oum
791 773 906 838 ciuibus
929 776 959 838 in
986 780 1080 861 patria
1096 780 1127 842 in
1143 780 1207 844 suis

82 878 211 944 fortuma
241 898 310 942 esse
338 876 503 940 incolumes
520 873 561 960 (8
582 886 664 939 extr.
691 877 729 939 ol.
754 874 807 955 57,
831 875 884 958 3)3
908 874 1062 943 Labienus
1082 881 1207 945 audacia

81 981 138 1046 fuit
165 981 384 1055 inflammatus,
415 977 493 1060 quod
515 973 679 1042 Caesarem
709 999 727 1041 a
756 999 790 1042 se
810 1000 985 1063 oppressum
1008 983 1046 1045 iri
1066 983 1208 1066 sperabat

82 1081 148 1162 (ts,
165 1079 219 1163 b),
245 1077 362 1146 Caesar
384 1080 520 1162 queritur
538 1081 685 1144 ‘Africam
701 1081 886 1164 prouinciam
902 1083 1000 1166 perire
1017 1084 1206 1168 funditusque

28 1217 32 1223 ·
81 1185 179 1250 euerti
195 1185 231 1249 ab
247 1185 311 1248 suis
327 1182 472 1246 inimicis:
496 1183 647 1265 quodnisi
663 1183 803 1248 celeriter
817 1185 907 1247 sociis
922 1186 1001 1249 foret
1014 1187 1205 1266 subuentum,

82 1298 201 1371 praeter
217 1287 312 1371 ipsam
326 1284 464 1348 Africam
479 1296 589 1350 terram
606 1286 690 1363 nibil,
708 1306 747 1349 ne
762 1295 872 1348 tectum
889 1287 1017 1368 quidem,
1035 1288 1072 1352 ab
1087 1290 1208 1355 illorum

82 1389 199 1455 scelere
220 1387 396 1470 insidiisque
418 1387 563 1469 reliquum
580 1389 721 1452 futurum'
737 1383 805 1468 (26,
822 1388 875 1468 4);
899 1387 997 1466 idem,
1022 1411 1089 1454 cunr
1104 1387 1207 1475 Scipio

82 1490 191 1556 castris
207 1489 271 1554 eius
287 1489 571 1573 appropinquasset,
597 1491 670 1555 nibil
692 1510 729 1554 ea
743 1510 777 1553 rc
792 1498 948 1553 mouetora
974 1493 1208 1559 ‘animaduerte-

82 1594 134 1658 bat
148 1592 240 1670 enim,
265 1613 440 1675 quamquam
456 1592 571 1675 magnis
587 1602 690 1656 essent
708 1592 801 1676 copiis
817 1593 982 1656 aduersarii
1000 1596 1079 1674 freti,
1106 1608 1207 1661 tamen

82 1695 376 1782 saepeaseiugatis,
394 1693 486 1777 pulsis
501 1695 728 1778 perterritisque
740 1696 1051 1760 etcouoessamuitam
1061 1710 1091 1763 et
1105 1699 1208 1783 ignota

85 1808 219 1885 peccata.
251 1792 367 1877 Quibus
388 1817 430 1860 ex
451 1796 542 1860 rebus
560 1818 719 1881 numquam
735 1808 820 1862 muta
835 1808 1007 1884 suppeteret
1021 1819 1061 1864 ex
1076 1801 1207 1884 ipsorum

84 1902 195 1968 inertia
217 1900 462 1982 conscientiaque
485 1898 577 1962 animi
591 1901 736 1964 uictoriae
751 1901 876 1979 fidncia,
900 1911 933 1963 ut
951 1913 1052 1966 castra
1066 1923 1122 1966 sua
1136 1904 1208 1967 ado·

82 2005 139 2071 riri
162 2003 317 2068 anderent'
341 1999 416 2086 (31,
441 2001 496 2082 3)3
522 1996 630 2066 Vticae
646 1997 764 2067 Caesar
785 2003 869 2068 cloes
886 2001 1040 2069 Romanos
1064 2016 1096 2069 et
1116 2027 1208 2090 nego-

84 2109 212 2173 tiatores
235 2117 266 2170 et
282 2127 351 2183 eos,
377 2105 427 2188 qui
448 2106 529 2169 inter
546 2115 697 2170 trecentos
713 2107 856 2191 pecunias
872 2108 1063 2172 contulerant
1078 2107 1162 2174 Varo
1177 2118 1209 2173 et

83 2208 237 2296 Scipioni,
262 2207 362 2274 multis
384 2206 486 2273 uerbis
508 2219 632 2272 accusat
646 2220 677 2273 et
691 2210 728 2273 de
742 2209 906 2274 sceleribus
922 2230 1025 2274 eorum
1041 2212 1208 2296 longiorem

83 2314 249 2379 orationem
272 2312 362 2376 babet
376 2306 445 2393 (9⁰,
461 2310 509 2390 2).
542 2308 626 2373 llaec
641 2311 706 2373 siue
722 2313 879 2378 ambitiose
894 2316 961 2379 siue
977 2315 1122 2379 exanimi
1138 2335 1208 2380 sen·

83 2416 178 2482 tentia
193 2415 305 2498 scripta
319 2427 405 2488 sunt,
427 2433 564 2497 magnam
579 2424 662 2476 certe
677 2414 896 2498 simplicitatem
912 2417 1053 2501 produnt.
1091 2414 1209 2483 Caesar

84 2517 202 2603 quidem
218 2527 251 2580 et
265 2513 383 2576 Hirtius
400 2535 558 2597 numquam
577 2515 651 2579 adeo
667 2516 759 2579 risum
776 2518 925 2582 bominum
941 2529 1204 2603 contempserunt:

85 2639 182 2704 neque
205 2639 224 2682 a
245 2612 432 2681 Caesariano
455 2619 491 2680 dc
515 2616 601 2681 initio
617 2617 813 2683 dissensionis
830 2621 926 2686 ciuilis
942 2632 973 2684 et
988 2617 1025 2685 de
1040 2622 1136 2685 turbis
1153 2621 1209 2685 ili·

84 2717 294 2807 spaniensibus
324 2719 506 2782 moderatius
534 2720 629 2801 potuit
657 2720 747 2785 scribi
777 2743 864 2805 qnam
894 2724 931 2787 ab
953 2726 1049 2788 altero
1069 2736 1207 2788 extremo

86 2823 164 2891 libro
192 2833 301 2887 octauo
332 2823 368 2886 de
397 2821 428 2884 b.
460 2817 541 2884 Gall.
575 2832 606 2884 et
633 2821 664 2886 b.
696 2823 790 2887 Alex.
819 2823 863 2889 48
891 2847 975 2909 seqq.
1009 2827 1117 2889 farctum
1147 2835 1205 2889 est.

86 2926 218 3011 Quodsi
240 2924 407 2989 orationem
429 2933 615 3007 spectamus,
646 2947 706 2989 non
729 2926 826 2991 solum
841 2949 936 3012 genus
953 2928 1102 2993 scribendi
1120 2926 1208 3009 plane

86 3031 185 3103 aliod,
209 3027 372 3093 sedetiam
394 3026 426 3090 in
448 3045 588 3090 sermone
612 3029 704 3091 multa
728 3028 846 3092 diuersa
869 3029 1106 3114 asuperioribus
1122 3027 1206 3091 libris

86 3129 263 3214 reperimus.
302 3127 454 3211 Quaedam
484 3129 601 3212 quidem
624 3129 655 3192 in
685 3131 739 3195 bac
762 3142 845 3216 parte
868 3133 982 3197 librarii
1005 3140 1208 3215 peccauerunt

87 3242 139 3296 aut
161 3230 353 3313 interpretes.
384 3230 465 3295 Nam
492 3232 552 3296 illis
573 3224 660 3295 nemo
683 3233 825 3297 dubitabit
847 3233 920 3298 baec
943 3235 1092 3299 tribuere:
1127 3233 1208 3296 ‘dum

88 3336 163 3400 baec
185 3333 229 3396 ita
249 3330 365 3395 bereut’
390 3333 464 3413 (25,
490 3332 543 3412 l),
570 3335 698 3415 ‘iamque
714 3331 830 3397 Caesar
851 3336 919 3397 dum
945 3324 1113 3399 exereitum
1128 3336 1209 3398 intra

87 3435 268 3502 munitiones
298 3454 368 3497 suas
397 3436 541 3499 reducere
572 3435 731 3519 coepisset‘
755 3433 829 3512 (61,
854 3435 909 3515 2),
936 3437 998 3518 ‘qui
1022 3438 1090 3501 dum
1110 3438 1210 3502 anima

89 3539 220 3605 nondum
243 3536 380 3620 expirata
400 3534 589 3600 concidisset'
611 3535 680 3617 (88,
704 3534 758 3617 d),
783 3539 959 3619 praesertim
983 3562 1049 3603 oum
1071 3562 1107 3604 eo
1128 3540 1207 3617 loeo,

89 3663 176 3726 quem
199 3649 366 3705 extremum
388 3638 494 3722 posui,
518 3639 566 3702 uel
582 3648 696 3721 tempus
709 3638 794 3701 uerbi
810 3640 994 3705 demonstret
1011 3641 1100 3704 ‘cum’
1116 3641 1209 3723 parti·

88 3745 186 3809 culam
209 3763 227 3804 a
245 3740 395 3824 scriptore
420 3759 487 3801 esse
510 3739 649 3821 positam.
678 3738 764 3804 Nihil
779 3754 866 3825 aget,
890 3745 915 3807 si
934 3745 999 3826 quis
1017 3743 1090 3804 baec
1105 3762 1141 3804 eo
1158 3740 1211 3804 de·

88 3845 209 3911 iendere
224 3843 399 3921 conabitur,
422 3840 501 3923 quod
517 3841 584 3903 aliis
601 3863 717 3924 quoque
732 3845 883 3929 particulis
899 3857 1003 3909 contra
1018 3842 1210 3908 consuetudi·

90 3970 158 4014 nem
181 3947 402 4011 coniunctiuum
424 3944 456 4008 in
479 3944 534 4007 boc
557 3944 632 4008 libro
652 3945 823 4010 adiunctum
839 3949 927 4011 dicat.
958 3944 1068 4029 Neque
1084 3945 1162 4006 enim
1179 3965 1208 4007 o.

89 4052 128 4130 4,
152 4050 172 4114 3
194 4049 316 4132 scripsit
330 4059 434 4112 auctor
441 4093 453 4128 ,
476 4058 507 4110 ut
523 4047 637 4126 editur,
663 4056 732 4131 ‘quo
755 4049 931 4132 simulatque
952 4046 1088 4134 captiuus
1104 4065 1211 4131 perue-

91 4155 187 4219 nisset
201 4152 393 4234 litterasque,
417 4160 450 4215 ut
464 4160 530 4214 erat
544 4151 732 4226 mandatum,
756 4148 902 4215 Considio
923 4152 1077 4236 porrigere
1093 4148 1210 4233 eoepis-

91 4257 165 4337 set',
189 4255 243 4320 sed
266 4264 319 4317 aut
334 4275 436 4319 uerum
452 4264 516 4328 est,
540 4253 618 4336 quod
633 4253 664 4316 in
680 4253 766 4317 codd.
784 4253 894 4336 legitur
911 4254 1101 4338 ‘simulatque
1117 4250 1211 4335 capti·
