<?xml version="1.0" encoding="UTF-8"?>
<!DOCTYPE html PUBLIC "-//W3C//DTD XHTML 1.0 Transitional//EN"
    "http://www.w3.org/TR/xhtml1/DTD/xhtml1-transitional.dtd">
<html xmlns="http://www.w3.org/1999/xhtml" xml:lang="en" lang="en">
 <head>
  <title>
</title>
<meta http-equiv="Content-Type" content="text/html;charset=utf-8" />
  <meta name='ocr-system' content='tesseract 3.04.00' />
  <meta name='ocr-capabilities' content='ocr_page ocr_carea ocr_par ocr_line ocrx_word'/>
</head>
<body>
  <div class='ocr_page' id='page_1' title='image "./civliicaesarisc02hirtgoog_0198.png"; bbox 0 0 2692 4688; ppageno 0'>
   <div class='ocr_carea' id='block_1_1' title="bbox 501 194 824 261">
    <p class='ocr_par' dir='ltr' id='par_1_1' title="bbox 501 194 824 261">
     <span class='ocr_line' id='line_1_1' title="bbox 501 194 824 261; baseline 0.006 -1"><span class='ocrx_word' id='word_1_1' title='bbox 501 194 690 261; x_wconf 81' lang='lat' dir='ltr'><strong>-llll</strong></span> <span class='ocrx_word' id='word_1_2' title='bbox 738 234 824 249; x_wconf 92' lang='lat'><strong>—</strong></span> 
     </span>
    </p>
   </div>
   <div class='ocr_carea' id='block_1_2' title="bbox 97 367 1223 765">
    <p class='ocr_par' dir='ltr' id='par_1_2' title="bbox 97 367 1223 765">
     <span class='ocr_line' id='line_1_2' title="bbox 100 367 1219 458; baseline 0.005 -23"><span class='ocrx_word' id='word_1_3' title='bbox 100 372 268 453; x_wconf 75' lang='lat' dir='ltr'><strong>molemque</strong></span> <span class='ocrx_word' id='word_1_4' title='bbox 291 367 328 431; x_wconf 87' lang='lat' dir='ltr'><strong>ad</strong></span> <span class='ocrx_word' id='word_1_5' title='bbox 349 367 476 431; x_wconf 80' lang='lat' dir='ltr'><strong>insulam</strong></span> <span class='ocrx_word' id='word_1_6' title='bbox 497 369 696 453; x_wconf 74' lang='lat' dir='ltr'><strong>pertinentem</strong></span> <span class='ocrx_word' id='word_1_7' title='bbox 717 369 748 434; x_wconf 93' lang='lat' dir='ltr'><strong>in</strong></span> <span class='ocrx_word' id='word_1_8' title='bbox 763 391 848 435; x_wconf 83' lang='lat' dir='ltr'><strong>uuam</strong></span> <span class='ocrx_word' id='word_1_9' title='bbox 862 371 1017 454; x_wconf 73' lang='lat' dir='ltr'><strong>redigeret</strong></span> <span class='ocrx_word' id='word_1_10' title='bbox 1031 384 1219 458; x_wconf 87' lang='lat' dir='ltr'><strong>potestatem.</strong></span> 
     </span>
     <span class='ocr_line' id='line_1_3' title="bbox 98 472 1222 561; baseline 0.004 -22"><span class='ocrx_word' id='word_1_11' title='bbox 98 472 250 540; x_wconf 82' lang='lat' dir='ltr'><strong>Perfeetia</strong></span> <span class='ocrx_word' id='word_1_12' title='bbox 270 472 351 538; x_wconf 81' lang='lat' dir='ltr'><strong>eninr</strong></span> <span class='ocrx_word' id='word_1_13' title='bbox 372 493 482 555; x_wconf 82' lang='lat' dir='ltr'><strong>magna</strong></span> <span class='ocrx_word' id='word_1_14' title='bbox 500 491 543 536; x_wconf 84' lang='lat' dir='ltr'><strong>ex</strong></span> <span class='ocrx_word' id='word_1_15' title='bbox 556 484 640 556; x_wconf 86' lang='lat' dir='ltr'><strong>parte</strong></span> <span class='ocrx_word' id='word_1_16' title='bbox 655 473 869 559; x_wconf 70' lang='lat' dir='ltr'><strong>munitionibus</strong></span> <span class='ocrx_word' id='word_1_17' title='bbox 883 474 916 538; x_wconf 91' lang='lat' dir='ltr'><strong>in</strong></span> <span class='ocrx_word' id='word_1_18' title='bbox 929 475 1036 559; x_wconf 93' lang='lat' dir='ltr'><strong>oppido</strong></span> <span class='ocrx_word' id='word_1_19' title='bbox 1051 489 1082 541; x_wconf 90' lang='lat' dir='ltr'><strong>et</strong></span> <span class='ocrx_word' id='word_1_20' title='bbox 1095 474 1177 542; x_wconf 78' lang='lat' dir='ltr'><strong>illam</strong></span> <span class='ocrx_word' id='word_1_21' title='bbox 1192 491 1222 561; x_wconf 84' lang='lat' dir='ltr'><strong>et</strong></span> 
     </span>
     <span class='ocr_line' id='line_1_4' title="bbox 99 575 1223 661; baseline 0.004 -20"><span class='ocrx_word' id='word_1_22' title='bbox 99 577 203 642; x_wconf 89' lang='lat' dir='ltr'><strong>urbem</strong></span> <span class='ocrx_word' id='word_1_23' title='bbox 220 598 280 640; x_wconf 88' lang='lat' dir='ltr'><strong>unc</strong></span> <span class='ocrx_word' id='word_1_24' title='bbox 297 586 430 661; x_wconf 89' lang='lat' dir='ltr'><strong>tempore</strong></span> <span class='ocrx_word' id='word_1_25' title='bbox 453 575 593 659; x_wconf 89' lang='lat' dir='ltr'><strong>temptari</strong></span> <span class='ocrx_word' id='word_1_26' title='bbox 607 596 695 658; x_wconf 82' lang='lat' dir='ltr'><strong>posse</strong></span> <span class='ocrx_word' id='word_1_27' title='bbox 711 576 901 641; x_wconf 84' lang='lat' dir='ltr'><strong>conlidelat&#39;.</strong></span> <span class='ocrx_word' id='word_1_28' title='bbox 925 575 1010 642; x_wconf 84' lang='lat' dir='ltr'><strong>llaec</strong></span> <span class='ocrx_word' id='word_1_29' title='bbox 1025 580 1119 644; x_wconf 79' lang='lat' dir='ltr'><strong>uerba</strong></span> <span class='ocrx_word' id='word_1_30' title='bbox 1132 582 1223 646; x_wconf 89' lang='lat' dir='ltr'><strong>alitor</strong></span> 
     </span>
     <span class='ocr_line' id='line_1_5' title="bbox 97 674 1220 765; baseline 0.004 -21"><span class='ocrx_word' id='word_1_31' title='bbox 97 679 235 762; x_wconf 69' lang='lat' dir='ltr'><strong>intellegi</strong></span> <span class='ocrx_word' id='word_1_32' title='bbox 257 700 318 743; x_wconf 94' lang='lat' dir='ltr'><strong>non</strong></span> <span class='ocrx_word' id='word_1_33' title='bbox 341 691 486 764; x_wconf 83' lang='lat' dir='ltr'><strong>pooaunt,</strong></span> <span class='ocrx_word' id='word_1_34' title='bbox 511 678 570 743; x_wconf 84' lang='lat' dir='ltr'><strong>niai</strong></span> <span class='ocrx_word' id='word_1_35' title='bbox 590 687 624 741; x_wconf 91' lang='lat' dir='ltr'><strong>ut</strong></span> <span class='ocrx_word' id='word_1_36' title='bbox 647 674 764 744; x_wconf 76' lang='lat' dir='ltr'><strong>Caesar</strong></span> <span class='ocrx_word' id='word_1_37' title='bbox 779 680 884 744; x_wconf 84' lang='lat' dir='ltr'><strong>eodem</strong></span> <span class='ocrx_word' id='word_1_38' title='bbox 900 689 1032 765; x_wconf 86' lang='lat' dir='ltr'><strong>ternpore</strong></span> <span class='ocrx_word' id='word_1_39' title='bbox 1048 693 1080 746; x_wconf 90' lang='lat' dir='ltr'><strong>et</strong></span> <span class='ocrx_word' id='word_1_40' title='bbox 1092 680 1220 748; x_wconf 85' lang='lat' dir='ltr'><strong>insulam</strong></span> 
     </span>
    </p>
   </div>
   <div class='ocr_carea' id='block_1_3' title="bbox 97 779 1223 4353">
    <p class='ocr_par' dir='ltr' id='par_1_3' title="bbox 97 779 1223 3018">
     <span class='ocr_line' id='line_1_6' title="bbox 98 779 1217 866; baseline 0.005 -19"><span class='ocrx_word' id='word_1_41' title='bbox 98 779 229 848; x_wconf 77' lang='lat' dir='ltr'><strong>Pharum</strong></span> <span class='ocrx_word' id='word_1_42' title='bbox 251 791 283 844; x_wconf 92' lang='lat' dir='ltr'><strong>et</strong></span> <span class='ocrx_word' id='word_1_43' title='bbox 296 781 392 864; x_wconf 81' lang='lat' dir='ltr'><strong>ipsam</strong></span> <span class='ocrx_word' id='word_1_44' title='bbox 407 782 626 846; x_wconf 80' lang='lat' dir='ltr'><strong>Alexandriam</strong></span> <span class='ocrx_word' id='word_1_45' title='bbox 649 803 821 866; x_wconf 77' lang='lat' dir='ltr'><strong>oppugnare</strong></span> <span class='ocrx_word' id='word_1_46' title='bbox 836 783 969 848; x_wconf 83' lang='lat' dir='ltr'><strong>uoluisse</strong></span> <span class='ocrx_word' id='word_1_47' title='bbox 984 784 1111 849; x_wconf 87' lang='lat' dir='ltr'><strong>dicatur.</strong></span> <span class='ocrx_word' id='word_1_48' title='bbox 1135 785 1217 853; x_wconf 86' lang='lat' dir='ltr'><strong>Nara</strong></span> 
     </span>
     <span class='ocr_line' id='line_1_7' title="bbox 97 881 1217 967; baseline 0.003 -16"><span class='ocrx_word' id='word_1_49' title='bbox 97 886 196 962; x_wconf 58' lang='lat' dir='ltr'><strong>airum</strong></span> <span class='ocrx_word' id='word_1_50' title='bbox 214 884 342 966; x_wconf 84' lang='lat' dir='ltr'><strong>quemin</strong></span> <span class='ocrx_word' id='word_1_51' title='bbox 359 881 792 949; x_wconf 82' lang='lat' dir='ltr'><strong>inanlnluiraeCaeaarb.eiu.</strong></span> <span class='ocrx_word' id='word_1_52' title='bbox 804 881 860 963; x_wconf 89' lang='grc'><strong>111,</strong></span> <span class='ocrx_word' id='word_1_53' title='bbox 872 885 945 960; x_wconf 82' lang='lat' dir='ltr'><strong>tt‘t,</strong></span> <span class='ocrx_word' id='word_1_54' title='bbox 962 883 1217 967; x_wconf 65' lang='lat' dir='ltr'><strong>ddemonatrauit</strong></span> 
     </span>
     <span class='ocr_line' id='line_1_8' title="bbox 97 983 1221 1071; baseline 0.002 -18"><span class='ocrx_word' id='word_1_55' title='bbox 97 1008 157 1053; x_wconf 81' lang='lat' dir='ltr'><strong>nou</strong></span> <span class='ocrx_word' id='word_1_56' title='bbox 172 996 293 1071; x_wconf 85' lang='lat' dir='ltr'><strong>poterat</strong></span> <span class='ocrx_word' id='word_1_57' title='bbox 309 986 380 1051; x_wconf 82' lang='lat' dir='ltr'><strong>urla</strong></span> <span class='ocrx_word' id='word_1_58' title='bbox 394 987 550 1071; x_wconf 82' lang='lat' dir='ltr'><strong>appellari.</strong></span> <span class='ocrx_word' id='word_1_59' title='bbox 575 986 616 1051; x_wconf 87' lang='lat' dir='ltr'><strong>At</strong></span> <span class='ocrx_word' id='word_1_60' title='bbox 629 987 845 1052; x_wconf 77' lang='lat' dir='ltr'><strong>Alexandriam</strong></span> <span class='ocrx_word' id='word_1_61' title='bbox 863 983 1026 1054; x_wconf 74' lang='lat' dir='ltr'><strong>Caesarem</strong></span> <span class='ocrx_word' id='word_1_62' title='bbox 1041 1012 1102 1054; x_wconf 93' lang='lat' dir='ltr'><strong>non</strong></span> <span class='ocrx_word' id='word_1_63' title='bbox 1118 994 1221 1055; x_wconf 88' lang='lat' dir='ltr'><strong>eodem</strong></span> 
     </span>
     <span class='ocr_line' id='line_1_9' title="bbox 98 1089 1219 1174; baseline 0.004 -17"><span class='ocrx_word' id='word_1_64' title='bbox 98 1101 235 1174; x_wconf 78' lang='lat' dir='ltr'><strong>tenpore</strong></span> <span class='ocrx_word' id='word_1_65' title='bbox 249 1110 422 1172; x_wconf 74' lang='lat' dir='ltr'><strong>oppugnare</strong></span> <span class='ocrx_word' id='word_1_66' title='bbox 445 1090 576 1154; x_wconf 75' lang='lat' dir='ltr'><strong>noluisse</strong></span> <span class='ocrx_word' id='word_1_67' title='bbox 597 1111 638 1154; x_wconf 86' lang='lat' dir='ltr'><strong>ex</strong></span> <span class='ocrx_word' id='word_1_68' title='bbox 658 1089 827 1173; x_wconf 70' lang='lat' dir='ltr'><strong>insequenti</strong></span> <span class='ocrx_word' id='word_1_69' title='bbox 843 1092 1018 1156; x_wconf 85' lang='lat' dir='ltr'><strong>narratione</strong></span> <span class='ocrx_word' id='word_1_70' title='bbox 1032 1104 1146 1158; x_wconf 87' lang='lat' dir='ltr'><strong>eertum</strong></span> <span class='ocrx_word' id='word_1_71' title='bbox 1162 1106 1219 1161; x_wconf 83' lang='lat' dir='ltr'><strong>ert.</strong></span> 
     </span>
     <span class='ocr_line' id='line_1_10' title="bbox 98 1190 1222 1278; baseline 0.003 -19"><span class='ocrx_word' id='word_1_72' title='bbox 98 1190 201 1259; x_wconf 77' lang='lat' dir='ltr'><strong>son·</strong></span> <span class='ocrx_word' id='word_1_73' title='bbox 224 1191 306 1257; x_wconf 75' lang='lat' dir='ltr'><strong>enim</strong></span> <span class='ocrx_word' id='word_1_74' title='bbox 326 1192 456 1256; x_wconf 74' lang='lat' dir='ltr'><strong>insulam</strong></span> <span class='ocrx_word' id='word_1_75' title='bbox 477 1212 641 1277; x_wconf 70' lang='lat' dir='ltr'><strong>aggressus</strong></span> <span class='ocrx_word' id='word_1_76' title='bbox 662 1202 710 1256; x_wconf 85' lang='lat' dir='ltr'><strong>ert</strong></span> <span class='ocrx_word' id='word_1_77' title='bbox 731 1203 763 1257; x_wconf 90' lang='lat' dir='ltr'><strong>et</strong></span> <span class='ocrx_word' id='word_1_78' title='bbox 775 1194 866 1278; x_wconf 85' lang='lat' dir='ltr'><strong>cepit3</strong></span> <span class='ocrx_word' id='word_1_79' title='bbox 883 1215 936 1278; x_wconf 91' lang='lat' dir='ltr'><strong>por</strong></span> <span class='ocrx_word' id='word_1_80' title='bbox 951 1197 1058 1259; x_wconf 89' lang='lat' dir='ltr'><strong>molem</strong></span> <span class='ocrx_word' id='word_1_81' title='bbox 1073 1196 1110 1260; x_wconf 77' lang='lat' dir='ltr'><strong>alt</strong></span> <span class='ocrx_word' id='word_1_82' title='bbox 1124 1198 1222 1263; x_wconf 76' lang='lat' dir='ltr'><strong>insula</strong></span> 
     </span>
     <span class='ocr_line' id='line_1_11' title="bbox 98 1293 1223 1382; baseline 0.002 -19"><span class='ocrx_word' id='word_1_83' title='bbox 98 1298 135 1363; x_wconf 83' lang='lat' dir='ltr'><strong>ad</strong></span> <span class='ocrx_word' id='word_1_84' title='bbox 148 1296 255 1362; x_wconf 75' lang='lat' dir='ltr'><strong>erlem</strong></span> <span class='ocrx_word' id='word_1_85' title='bbox 272 1295 468 1380; x_wconf 80' lang='lat' dir='ltr'><strong>pertinentem</strong></span> <span class='ocrx_word' id='word_1_86' title='bbox 483 1294 676 1376; x_wconf 85' lang='lat' dir='ltr'><strong>(quaemoleo</strong></span> <span class='ocrx_word' id='word_1_87' title='bbox 685 1293 914 1364; x_wconf 74' lang='grc' dir='ltr'><strong>ἑπταστάδιον</strong></span> <span class='ocrx_word' id='word_1_88' title='bbox 923 1298 1091 1380; x_wconf 79' lang='lat' dir='ltr'><strong>dicebatur)</strong></span> <span class='ocrx_word' id='word_1_89' title='bbox 1101 1311 1223 1382; x_wconf 83' lang='lat' dir='ltr'><strong>postero</strong></span> 
     </span>
     <span class='ocr_line' id='line_1_12' title="bbox 99 1397 1222 1482; baseline 0.004 -18"><span class='ocrx_word' id='word_1_90' title='bbox 99 1401 215 1465; x_wconf 82' lang='lat' dir='ltr'><strong>demam</strong></span> <span class='ocrx_word' id='word_1_91' title='bbox 238 1398 286 1462; x_wconf 90' lang='lat' dir='ltr'><strong>die</strong></span> <span class='ocrx_word' id='word_1_92' title='bbox 309 1417 487 1482; x_wconf 73' lang='lat' dir='ltr'><strong>progressus</strong></span> <span class='ocrx_word' id='word_1_93' title='bbox 509 1409 557 1461; x_wconf 84' lang='lat' dir='ltr'><strong>est</strong></span> <span class='ocrx_word' id='word_1_94' title='bbox 578 1409 609 1461; x_wconf 87' lang='lat' dir='ltr'><strong>et</strong></span> <span class='ocrx_word' id='word_1_95' title='bbox 624 1397 751 1461; x_wconf 87' lang='lat' dir='ltr'><strong>alterum</strong></span> <span class='ocrx_word' id='word_1_96' title='bbox 767 1409 886 1482; x_wconf 90' lang='lat' dir='ltr'><strong>pontem</strong></span> <span class='ocrx_word' id='word_1_97' title='bbox 900 1421 941 1465; x_wconf 88' lang='lat' dir='ltr'><strong>ex</strong></span> <span class='ocrx_word' id='word_1_98' title='bbox 956 1402 1070 1465; x_wconf 75' lang='lat' dir='ltr'><strong>duobus</strong></span> <span class='ocrx_word' id='word_1_99' title='bbox 1084 1402 1222 1468; x_wconf 81' lang='lat' dir='ltr'><strong>Alexan·</strong></span> 
     </span>
     <span class='ocr_line' id='line_1_13' title="bbox 99 1497 1219 1590; baseline 0.002 -21"><span class='ocrx_word' id='word_1_100' title='bbox 99 1503 178 1569; x_wconf 80' lang='lat' dir='ltr'><strong>triae</strong></span> <span class='ocrx_word' id='word_1_101' title='bbox 194 1501 366 1587; x_wconf 84' lang='lat' dir='ltr'><strong>propiorem</strong></span> <span class='ocrx_word' id='word_1_102' title='bbox 381 1499 539 1583; x_wconf 83' lang='lat' dir='ltr'><strong>occupauit</strong></span> <span class='ocrx_word' id='word_1_103' title='bbox 552 1501 596 1584; x_wconf 76' lang='lat' dir='ltr'><strong>(a.</strong></span> <span class='ocrx_word' id='word_1_104' title='bbox 616 1497 669 1578; x_wconf 84' lang='grc'><strong>19,</strong></span> <span class='ocrx_word' id='word_1_105' title='bbox 685 1499 733 1582; x_wconf 80' lang='grc'><strong>2).</strong></span> <span class='ocrx_word' id='word_1_106' title='bbox 762 1499 825 1565; x_wconf 85' lang='lat' dir='ltr'><strong>lam</strong></span> <span class='ocrx_word' id='word_1_107' title='bbox 848 1503 880 1566; x_wconf 95' lang='lat' dir='ltr'><strong>in</strong></span> <span class='ocrx_word' id='word_1_108' title='bbox 899 1501 973 1567; x_wconf 90' lang='lat' dir='ltr'><strong>Par.</strong></span> <span class='ocrx_word' id='word_1_109' title='bbox 996 1525 1060 1568; x_wconf 80' lang='lat' dir='ltr'><strong>reo.</strong></span> <span class='ocrx_word' id='word_1_110' title='bbox 1076 1507 1219 1590; x_wconf 81' lang='lat' dir='ltr'><strong>seriptum</strong></span> 
     </span>
     <span class='ocr_line' id='line_1_14' title="bbox 101 1600 1217 1693; baseline 0.004 -25"><span class='ocrx_word' id='word_1_111' title='bbox 101 1616 145 1669; x_wconf 82' lang='lat' dir='ltr'><strong>eat</strong></span> <span class='ocrx_word' id='word_1_112' title='bbox 166 1605 218 1669; x_wconf 86' lang='lat' dir='ltr'><strong>‘in</strong></span> <span class='ocrx_word' id='word_1_113' title='bbox 242 1603 351 1687; x_wconf 92' lang='lat' dir='ltr'><strong>oppido</strong></span> <span class='ocrx_word' id='word_1_114' title='bbox 372 1603 499 1666; x_wconf 86' lang='lat' dir='ltr'><strong>atillam</strong></span> <span class='ocrx_word' id='word_1_115' title='bbox 515 1602 647 1684; x_wconf 79' lang='lat' dir='ltr'><strong>nrbrm&#39;3</strong></span> <span class='ocrx_word' id='word_1_116' title='bbox 663 1603 695 1666; x_wconf 93' lang='lat' dir='ltr'><strong>in</strong></span> <span class='ocrx_word' id='word_1_117' title='bbox 709 1600 799 1668; x_wconf 81' lang='lat' dir='ltr'><strong>Leid.</strong></span> <span class='ocrx_word' id='word_1_118' title='bbox 817 1626 863 1688; x_wconf 90' lang='lat' dir='ltr'><strong>pr.</strong></span> <span class='ocrx_word' id='word_1_119' title='bbox 881 1602 963 1669; x_wconf 90' lang='lat' dir='ltr'><strong>Seal.</strong></span> <span class='ocrx_word' id='word_1_120' title='bbox 977 1602 1084 1671; x_wconf 89' lang='lat' dir='ltr'><strong>Cuiae.</strong></span> <span class='ocrx_word' id='word_1_121' title='bbox 1108 1611 1152 1673; x_wconf 86' lang='lat' dir='ltr'><strong>‘in</strong></span> <span class='ocrx_word' id='word_1_122' title='bbox 1165 1631 1217 1693; x_wconf 85' lang='lat' dir='ltr'><strong>op·</strong></span> 
     </span>
     <span class='ocr_line' id='line_1_15' title="bbox 102 1702 1218 1792; baseline 0.002 -20"><span class='ocrx_word' id='word_1_123' title='bbox 102 1707 170 1792; x_wconf 83' lang='lat' dir='ltr'><strong>pido</strong></span> <span class='ocrx_word' id='word_1_124' title='bbox 184 1717 218 1772; x_wconf 89' lang='lat' dir='ltr'><strong>et</strong></span> <span class='ocrx_word' id='word_1_125' title='bbox 231 1706 284 1770; x_wconf 90' lang='lat' dir='ltr'><strong>illa</strong></span> <span class='ocrx_word' id='word_1_126' title='bbox 299 1707 332 1769; x_wconf 93' lang='lat' dir='ltr'><strong>in</strong></span> <span class='ocrx_word' id='word_1_127' title='bbox 348 1703 482 1783; x_wconf 74' lang='lat' dir='ltr'><strong>urlem’q</strong></span> <span class='ocrx_word' id='word_1_128' title='bbox 504 1705 536 1769; x_wconf 94' lang='lat' dir='ltr'><strong>in</strong></span> <span class='ocrx_word' id='word_1_129' title='bbox 551 1702 619 1769; x_wconf 85' lang='lat' dir='ltr'><strong>Pet.</strong></span> <span class='ocrx_word' id='word_1_130' title='bbox 639 1704 710 1770; x_wconf 80' lang='lat' dir='ltr'><strong>Vre.</strong></span> <span class='ocrx_word' id='word_1_131' title='bbox 730 1703 822 1771; x_wconf 81' lang='lat' dir='ltr'><strong>Voae.</strong></span> <span class='ocrx_word' id='word_1_132' title='bbox 849 1709 892 1771; x_wconf 87' lang='lat' dir='ltr'><strong>‘in</strong></span> <span class='ocrx_word' id='word_1_133' title='bbox 917 1708 1024 1791; x_wconf 90' lang='lat' dir='ltr'><strong>oppido</strong></span> <span class='ocrx_word' id='word_1_134' title='bbox 1045 1710 1171 1774; x_wconf 82' lang='lat' dir='ltr'><strong>atillam</strong></span> <span class='ocrx_word' id='word_1_135' title='bbox 1187 1713 1218 1774; x_wconf 91' lang='lat' dir='ltr'><strong>in</strong></span> 
     </span>
     <span class='ocr_line' id='line_1_16' title="bbox 99 1805 1220 1892; baseline 0.002 -17"><span class='ocrx_word' id='word_1_136' title='bbox 99 1810 194 1875; x_wconf 84' lang='lat' dir='ltr'><strong>nrlte’.</strong></span> <span class='ocrx_word' id='word_1_137' title='bbox 223 1806 328 1891; x_wconf 86' lang='lat' dir='ltr'><strong>ltaque</strong></span> <span class='ocrx_word' id='word_1_138' title='bbox 349 1805 483 1871; x_wconf 83' lang='lat' dir='ltr'><strong>Hirtium</strong></span> <span class='ocrx_word' id='word_1_139' title='bbox 504 1807 547 1870; x_wconf 87' lang='lat' dir='ltr'><strong>ita</strong></span> <span class='ocrx_word' id='word_1_140' title='bbox 568 1808 727 1892; x_wconf 74' lang='lat' dir='ltr'><strong>scripsisse</strong></span> <span class='ocrx_word' id='word_1_141' title='bbox 748 1809 940 1874; x_wconf 81' lang='lat' dir='ltr'><strong>existimaui:</strong></span> <span class='ocrx_word' id='word_1_142' title='bbox 967 1807 1126 1875; x_wconf 80' lang='lat' dir='ltr'><strong>‘Perleetis</strong></span> <span class='ocrx_word' id='word_1_143' title='bbox 1141 1814 1220 1877; x_wconf 89' lang='lat' dir='ltr'><strong>enim</strong></span> 
     </span>
     <span class='ocr_line' id='line_1_17' title="bbox 98 1909 1222 1997; baseline 0.005 -25"><span class='ocrx_word' id='word_1_144' title='bbox 98 1933 209 1997; x_wconf 68' lang='lat' dir='ltr'><strong>magna</strong></span> <span class='ocrx_word' id='word_1_145' title='bbox 223 1930 265 1975; x_wconf 91' lang='lat' dir='ltr'><strong>ex</strong></span> <span class='ocrx_word' id='word_1_146' title='bbox 279 1920 364 1995; x_wconf 80' lang='lat' dir='ltr'><strong>parte</strong></span> <span class='ocrx_word' id='word_1_147' title='bbox 378 1909 592 1974; x_wconf 81' lang='lat' dir='ltr'><strong>munitionibus</strong></span> <span class='ocrx_word' id='word_1_148' title='bbox 613 1910 645 1975; x_wconf 93' lang='lat' dir='ltr'><strong>in</strong></span> <span class='ocrx_word' id='word_1_149' title='bbox 660 1911 766 1994; x_wconf 89' lang='lat' dir='ltr'><strong>oppido</strong></span> <span class='ocrx_word' id='word_1_150' title='bbox 781 1911 869 1975; x_wconf 82' lang='lat' dir='ltr'><strong>etiam</strong></span> <span class='ocrx_word' id='word_1_151' title='bbox 885 1913 938 1977; x_wconf 84' lang='lat' dir='ltr'><strong>illa</strong></span> <span class='ocrx_word' id='word_1_152' title='bbox 952 1914 1055 1978; x_wconf 86' lang='lat' dir='ltr'><strong>urbem</strong></span> <span class='ocrx_word' id='word_1_153' title='bbox 1070 1934 1131 1977; x_wconf 92' lang='lat' dir='ltr'><strong>uno</strong></span> <span class='ocrx_word' id='word_1_154' title='bbox 1147 1924 1222 1979; x_wconf 90' lang='lat' dir='ltr'><strong>tem-</strong></span> 
     </span>
     <span class='ocr_line' id='line_1_18' title="bbox 98 2010 1219 2097; baseline 0.004 -20"><span class='ocrx_word' id='word_1_155' title='bbox 98 2033 175 2097; x_wconf 89' lang='lat' dir='ltr'><strong>pore</strong></span> <span class='ocrx_word' id='word_1_156' title='bbox 190 2012 326 2095; x_wconf 76' lang='lat' dir='ltr'><strong>temptari</strong></span> <span class='ocrx_word' id='word_1_157' title='bbox 341 2031 429 2096; x_wconf 82' lang='lat' dir='ltr'><strong>porra</strong></span> <span class='ocrx_word' id='word_1_158' title='bbox 445 2011 633 2076; x_wconf 84' lang='lat' dir='ltr'><strong>conlidehat’.</strong></span> <span class='ocrx_word' id='word_1_159' title='bbox 657 2010 725 2076; x_wconf 88' lang='lat' dir='ltr'><strong>lloc</strong></span> <span class='ocrx_word' id='word_1_160' title='bbox 740 2013 818 2076; x_wconf 90' lang='lat' dir='ltr'><strong>enim</strong></span> <span class='ocrx_word' id='word_1_161' title='bbox 828 2012 968 2079; x_wconf 75' lang='lat' dir='ltr'><strong>Carraria</strong></span> <span class='ocrx_word' id='word_1_162' title='bbox 976 2017 1219 2095; x_wconf 78' lang='lat' dir='ltr'><strong>eonsiliumerat,</strong></span> 
     </span>
     <span class='ocr_line' id='line_1_19' title="bbox 98 2114 1220 2200; baseline 0.004 -21"><span class='ocrx_word' id='word_1_163' title='bbox 98 2126 146 2191; x_wconf 89' lang='lat' dir='ltr'><strong>nt,</strong></span> <span class='ocrx_word' id='word_1_164' title='bbox 172 2135 243 2178; x_wconf 87' lang='lat' dir='ltr'><strong>cum</strong></span> <span class='ocrx_word' id='word_1_165' title='bbox 265 2114 401 2196; x_wconf 78' lang='lat' dir='ltr'><strong>perlectis</strong></span> <span class='ocrx_word' id='word_1_166' title='bbox 422 2114 648 2193; x_wconf 73' lang='lat' dir='ltr'><strong>monitorium,</strong></span> <span class='ocrx_word' id='word_1_167' title='bbox 673 2135 748 2199; x_wconf 80' lang='lat' dir='ltr'><strong>quas</strong></span> <span class='ocrx_word' id='word_1_168' title='bbox 763 2115 796 2177; x_wconf 94' lang='lat' dir='ltr'><strong>in</strong></span> <span class='ocrx_word' id='word_1_169' title='bbox 810 2116 876 2200; x_wconf 83' lang='lat' dir='ltr'><strong>ipra</strong></span> <span class='ocrx_word' id='word_1_170' title='bbox 891 2115 965 2179; x_wconf 84' lang='lat' dir='ltr'><strong>urbe</strong></span> <span class='ocrx_word' id='word_1_171' title='bbox 979 2118 1162 2197; x_wconf 73' lang='lat' dir='ltr'><strong>instituerat,</strong></span> <span class='ocrx_word' id='word_1_172' title='bbox 1179 2119 1220 2184; x_wconf 86' lang='lat' dir='ltr'><strong>ibi</strong></span> 
     </span>
     <span class='ocr_line' id='line_1_20' title="bbox 100 2215 1220 2302; baseline 0.003 -21"><span class='ocrx_word' id='word_1_173' title='bbox 100 2216 241 2281; x_wconf 73' lang='lat' dir='ltr'><strong>omnibus</strong></span> <span class='ocrx_word' id='word_1_174' title='bbox 255 2215 345 2300; x_wconf 80' lang='lat' dir='ltr'><strong>oopiir</strong></span> <span class='ocrx_word' id='word_1_175' title='bbox 361 2237 422 2281; x_wconf 91' lang='lat' dir='ltr'><strong>non</strong></span> <span class='ocrx_word' id='word_1_176' title='bbox 437 2216 597 2301; x_wconf 76' lang='lat' dir='ltr'><strong>indigeret,</strong></span> <span class='ocrx_word' id='word_1_177' title='bbox 621 2228 708 2302; x_wconf 86' lang='lat' dir='ltr'><strong>capta</strong></span> <span class='ocrx_word' id='word_1_178' title='bbox 723 2218 822 2281; x_wconf 82' lang='lat' dir='ltr'><strong>insula</strong></span> <span class='ocrx_word' id='word_1_179' title='bbox 837 2227 869 2280; x_wconf 92' lang='lat' dir='ltr'><strong>et</strong></span> <span class='ocrx_word' id='word_1_180' title='bbox 884 2217 1080 2300; x_wconf 68' lang='lat' dir='ltr'><strong>repausatio,</strong></span> <span class='ocrx_word' id='word_1_181' title='bbox 1102 2241 1160 2302; x_wconf 91' lang='lat' dir='ltr'><strong>quo</strong></span> <span class='ocrx_word' id='word_1_182' title='bbox 1174 2222 1220 2284; x_wconf 80' lang='lat' dir='ltr'><strong>in·</strong></span> 
     </span>
     <span class='ocr_line' id='line_1_21' title="bbox 100 2318 1221 2404; baseline 0 -17"><span class='ocrx_word' id='word_1_183' title='bbox 100 2323 165 2387; x_wconf 73' lang='lat' dir='ltr'><strong>aua</strong></span> <span class='ocrx_word' id='word_1_184' title='bbox 186 2341 255 2384; x_wconf 87' lang='lat' dir='ltr'><strong>oum</strong></span> <span class='ocrx_word' id='word_1_185' title='bbox 274 2319 348 2385; x_wconf 78' lang='lat' dir='ltr'><strong>nrlte</strong></span> <span class='ocrx_word' id='word_1_186' title='bbox 369 2318 617 2404; x_wconf 74' lang='lat' dir='ltr'><strong>contingebatur,</strong></span> <span class='ocrx_word' id='word_1_187' title='bbox 643 2341 703 2383; x_wconf 93' lang='lat' dir='ltr'><strong>uno</strong></span> <span class='ocrx_word' id='word_1_188' title='bbox 719 2330 851 2403; x_wconf 92' lang='lat' dir='ltr'><strong>tempore</strong></span> <span class='ocrx_word' id='word_1_189' title='bbox 867 2330 898 2383; x_wconf 87' lang='lat' dir='ltr'><strong>et</strong></span> <span class='ocrx_word' id='word_1_190' title='bbox 913 2320 1031 2385; x_wconf 79' lang='lat' dir='ltr'><strong>axonis</strong></span> <span class='ocrx_word' id='word_1_191' title='bbox 1048 2323 1221 2387; x_wconf 89' lang='lat' dir='ltr'><strong>munitioni·</strong></span> 
     </span>
     <span class='ocr_line' id='line_1_22' title="bbox 100 2421 1220 2506; baseline 0.002 -17"><span class='ocrx_word' id='word_1_192' title='bbox 100 2424 167 2498; x_wconf 78' lang='lat' dir='ltr'><strong>luo,</strong></span> <span class='ocrx_word' id='word_1_193' title='bbox 183 2443 262 2506; x_wconf 87' lang='lat' dir='ltr'><strong>qnae</strong></span> <span class='ocrx_word' id='word_1_194' title='bbox 276 2424 427 2506; x_wconf 88' lang='lat' dir='ltr'><strong>perlectae</strong></span> <span class='ocrx_word' id='word_1_195' title='bbox 441 2432 539 2500; x_wconf 88' lang='lat' dir='ltr'><strong>erant,</strong></span> <span class='ocrx_word' id='word_1_196' title='bbox 556 2432 586 2486; x_wconf 87' lang='lat' dir='ltr'><strong>et</strong></span> <span class='ocrx_word' id='word_1_197' title='bbox 602 2422 653 2486; x_wconf 92' lang='lat' dir='ltr'><strong>illa</strong></span> <span class='ocrx_word' id='word_1_198' title='bbox 668 2421 993 2506; x_wconf 78' lang='lat' dir='ltr'><strong>partealrlreptaatadio</strong></span> <span class='ocrx_word' id='word_1_199' title='bbox 1003 2422 1220 2491; x_wconf 76' lang='lat' dir='ltr'><strong>Alexandriam</strong></span> 
     </span>
     <span class='ocr_line' id='line_1_23' title="bbox 101 2521 1220 2612; baseline 0.005 -24"><span class='ocrx_word' id='word_1_200' title='bbox 101 2536 298 2612; x_wconf 72' lang='lat' dir='ltr'><strong>oppugnaret.</strong></span> <span class='ocrx_word' id='word_1_201' title='bbox 321 2521 404 2589; x_wconf 78' lang='lat' dir='ltr'><strong>Vrltr</strong></span> <span class='ocrx_word' id='word_1_202' title='bbox 426 2534 458 2586; x_wconf 90' lang='lat' dir='ltr'><strong>et</strong></span> <span class='ocrx_word' id='word_1_203' title='bbox 478 2524 617 2608; x_wconf 92' lang='lat' dir='ltr'><strong>oppidum</strong></span> <span class='ocrx_word' id='word_1_204' title='bbox 638 2524 824 2588; x_wconf 78' lang='lat' dir='ltr'><strong>Alexandria</strong></span> <span class='ocrx_word' id='word_1_205' title='bbox 842 2546 934 2609; x_wconf 85' lang='lat' dir='ltr'><strong>paruo</strong></span> <span class='ocrx_word' id='word_1_206' title='bbox 949 2527 1045 2610; x_wconf 80' lang='lat' dir='ltr'><strong>spatio</strong></span> <span class='ocrx_word' id='word_1_207' title='bbox 1060 2529 1220 2595; x_wconf 84' lang='lat' dir='ltr'><strong>interiecto</strong></span> 
     </span>
     <span class='ocr_line' id='line_1_24' title="bbox 102 2623 1219 2711; baseline 0.004 -18"><span class='ocrx_word' id='word_1_208' title='bbox 102 2630 225 2693; x_wconf 77' lang='lat' dir='ltr'><strong>edane.</strong></span> <span class='ocrx_word' id='word_1_209' title='bbox 236 2628 269 2704; x_wconf 88' lang='grc'><strong>1,</strong></span> <span class='ocrx_word' id='word_1_210' title='bbox 284 2623 371 2690; x_wconf 74' lang='lat' dir='ltr'><strong>tos</strong></span> <span class='ocrx_word' id='word_1_211' title='bbox 386 2625 561 2709; x_wconf 87' lang='lat' dir='ltr'><strong>appellatur.</strong></span> <span class='ocrx_word' id='word_1_212' title='bbox 586 2623 828 2711; x_wconf 82' lang='lat' dir='ltr'><strong>Oudendorpius,</strong></span> <span class='ocrx_word' id='word_1_213' title='bbox 838 2649 904 2691; x_wconf 89' lang='lat' dir='ltr'><strong>eum</strong></span> <span class='ocrx_word' id='word_1_214' title='bbox 913 2630 1066 2695; x_wconf 82' lang='lat' dir='ltr'><strong>coniceret</strong></span> <span class='ocrx_word' id='word_1_215' title='bbox 1081 2633 1219 2698; x_wconf 83' lang='lat' dir='ltr'><strong>‘atillam</strong></span> 
     </span>
     <span class='ocr_line' id='line_1_25' title="bbox 104 2730 1218 2813; baseline 0.003 -16"><span class='ocrx_word' id='word_1_216' title='bbox 104 2744 132 2797; x_wconf 91' lang='lat' dir='ltr'><strong>et</strong></span> <span class='ocrx_word' id='word_1_217' title='bbox 151 2733 297 2806; x_wconf 66' lang='lat' dir='ltr'><strong>turrem,</strong></span> <span class='ocrx_word' id='word_1_218' title='bbox 321 2749 383 2793; x_wconf 90' lang='lat' dir='ltr'><strong>non</strong></span> <span class='ocrx_word' id='word_1_219' title='bbox 404 2730 581 2794; x_wconf 88' lang='lat' dir='ltr'><strong>meminerat</strong></span> <span class='ocrx_word' id='word_1_220' title='bbox 601 2740 724 2808; x_wconf 86' lang='lat' dir='ltr'><strong>turrem,</strong></span> <span class='ocrx_word' id='word_1_221' title='bbox 750 2752 827 2813; x_wconf 90' lang='lat' dir='ltr'><strong>quae</strong></span> <span class='ocrx_word' id='word_1_222' title='bbox 846 2732 883 2795; x_wconf 90' lang='lat' dir='ltr'><strong>ad</strong></span> <span class='ocrx_word' id='word_1_223' title='bbox 904 2732 1081 2796; x_wconf 81' lang='lat' dir='ltr'><strong>orientalem</strong></span> <span class='ocrx_word' id='word_1_224' title='bbox 1101 2735 1218 2800; x_wconf 81' lang='lat' dir='ltr'><strong>insulae</strong></span> 
     </span>
     <span class='ocr_line' id='line_1_26' title="bbox 102 2831 1221 2919; baseline 0 -18"><span class='ocrx_word' id='word_1_225' title='bbox 102 2847 211 2919; x_wconf 85' lang='lat' dir='ltr'><strong>partem</strong></span> <span class='ocrx_word' id='word_1_226' title='bbox 225 2835 287 2899; x_wconf 81' lang='lat' dir='ltr'><strong>rita</strong></span> <span class='ocrx_word' id='word_1_227' title='bbox 301 2833 367 2916; x_wconf 82' lang='lat' dir='ltr'><strong>ipsa</strong></span> <span class='ocrx_word' id='word_1_228' title='bbox 381 2852 497 2914; x_wconf 89' lang='lat' dir='ltr'><strong>quoque</strong></span> <span class='ocrx_word' id='word_1_229' title='bbox 512 2831 630 2896; x_wconf 85' lang='lat' dir='ltr'><strong>Pharus</strong></span> <span class='ocrx_word' id='word_1_230' title='bbox 645 2832 809 2911; x_wconf 85' lang='lat' dir='ltr'><strong>dicebatur,</strong></span> <span class='ocrx_word' id='word_1_231' title='bbox 827 2833 928 2897; x_wconf 85' lang='lat' dir='ltr'><strong>atatim</strong></span> <span class='ocrx_word' id='word_1_232' title='bbox 941 2843 1021 2898; x_wconf 91' lang='lat' dir='ltr'><strong>moto</strong></span> <span class='ocrx_word' id='word_1_233' title='bbox 1031 2832 1221 2901; x_wconf 74' lang='lat' dir='ltr'><strong>belloacae·</strong></span> 
     </span>
     <span class='ocr_line' id='line_1_27' title="bbox 104 2932 989 3018; baseline -0.01 -14"><span class='ocrx_word' id='word_1_234' title='bbox 104 2959 167 3004; x_wconf 80' lang='lat' dir='ltr'><strong>aare</strong></span> <span class='ocrx_word' id='word_1_235' title='bbox 181 2958 253 3003; x_wconf 76' lang='lat' dir='ltr'><strong>erae</strong></span> <span class='ocrx_word' id='word_1_236' title='bbox 268 2944 454 3018; x_wconf 86' lang='lat' dir='ltr'><strong>occupatam,</strong></span> <span class='ocrx_word' id='word_1_237' title='bbox 472 2937 549 3016; x_wconf 93' lang='lat' dir='ltr'><strong>qnod</strong></span> <span class='ocrx_word' id='word_1_238' title='bbox 564 2936 700 2999; x_wconf 88' lang='lat' dir='ltr'><strong>narrauit</strong></span> <span class='ocrx_word' id='word_1_239' title='bbox 714 2936 743 2999; x_wconf 88' lang='lat' dir='ltr'><strong>b.</strong></span> <span class='ocrx_word' id='word_1_240' title='bbox 762 2936 822 3000; x_wconf 88' lang='lat' dir='ltr'><strong>eiu.</strong></span> <span class='ocrx_word' id='word_1_241' title='bbox 840 2932 897 3014; x_wconf 88' lang='lat' dir='ltr'><strong>Ill,</strong></span> <span class='ocrx_word' id='word_1_242' title='bbox 916 2935 989 2998; x_wconf 79' lang='lat' dir='ltr'><strong>tta.</strong></span> 
     </span>
    </p>

    <p class='ocr_par' dir='ltr' id='par_1_4' title="bbox 98 3033 1221 4353">
     <span class='ocr_line' id='line_1_28' title="bbox 181 3033 1218 3122; baseline 0.001 -17"><span class='ocrx_word' id='word_1_243' title='bbox 181 3040 290 3106; x_wconf 81' lang='lat' dir='ltr'><strong>Eiusd.</strong></span> <span class='ocrx_word' id='word_1_244' title='bbox 309 3037 409 3122; x_wconf 81' lang='lat' dir='ltr'><strong>e.§.3</strong></span> <span class='ocrx_word' id='word_1_245' title='bbox 426 3039 497 3102; x_wconf 88' lang='lat' dir='ltr'><strong>haee</strong></span> <span class='ocrx_word' id='word_1_246' title='bbox 513 3037 722 3122; x_wconf 76' lang='lat' dir='ltr'><strong>excipiebant:</strong></span> <span class='ocrx_word' id='word_1_247' title='bbox 743 3033 825 3119; x_wconf 82' lang='lat' dir='ltr'><strong>‘Quo</strong></span> <span class='ocrx_word' id='word_1_248' title='bbox 841 3049 928 3120; x_wconf 86' lang='lat' dir='ltr'><strong>capto</strong></span> <span class='ocrx_word' id='word_1_249' title='bbox 942 3038 1218 3107; x_wconf 82' lang='lat' dir='ltr'><strong>consiliooolrorter</strong></span> 
     </span>
     <span class='ocr_line' id='line_1_29' title="bbox 103 3138 1221 3222; baseline 0 -15"><span class='ocrx_word' id='word_1_250' title='bbox 103 3140 176 3209; x_wconf 80' lang='lat' dir='ltr'><strong>Xet</strong></span> <span class='ocrx_word' id='word_1_251' title='bbox 188 3144 268 3208; x_wconf 83' lang='lat' dir='ltr'><strong>leuia</strong></span> <span class='ocrx_word' id='word_1_252' title='bbox 283 3152 453 3207; x_wconf 85' lang='lat' dir='ltr'><strong>armaturae</strong></span> <span class='ocrx_word' id='word_1_253' title='bbox 468 3140 593 3214; x_wconf 85' lang='lat' dir='ltr'><strong>eleetos,</strong></span> <span class='ocrx_word' id='word_1_254' title='bbox 611 3160 686 3222; x_wconf 84' lang='lat' dir='ltr'><strong>quoa</strong></span> <span class='ocrx_word' id='word_1_255' title='bbox 701 3139 826 3204; x_wconf 89' lang='lat' dir='ltr'><strong>idoneos</strong></span> <span class='ocrx_word' id='word_1_256' title='bbox 842 3161 882 3202; x_wconf 85' lang='lat' dir='ltr'><strong>ex</strong></span> <span class='ocrx_word' id='word_1_257' title='bbox 898 3141 1046 3222; x_wconf 79' lang='lat' dir='ltr'><strong>equitibus</strong></span> <span class='ocrx_word' id='word_1_258' title='bbox 1058 3138 1155 3206; x_wconf 84' lang='lat' dir='ltr'><strong>Gallia</strong></span> <span class='ocrx_word' id='word_1_259' title='bbox 1170 3165 1221 3208; x_wconf 67' lang='lat' dir='ltr'><strong>ar⁴</strong></span> 
     </span>
     <span class='ocr_line' id='line_1_30' title="bbox 103 3242 1218 3328; baseline 0.004 -20"><span class='ocrx_word' id='word_1_260' title='bbox 103 3245 280 3323; x_wconf 68' lang='lat' dir='ltr'><strong>litabatur,</strong></span> <span class='ocrx_word' id='word_1_261' title='bbox 301 3246 334 3309; x_wconf 93' lang='lat' dir='ltr'><strong>in</strong></span> <span class='ocrx_word' id='word_1_262' title='bbox 357 3244 477 3328; x_wconf 73' lang='lat' dir='ltr'><strong>nauigia</strong></span> <span class='ocrx_word' id='word_1_263' title='bbox 496 3243 615 3307; x_wconf 89' lang='lat' dir='ltr'><strong>minora</strong></span> <span class='ocrx_word' id='word_1_264' title='bbox 634 3242 818 3326; x_wconf 77' lang='lat' dir='ltr'><strong>scaphaeque</strong></span> <span class='ocrx_word' id='word_1_265' title='bbox 841 3242 976 3324; x_wconf 86' lang='lat' dir='ltr'><strong>imponit,</strong></span> <span class='ocrx_word' id='word_1_266' title='bbox 1002 3244 1072 3309; x_wconf 89' lang='lat' dir='ltr'><strong>inde</strong></span> <span class='ocrx_word' id='word_1_267' title='bbox 1093 3247 1218 3312; x_wconf 89' lang='lat' dir='ltr'><strong>alteram</strong></span> 
     </span>
     <span class='ocr_line' id='line_1_31' title="bbox 102 3346 1220 3435; baseline 0.002 -22"><span class='ocrx_word' id='word_1_268' title='bbox 102 3347 215 3413; x_wconf 72' lang='lat' dir='ltr'><strong>manue</strong></span> <span class='ocrx_word' id='word_1_269' title='bbox 231 3357 344 3431; x_wconf 89' lang='lat' dir='ltr'><strong>partem</strong></span> <span class='ocrx_word' id='word_1_270' title='bbox 360 3346 546 3410; x_wconf 84' lang='lat' dir='ltr'><strong>distinendae</strong></span> <span class='ocrx_word' id='word_1_271' title='bbox 567 3366 673 3408; x_wconf 84' lang='lat' dir='ltr'><strong>manua</strong></span> <span class='ocrx_word' id='word_1_272' title='bbox 689 3366 780 3409; x_wconf 88' lang='lat' dir='ltr'><strong>eausa</strong></span> <span class='ocrx_word' id='word_1_273' title='bbox 796 3347 957 3409; x_wconf 78' lang='lat' dir='ltr'><strong>constratis</strong></span> <span class='ocrx_word' id='word_1_274' title='bbox 972 3348 1097 3413; x_wconf 86' lang='lat' dir='ltr'><strong>nauibus</strong></span> <span class='ocrx_word' id='word_1_275' title='bbox 1112 3371 1220 3435; x_wconf 79' lang='lat' dir='ltr'><strong>aggre-</strong></span> 
     </span>
     <span class='ocr_line' id='line_1_32' title="bbox 102 3447 1218 3535; baseline 0 -18"><span class='ocrx_word' id='word_1_276' title='bbox 102 3452 177 3517; x_wconf 87' lang='lat' dir='ltr'><strong>ditur</strong></span> <span class='ocrx_word' id='word_1_277' title='bbox 192 3450 333 3535; x_wconf 68' lang='lat' dir='ltr'><strong>prae-iia</strong></span> <span class='ocrx_word' id='word_1_278' title='bbox 347 3448 464 3535; x_wconf 72' lang='lat' dir='ltr'><strong>magnit</strong></span> <span class='ocrx_word' id='word_1_279' title='bbox 479 3447 650 3532; x_wconf 80' lang='lat' dir='ltr'><strong>propositis,</strong></span> <span class='ocrx_word' id='word_1_280' title='bbox 667 3448 716 3531; x_wconf 91' lang='lat' dir='ltr'><strong>qni</strong></span> <span class='ocrx_word' id='word_1_281' title='bbox 728 3449 839 3531; x_wconf 89' lang='lat' dir='ltr'><strong>primus</strong></span> <span class='ocrx_word' id='word_1_282' title='bbox 848 3448 974 3511; x_wconf 78' lang='lat' dir='ltr'><strong>insulam</strong></span> <span class='ocrx_word' id='word_1_283' title='bbox 983 3450 1135 3533; x_wconf 79' lang='lat' dir='ltr'><strong>cepisset’.</strong></span> <span class='ocrx_word' id='word_1_284' title='bbox 1160 3451 1218 3518; x_wconf 82' lang='lat' dir='ltr'><strong>llio</strong></span> 
     </span>
     <span class='ocr_line' id='line_1_33' title="bbox 101 3549 1217 3637; baseline 0.001 -17"><span class='ocrx_word' id='word_1_285' title='bbox 101 3555 223 3637; x_wconf 75' lang='lat' dir='ltr'><strong>primum</strong></span> <span class='ocrx_word' id='word_1_286' title='bbox 239 3550 452 3636; x_wconf 80' lang='lat' dir='ltr'><strong>reeteLipaiur</strong></span> <span class='ocrx_word' id='word_1_287' title='bbox 467 3549 657 3614; x_wconf 76' lang='lat' dir='ltr'><strong>scribendum</strong></span> <span class='ocrx_word' id='word_1_288' title='bbox 674 3549 817 3614; x_wconf 81' lang='lat' dir='ltr'><strong>iudicauit</strong></span> <span class='ocrx_word' id='word_1_289' title='bbox 835 3558 981 3635; x_wconf 82' lang='lat' dir='ltr'><strong>‘quaeque</strong></span> <span class='ocrx_word' id='word_1_290' title='bbox 994 3553 1128 3618; x_wconf 88' lang='lat' dir='ltr'><strong>idoneos&#39;</strong></span> <span class='ocrx_word' id='word_1_291' title='bbox 1144 3567 1217 3620; x_wconf 86' lang='lat' dir='ltr'><strong>oett.</strong></span> 
     </span>
     <span class='ocr_line' id='line_1_34' title="bbox 102 3652 1220 3738; baseline 0.003 -19"><span class='ocrx_word' id='word_1_292' title='bbox 102 3653 180 3721; x_wconf 82' lang='lat' dir='ltr'><strong>Nam</strong></span> <span class='ocrx_word' id='word_1_293' title='bbox 201 3655 263 3720; x_wconf 82' lang='lat' dir='ltr'><strong>etsi</strong></span> <span class='ocrx_word' id='word_1_294' title='bbox 283 3655 400 3738; x_wconf 82' lang='lat' dir='ltr'><strong>equitea</strong></span> <span class='ocrx_word' id='word_1_295' title='bbox 415 3674 533 3738; x_wconf 90' lang='lat' dir='ltr'><strong>quoqne</strong></span> <span class='ocrx_word' id='word_1_296' title='bbox 547 3652 624 3717; x_wconf 84' lang='lat' dir='ltr'><strong>leuia</strong></span> <span class='ocrx_word' id='word_1_297' title='bbox 639 3663 807 3716; x_wconf 82' lang='lat' dir='ltr'><strong>armaturae</strong></span> <span class='ocrx_word' id='word_1_298' title='bbox 822 3664 930 3729; x_wconf 87' lang='lat' dir='ltr'><strong>erant,</strong></span> <span class='ocrx_word' id='word_1_299' title='bbox 946 3665 1047 3719; x_wconf 83' lang='lat' dir='ltr'><strong>tamen</strong></span> <span class='ocrx_word' id='word_1_300' title='bbox 1062 3658 1220 3723; x_wconf 81' lang='lat' dir='ltr'><strong>dicendam</strong></span> 
     </span>
     <span class='ocr_line' id='line_1_35' title="bbox 101 3754 1221 3840; baseline 0.002 -17"><span class='ocrx_word' id='word_1_301' title='bbox 101 3770 162 3823; x_wconf 88' lang='lat' dir='ltr'><strong>erat</strong></span> <span class='ocrx_word' id='word_1_302' title='bbox 179 3767 224 3822; x_wconf 86' lang='lat' dir='ltr'><strong>‘et</strong></span> <span class='ocrx_word' id='word_1_303' title='bbox 238 3758 370 3840; x_wconf 89' lang='lat' dir='ltr'><strong>equitum</strong></span> <span class='ocrx_word' id='word_1_304' title='bbox 385 3756 462 3820; x_wconf 83' lang='lat' dir='ltr'><strong>lenis</strong></span> <span class='ocrx_word' id='word_1_305' title='bbox 476 3765 646 3819; x_wconf 88' lang='lat' dir='ltr'><strong>armaturae</strong></span> <span class='ocrx_word' id='word_1_306' title='bbox 662 3754 797 3833; x_wconf 64' lang='lat' dir='ltr'><strong>elected,</strong></span> <span class='ocrx_word' id='word_1_307' title='bbox 815 3767 843 3820; x_wconf 87' lang='lat' dir='ltr'><strong>et</strong></span> <span class='ocrx_word' id='word_1_308' title='bbox 861 3757 1033 3823; x_wconf 85' lang='lat' dir='ltr'><strong>incredibile</strong></span> <span class='ocrx_word' id='word_1_309' title='bbox 1048 3770 1096 3822; x_wconf 81' lang='lat' dir='ltr'><strong>eat</strong></span> <span class='ocrx_word' id='word_1_310' title='bbox 1106 3758 1221 3826; x_wconf 79' lang='lat' dir='ltr'><strong>Caera-</strong></span> 
     </span>
     <span class='ocr_line' id='line_1_36' title="bbox 101 3857 1220 3946; baseline 0.002 -20"><span class='ocrx_word' id='word_1_311' title='bbox 101 3881 161 3925; x_wconf 69' lang='grc' dir='ltr'><strong>ται</strong></span> <span class='ocrx_word' id='word_1_312' title='bbox 180 3862 331 3946; x_wconf 83' lang='lat' dir='ltr'><strong>peditibus</strong></span> <span class='ocrx_word' id='word_1_313' title='bbox 352 3860 417 3923; x_wconf 80' lang='lat' dir='ltr'><strong>einr</strong></span> <span class='ocrx_word' id='word_1_314' title='bbox 438 3857 560 3940; x_wconf 73' lang='lat' dir='ltr'><strong>genens</strong></span> <span class='ocrx_word' id='word_1_315' title='bbox 581 3877 666 3921; x_wconf 81' lang='lat' dir='ltr'><strong>uanm</strong></span> <span class='ocrx_word' id='word_1_316' title='bbox 689 3879 750 3920; x_wconf 93' lang='lat' dir='ltr'><strong>non</strong></span> <span class='ocrx_word' id='word_1_317' title='bbox 772 3879 852 3937; x_wconf 83' lang='lat' dir='ltr'><strong>esee,</strong></span> <span class='ocrx_word' id='word_1_318' title='bbox 875 3861 926 3943; x_wconf 93' lang='lat' dir='ltr'><strong>qui</strong></span> <span class='ocrx_word' id='word_1_319' title='bbox 947 3862 1039 3925; x_wconf 83' lang='lat' dir='ltr'><strong>multo</strong></span> <span class='ocrx_word' id='word_1_320' title='bbox 1056 3863 1174 3928; x_wconf 82' lang='lat' dir='ltr'><strong>facilius</strong></span> <span class='ocrx_word' id='word_1_321' title='bbox 1189 3876 1220 3929; x_wconf 91' lang='lat' dir='ltr'><strong>et</strong></span> 
     </span>
     <span class='ocr_line' id='line_1_37' title="bbox 100 3961 1220 4049; baseline 0.002 -21"><span class='ocrx_word' id='word_1_322' title='bbox 100 3964 209 4048; x_wconf 85' lang='lat' dir='ltr'><strong>imponi</strong></span> <span class='ocrx_word' id='word_1_323' title='bbox 230 3965 263 4027; x_wconf 95' lang='lat' dir='ltr'><strong>in</strong></span> <span class='ocrx_word' id='word_1_324' title='bbox 284 3965 410 4049; x_wconf 76' lang='lat' dir='ltr'><strong>araphan</strong></span> <span class='ocrx_word' id='word_1_325' title='bbox 432 3974 465 4027; x_wconf 88' lang='lat' dir='ltr'><strong>et</strong></span> <span class='ocrx_word' id='word_1_326' title='bbox 483 3963 554 4026; x_wconf 91' lang='lat' dir='ltr'><strong>inde</strong></span> <span class='ocrx_word' id='word_1_327' title='bbox 575 3980 707 4045; x_wconf 76' lang='lat' dir='ltr'><strong>pugnare</strong></span> <span class='ocrx_word' id='word_1_328' title='bbox 729 3973 863 4044; x_wconf 84' lang='lat' dir='ltr'><strong>poosent.</strong></span> <span class='ocrx_word' id='word_1_329' title='bbox 893 3961 1010 4028; x_wconf 82' lang='lat' dir='ltr'><strong>Deinde</strong></span> <span class='ocrx_word' id='word_1_330' title='bbox 1025 3965 1158 4049; x_wconf 88' lang='lat' dir='ltr'><strong>ineptum</strong></span> <span class='ocrx_word' id='word_1_331' title='bbox 1173 3978 1220 4031; x_wconf 82' lang='lat' dir='ltr'><strong>eat</strong></span> 
     </span>
     <span class='ocr_line' id='line_1_38' title="bbox 100 4063 1220 4150; baseline 0 -18"><span class='ocrx_word' id='word_1_332' title='bbox 100 4067 277 4132; x_wconf 71' lang='lat' dir='ltr'><strong>nemetum</strong></span> <span class='ocrx_word' id='word_1_333' title='bbox 294 4067 402 4131; x_wconf 76' lang='lat' dir='ltr'><strong>‘inde&#39;z</strong></span> <span class='ocrx_word' id='word_1_334' title='bbox 420 4085 489 4128; x_wconf 86' lang='lat' dir='ltr'><strong>nam</strong></span> <span class='ocrx_word' id='word_1_335' title='bbox 505 4083 601 4148; x_wconf 89' lang='lat' dir='ltr'><strong>neque</strong></span> <span class='ocrx_word' id='word_1_336' title='bbox 615 4084 656 4127; x_wconf 85' lang='lat' dir='ltr'><strong>ex</strong></span> <span class='ocrx_word' id='word_1_337' title='bbox 668 4064 772 4127; x_wconf 86' lang='lat' dir='ltr'><strong>eodem</strong></span> <span class='ocrx_word' id='word_1_338' title='bbox 782 4063 849 4128; x_wconf 89' lang='lat' dir='ltr'><strong>loeo</strong></span> <span class='ocrx_word' id='word_1_339' title='bbox 865 4086 901 4130; x_wconf 88' lang='lat' dir='ltr'><strong>ea</strong></span> <span class='ocrx_word' id='word_1_340' title='bbox 916 4067 1037 4145; x_wconf 86' lang='lat' dir='ltr'><strong>debant,</strong></span> <span class='ocrx_word' id='word_1_341' title='bbox 1055 4088 1132 4150; x_wconf 90' lang='lat' dir='ltr'><strong>quae</strong></span> <span class='ocrx_word' id='word_1_342' title='bbox 1148 4068 1220 4132; x_wconf 79' lang='lat' dir='ltr'><strong>sol)-</strong></span> 
     </span>
     <span class='ocr_line' id='line_1_39' title="bbox 98 4162 1219 4252; baseline 0 -22"><span class='ocrx_word' id='word_1_343' title='bbox 98 4168 173 4234; x_wconf 85' lang='lat' dir='ltr'><strong>ieeta</strong></span> <span class='ocrx_word' id='word_1_344' title='bbox 193 4181 285 4247; x_wconf 83' lang='lat' dir='ltr'><strong>aunt,</strong></span> <span class='ocrx_word' id='word_1_345' title='bbox 301 4189 398 4252; x_wconf 69' lang='lat' dir='ltr'><strong>nequ</strong></span> <span class='ocrx_word' id='word_1_346' title='bbox 421 4168 588 4252; x_wconf 73' lang='lat' dir='ltr'><strong>posteriore</strong></span> <span class='ocrx_word' id='word_1_347' title='bbox 603 4176 748 4250; x_wconf 86' lang='lat' dir='ltr'><strong>tempore.</strong></span> <span class='ocrx_word' id='word_1_348' title='bbox 773 4162 922 4250; x_wconf 84' lang='lat' dir='ltr'><strong>Scriptum</strong></span> <span class='ocrx_word' id='word_1_349' title='bbox 939 4179 986 4232; x_wconf 83' lang='lat' dir='ltr'><strong>eat</strong></span> <span class='ocrx_word' id='word_1_350' title='bbox 1000 4168 1042 4231; x_wconf 91' lang='lat' dir='ltr'><strong>ita</strong></span> <span class='ocrx_word' id='word_1_351' title='bbox 1056 4170 1087 4232; x_wconf 93' lang='lat' dir='ltr'><strong>in</strong></span> <span class='ocrx_word' id='word_1_352' title='bbox 1103 4169 1219 4232; x_wconf 77' lang='lat' dir='ltr'><strong>duobus</strong></span> 
     </span>
     <span class='ocr_line' id='line_1_40' title="bbox 98 4267 1219 4353; baseline -0.007 -14"><span class='ocrx_word' id='word_1_353' title='bbox 98 4271 299 4339; x_wconf 73' lang='lat' dir='ltr'><strong>deterioribus</strong></span> <span class='ocrx_word' id='word_1_354' title='bbox 321 4271 429 4347; x_wconf 89' lang='lat' dir='ltr'><strong>eodd.,</strong></span> <span class='ocrx_word' id='word_1_355' title='bbox 451 4268 484 4334; x_wconf 94' lang='lat' dir='ltr'><strong>in</strong></span> <span class='ocrx_word' id='word_1_356' title='bbox 504 4269 572 4333; x_wconf 85' lang='lat' dir='ltr'><strong>aliia</strong></span> <span class='ocrx_word' id='word_1_357' title='bbox 594 4268 793 4333; x_wconf 81' lang='lat' dir='ltr'><strong>deterioribus</strong></span> <span class='ocrx_word' id='word_1_358' title='bbox 815 4270 926 4353; x_wconf 75' lang='lat' dir='ltr'><strong>legitor</strong></span> <span class='ocrx_word' id='word_1_359' title='bbox 949 4269 1073 4351; x_wconf 88' lang='lat' dir='ltr'><strong>‘inque&#39;‚</strong></span> <span class='ocrx_word' id='word_1_360' title='bbox 1098 4272 1130 4333; x_wconf 93' lang='lat' dir='ltr'><strong>in</strong></span> <span class='ocrx_word' id='word_1_361' title='bbox 1145 4267 1219 4331; x_wconf 86' lang='lat' dir='ltr'><strong>Par.</strong></span> 
     </span>
    </p>
   </div>
   <div class='ocr_carea' id='block_1_4' title="bbox 0 0 1350 4688">
    <p class='ocr_par' dir='ltr' id='par_1_5' title="bbox 0 0 1350 4688">
     <span class='ocr_line' id='line_1_41' title="bbox 0 0 1350 4688; baseline 0 0"><span class='ocrx_word' id='word_1_362' title='bbox 0 0 1350 4688; x_wconf 95' lang='lat' dir='ltr'><strong> </strong></span> 
     </span>
    </p>
   </div>
  </div>
 </body>
</html>
