2684 4694
73 214 140 285 666
521 206 653 275 BELLl
675 205 864 274 nrntcnu

132 386 290 452 mundatis
306 383 368 467 ipse
385 401 490 444 nauem
507 383 683 446 conscendit
698 405 727 446 a.
745 381 774 443 d.
792 390 825 442 Vt
842 376 912 441 ital.
929 376 996 441 lan.
1014 389 1045 442 et
1060 379 1193 463 reliquas
1210 404 1267 446 ua-

97 488 186 554 5ues
210 488 309 551 statim
334 496 379 549 est
402 496 593 547 consecutus
625 483 671 547 lta
694 492 785 548 uento
802 493 886 545 certo
902 481 1053 564 celerique
1070 484 1193 567 nauigio
1209 507 1264 550 ne-

133 603 199 657 ctus
224 599 292 673 post
313 588 390 651 diem
406 599 543 669 quartum
559 609 624 651 cum
641 586 738 669 longis
754 585 856 669 paucis
873 584 1001 649 nauibus
1016 584 1048 647 in
1064 600 1259 672 conspectum

132 693 257 757 Alricae
273 689 357 754 uenit
368 715 376 752 i
389 711 514 772 numque
531 689 689 753 onerariae
703 688 897 772 reliquaeque
912 697 1034 770 praeter
1044 708 1154 771 paucas
1167 701 1261 753 uento

96 793 117 858 (i
132 796 284 879 dispersae
300 804 388 874 atque
404 790 590 855 errabundae
606 793 723 855 diuersa
737 793 803 854 loca
819 791 979 873 petierunt.
1003 785 1145 875 Clupeam
1158 793 1258 857 classe
1281 805 1297 856 t

133 895 385 981 praeteruehitur‚
403 894 471 956 dein
485 892 662 978 Neapolim3
681 893 830 975 complura
848 903 1005 976 praeterea
1021 893 1144 957 castella
1159 904 1191 957 et
1207 916 1261 978 op·

95 997 198 1083 8pida
219 1019 278 1060 uon
302 997 390 1078 longe
412 1017 430 1058 a
452 995 528 1058 mari
550 997 679 1078 reliquit.
712 993 874 1077 Postquam
897 994 1092 1058 Adrumetum
1112 997 1256 1074 accessit,

131 1100 180 1163 ubi
196 1100 374 1182 praesidium
391 1108 457 1162 erat
471 1098 723 1176 aduersariorum,
741 1097 790 1161 cui
807 1107 946 1181 praeerat
954 1093 990 1160 C.
1000 1096 1173 1176 Considius,
1190 1108 1223 1160 et
1237 1119 1257 1160 a

133 1195 255 1284 Clupeis
271 1200 432 1263 secundum
448 1220 531 1264 oram
547 1200 734 1264 maritumam
751 1221 817 1263 cum
834 1200 968 1282 equitatu
982 1198 1177 1263 Adrumetum
1194 1197 1255 1263 Cn.

95 1300 215 1378 2Pis0,
233 1324 299 1366 cum
310 1300 487 1366 Maurorum
503 1302 622 1366 circiter
638 1303 732 1366 tribus
748 1302 877 1379 milibus,
891 1302 1037 1385 apparuit,
1048 1301 1087 1365 ibi
1103 1301 1257 1386 paulisper
1282 1313 1313 1367 to

132 1402 248 1471 Caesar
263 1415 333 1467 ante
349 1415 466 1490 portum
482 1416 695 1484 commoratus,
705 1404 772 1468 dum
789 1404 922 1487 reliquae
937 1424 1029 1467 naues
1041 1403 1254 1483 conuenirent,

130 1508 256 1590 exponit
278 1507 467 1587 exercitum,
491 1508 574 1571 cuius
598 1528 739 1572 numerus
762 1508 793 1570 in
815 1505 983 1591 praesentia
999 1505 1054 1568 luit
1069 1506 1202 1590 peditum
1218 1514 1255 1569 111

129 1608 230 1684 milia,
257 1607 371 1689 equites
387 1619 447 1687 ch,
471 1610 637 1691 castrisque
665 1621 736 1674 ante
765 1611 900 1694 oppidum
928 1608 1032 1691 positis
1054 1606 1120 1670 sine
1141 1606 1255 1669 iniuria

95 1705 115 1773 3
131 1710 306 1792 cuiusquam
322 1711 459 1775 consedit
473 1710 649 1795 cobibetque
665 1732 769 1776 omnes
785 1734 802 1775 a
817 1709 936 1796 praeda.
964 1706 1113 1794 Oppidani
1127 1708 1252 1771 iuterim

130 1832 232 1877 muros
253 1814 377 1879 armatis
399 1815 566 1898 complent,
591 1824 662 1878 ante
678 1824 794 1899 portam
811 1815 978 1897 frequentes
993 1810 1152 1875 considunt
1167 1810 1206 1872 ad
1221 1830 1256 1874 se
1281 1820 1312 1874 ts

129 1914 369 1996 defendendum
399 1937 524 1998 quorum
553 1938 694 1981 uumerus
724 1917 846 1981 duarum
875 1916 1024 2000 legionum
1053 1912 1151 1978 instar
1174 1921 1254 1976 erat.

93 2016 114 2081 4
130 2011 248 2081 Caesar
259 2015 369 2080 circum
382 2018 517 2103 oppidum
529 2032 634 2084 uectus
646 2029 751 2084 natura
763 2020 820 2083 loci
833 2030 988 2104 perspecta
998 2016 1087 2082 rediit
1098 2018 1129 2081 in
1141 2025 1253 2079 eastra.

128 2113 291 2183 Nouuemo
307 2121 411 2204 culpae
426 2122 492 2186 eius
507 2121 773 2207 inprudentiueque
787 2121 977 2205 adsignabat,
988 2120 1064 2202 quad
1081 2137 1175 2201 neque
1185 2137 1254 2181 eer-

129 2228 190 2283 tum
211 2221 310 2287 locum
326 2224 577 2306 gubernatoribus
591 2225 827 2309 praefectisque,
852 2245 937 2307 quem
954 2232 1109 2307 peterent,
1130 2238 1253 2303 praece-

128 2333 233 2406 perat,
257 2346 373 2407 neque,
396 2337 430 2389 ut
444 2348 527 2390 more
542 2328 636 2410 ipsius
651 2328 836 2390 cousuetudo
851 2324 1055 2409 superioribus
1072 2320 1255 2406 temporibus
1276 2329 1310 2386 2⁰

128 2423 238 2502 iuerat,
256 2425 380 2490 tabellas
395 2429 529 2514 signatas
545 2429 679 2508 dederat,
695 2428 772 2492 utin
789 2440 921 2511 tempore
936 2428 982 2492 bis
997 2426 1138 2513 perlectis
1154 2425 1253 2488 locum

93 2524 243 2589 boertum
273 2539 412 2610 peterent
440 2531 586 2595 uniuersi.
634 2530 721 2613 Quod
753 2532 873 2595 minime
896 2526 1059 2595 Caesarem
1090 2527 1250 2592 lelellerat.

125 2624 266 2712 Namque
289 2629 401 2694 nullum
421 2644 538 2716 portum
553 2642 654 2698 terrae
670 2634 814 2712 Africae,
840 2655 897 2718 quo
914 2634 1027 2697 classes
1042 2631 1250 2708 decurrerent,

126 2752 180 2816 pro
204 2744 285 2796 certo
310 2745 404 2798 tutum
427 2736 464 2799 ab
480 2735 610 2801 bostium
625 2737 774 2821 praesidio
791 2737 855 2800 lore
871 2734 1095 2819 suspicabatur,
1120 2732 1174 2796 sed
1189 2733 1252 2794 for-

89 2831 202 2904 ituito
218 2837 345 2901 oblatam
361 2839 548 2903 occasionem
565 2860 708 2924 egressus
723 2838 935 2922 aucupabatur.
970 2834 1010 2900 L.
1026 2833 1163 2899 Plancus.
1173 2834 1252 2896 intc-
1274 2843 1308 2897 25

124 2938 180 3002 rim
196 2937 311 3024 legatus
327 2941 402 3026 petit
416 2938 589 3018 aCaesare,
608 2943 651 3006 uti
666 2941 722 3007 sibi
738 2942 823 3006 deret
837 2949 1012 3027 potestatem
1028 2959 1092 3002 cum
1102 2935 1250 3000 Considio

234 3125 246 3175 1
262 3126 392 3180 mandatis
405 3141 459 3180 orn.
473 3142 490 3177 a
504 3127 519 3177 b
532 3142 546 3176 e
558 3125 585 3178 d.
692 3126 747 3192 ipse
761 3139 839 3176 naues
854 3125 877 3175 b.
984 3139 1009 3173 a.
1025 3121 1050 3172 d.
1064 3117 1201 3184 Scaliger,
1216 3116 1250 3166 ad

124 3197 342 3265 ⁰⁶‘ld-Plt'07'08·
455 3201 601 3255 inlitu-a·
710 3203 879 3258 2seeutusb.
985 3196 1247 3266 aquantume‘mse.

122 3275 158 3343 2’,
173 3287 290 3345 quartam
304 3296 332 3332 u.
440 3284 456 3334 l
470 3283 638 3349 reliquaeque
651 3295 710 3348 ego,
725 3281 841 3348 reliquae
855 3278 931 3330 codd.
943 3279 974 3329 Ρ.
988 3279 1050 3332 202.
1154 3274 1251 3340 speet-

123 3365 219 3408 nerunt
233 3358 255 3408 b.
380 3360 467 3410 lidein
481 3376 497 3409 a
512 3362 535 3424 b,
551 3361 645 3412 deinde
658 3363 770 3426 reliqui.
888 3359 903 3411 7
917 3359 1025 3425 reliquit
1038 3373 1054 3407 u
1070 3357 1142 3406 ‘ansa
1157 3354 1191 3418 l',
1208 3369 1251 3404 re-

123 3433 217 3500 linquit
230 3452 258 3484 u,
399 3455 522 3506 posquam
535 3456 561 3490 a.
702 3439 887 3490 Adrumentum
903 3439 976 3489 ‘mee
988 3436 1112 3502 plerique
1124 3431 1248 3498 semper’.

232 3513 247 3563 9
261 3514 422 3566 maritumam
436 3533 462 3567 a.
620 3517 789 3569 Adrumetum
804 3534 820 3567 a
834 3522 861 3567 ei
872 3520 912 3567 sic
926 3517 983 3566 ‘reu
994 3514 1190 3566 Adrumentum'
1206 3514 1250 3565 bi

123 3588 203 3655 cleti,
216 3590 354 3644 Adrumeti
368 3610 394 3645 u.
408 3596 438 3646 Ρ.
453 3596 512 3650 202.
645 3597 677 3647 10
690 3595 840 3647 blancorum
853 3593 984 3659 Scaliger,
997 3590 1088 3643 Mauro
1101 3607 1135 3650 a;
1149 3587 1250 3640 Mauris

124 3669 198 3720 ‘mse
213 3671 324 3722 omnee'.
443 3672 473 3723 13
487 3670 588 3738 equites
602 3689 619 3723 a
632 3673 647 3723 3
661 3672 740 3736 deit,
755 3673 911 3738 equitumue.
1028 3668 1059 3720 15
1071 3673 1171 3732 portam
1185 3667 1248 3716 eod.

124 3744 274 3811 ciacconii,
289 3756 389 3815 portum
403 3749 514 3813 reliqui.
630 3749 795 3800 considente
809 3765 832 3798 c.
953 3747 983 3798 ld
996 3746 1079 3797 instar
1092 3742 1250 3807 Walcbius‚

122 3822 193 3873 intus
207 3826 284 3876 codd.
391 3828 423 3879 17
437 3827 516 3877 rediit
528 3842 545 3877 α
559 3828 632 3880 ‘msa
647 3828 682 3891 2’‚
696 3829 807 3879 reditu.
916 3823 1188 3892 tetepruaenttaeque
1202 3824 1249 3873 ad-

122 3898 244 3961 signebet
255 3916 281 3950 a.
417 3913 516 3955 certum
529 3903 612 3955 locum
626 3904 724 3968 Atius,
739 3904 836 3955 circum
851 3905 909 3953 loen
921 3903 998 3953 codd.
1128 3901 1160 3952 ts
1174 3913 1249 3965 quem

121 3972 283 4040 Stepnanns,
297 3981 357 4044 quid
371 3981 449 4033 codd.
614 3984 648 4034 ‘20
660 3998 730 4034 more
744 3982 826 4049 ipsius
839 3982 1000 4032 consuetudo
1013 3997 1030 4030 a
1044 3997 1058 4030 c
1070 3981 1085 4032 b
1099 3979 1177 4040 dett,
1192 3992 1248 4027 mos

121 4050 203 4116 ipsius
217 4057 378 4106 consuetudo
393 4059 424 4118 b,·
439 4072 493 4107 mos
507 4058 588 4124 ipsius
603 4060 814 4126 consuetudoque
828 4058 1002 4110 Vaacasauue
1015 4073 1043 4107 u.
1155 4055 1186 4110 21
1202 4055 1248 4104 de·

121 4126 224 4179 diderat
236 4146 263 4180 a.
380 4133 420 4183 bis
433 4149 449 4183 a
463 4134 522 4184 edd.
533 4139 651 4200 priores,
666 4136 699 4187 iis
711 4137 743 4188 P.
757 4137 901 4189 Manutius
914 4151 941 4186 u.
1062 4134 1097 4188 it
1110 4131 1218 4184 lortuito
1232 4148 1248 4182 a

121 4220 145 4270 e,
154 4205 262 4259 lortuito
276 4224 339 4261 casu
353 4211 504 4274 b3lortuitu
517 4214 590 4265 ‘ruse
602 4215 743 4282 plerique’.
851 4216 884 4272 26
894 4215 932 4267 uti
945 4214 985 4282 (a)
996 4215 1020 4280 b,
1031 4230 1084 4267 nou
1098 4220 1136 4266 ut.

117 4292 278 4354 patestatem
291 4307 308 4343 a
322 4291 345 4359 b,
362 4290 515 4345 facultatem
529 4308 555 4344 u.
