<?xml version="1.0" encoding="UTF-8"?>
<!DOCTYPE html PUBLIC "-//W3C//DTD XHTML 1.0 Transitional//EN"
    "http://www.w3.org/TR/xhtml1/DTD/xhtml1-transitional.dtd">
<html xmlns="http://www.w3.org/1999/xhtml" xml:lang="en" lang="en">
 <head>
  <title>
</title>
<meta http-equiv="Content-Type" content="text/html;charset=utf-8" />
  <meta name='ocr-system' content='tesseract 3.04.00' />
  <meta name='ocr-capabilities' content='ocr_page ocr_carea ocr_par ocr_line ocrx_word'/>
</head>
<body>
  <div class='ocr_page' id='page_1' title='image "./civliicaesarisc02hirtgoog_0642.png"; bbox 0 0 2692 4688; ppageno 0'>
   <div class='ocr_carea' id='block_1_1' title="bbox 530 184 1311 259">
    <p class='ocr_par' dir='ltr' id='par_1_1' title="bbox 530 184 1311 259">
     <span class='ocr_line' id='line_1_1' title="bbox 530 184 1311 259; baseline 0.008 -6"><span class='ocrx_word' id='word_1_1' title='bbox 530 184 841 256; x_wconf 69' lang='lat' dir='ltr'><strong>cervale-at.</strong></span> <span class='ocrx_word' id='word_1_2' title='bbox 1246 188 1311 259; x_wconf 77' lang='lat' dir='ltr'><strong>dat</strong></span> 
     </span>
    </p>
   </div>
   <div class='ocr_carea' id='block_1_2' title="bbox 78 358 1304 3617">
    <p class='ocr_par' dir='ltr' id='par_1_2' title="bbox 78 358 1304 3617">
     <span class='ocr_line' id='line_1_2' title="bbox 127 358 1246 444; baseline 0.003 -20"><span class='ocrx_word' id='word_1_3' title='bbox 127 360 225 444; x_wconf 82' lang='lat' dir='ltr'><strong>lisque</strong></span> <span class='ocrx_word' id='word_1_4' title='bbox 248 358 421 436; x_wconf 83' lang='lat' dir='ltr'><strong>ordinibus,</strong></span> <span class='ocrx_word' id='word_1_5' title='bbox 443 359 510 422; x_wconf 88' lang='lat' dir='ltr'><strong>sine</strong></span> <span class='ocrx_word' id='word_1_6' title='bbox 531 360 649 422; x_wconf 84' lang='lat' dir='ltr'><strong>ratione</strong></span> <span class='ocrx_word' id='word_1_7' title='bbox 669 360 862 443; x_wconf 74' lang='lat' dir='ltr'><strong>prodierant,</strong></span> <span class='ocrx_word' id='word_1_8' title='bbox 891 360 935 423; x_wconf 87' lang='lat' dir='ltr'><strong>sic</strong></span> <span class='ocrx_word' id='word_1_9' title='bbox 963 370 1077 426; x_wconf 85' lang='lat' dir='ltr'><strong>tenere</strong></span> <span class='ocrx_word' id='word_1_10' title='bbox 1096 363 1129 427; x_wconf 88' lang='lat' dir='ltr'><strong>iu</strong></span> <span class='ocrx_word' id='word_1_11' title='bbox 1149 382 1246 427; x_wconf 89' lang='lat' dir='ltr'><strong>naues</strong></span> 
     </span>
     <span class='ocr_line' id='line_1_3' title="bbox 126 458 1283 547; baseline 0.003 -20"><span class='ocrx_word' id='word_1_12' title='bbox 126 465 231 547; x_wconf 85' lang='lat' dir='ltr'><strong>lugere</strong></span> <span class='ocrx_word' id='word_1_13' title='bbox 248 470 422 542; x_wconf 88' lang='lat' dir='ltr'><strong>coeperunt.</strong></span> <span class='ocrx_word' id='word_1_14' title='bbox 441 458 575 541; x_wconf 79' lang='lat' dir='ltr'><strong>Quorum</strong></span> <span class='ocrx_word' id='word_1_15' title='bbox 592 463 660 546; x_wconf 87' lang='lat' dir='ltr'><strong>luga</strong></span> <span class='ocrx_word' id='word_1_16' title='bbox 675 462 792 526; x_wconf 89' lang='lat' dir='ltr'><strong>incitati</strong></span> <span class='ocrx_word' id='word_1_17' title='bbox 807 461 1006 526; x_wconf 74' lang='lat' dir='ltr'><strong>Alexandrini</strong></span> <span class='ocrx_word' id='word_1_18' title='bbox 1021 464 1123 547; x_wconf 89' lang='lat' dir='ltr'><strong>plures</strong></span> <span class='ocrx_word' id='word_1_19' title='bbox 1138 486 1178 529; x_wconf 88' lang='lat' dir='ltr'><strong>ex</strong></span> <span class='ocrx_word' id='word_1_20' title='bbox 1194 485 1246 530; x_wconf 92' lang='lat' dir='ltr'><strong>na·</strong></span> <span class='ocrx_word' id='word_1_21' title='bbox 1261 464 1283 529; x_wconf 82' lang='lat' dir='ltr'><strong>-l</strong></span> 
     </span>
     <span class='ocr_line' id='line_1_4' title="bbox 125 562 1244 648; baseline 0 -20"><span class='ocrx_word' id='word_1_22' title='bbox 125 565 214 628; x_wconf 89' lang='lat' dir='ltr'><strong>uibus</strong></span> <span class='ocrx_word' id='word_1_23' title='bbox 236 562 468 645; x_wconf 78' lang='lat' dir='ltr'><strong>egrediebamur</strong></span> <span class='ocrx_word' id='word_1_24' title='bbox 487 575 665 647; x_wconf 89' lang='lat' dir='ltr'><strong>nostrosque</strong></span> <span class='ocrx_word' id='word_1_25' title='bbox 681 564 779 627; x_wconf 84' lang='lat' dir='ltr'><strong>aerius</strong></span> <span class='ocrx_word' id='word_1_26' title='bbox 794 564 983 648; x_wconf 86' lang='lat' dir='ltr'><strong>perturbatos</strong></span> <span class='ocrx_word' id='word_1_27' title='bbox 999 565 1244 648; x_wconf 77' lang='lat' dir='ltr'><strong>insequebantur.</strong></span> 
     </span>
     <span class='ocr_line' id='line_1_5' title="bbox 125 664 1248 751; baseline 0 -21"><span class='ocrx_word' id='word_1_28' title='bbox 125 664 235 741; x_wconf 87' lang='lat' dir='ltr'><strong>Simul,</strong></span> <span class='ocrx_word' id='word_1_29' title='bbox 253 666 301 748; x_wconf 90' lang='lat' dir='ltr'><strong>qui</strong></span> <span class='ocrx_word' id='word_1_30' title='bbox 318 665 347 726; x_wconf 91' lang='lat' dir='ltr'><strong>in</strong></span> <span class='ocrx_word' id='word_1_31' title='bbox 364 664 491 729; x_wconf 90' lang='lat' dir='ltr'><strong>nauibus</strong></span> <span class='ocrx_word' id='word_1_32' title='bbox 506 665 604 750; x_wconf 90' lang='lat' dir='ltr'><strong>longis</strong></span> <span class='ocrx_word' id='word_1_33' title='bbox 618 677 845 744; x_wconf 88' lang='lat' dir='ltr'><strong>remanserant,</strong></span> <span class='ocrx_word' id='word_1_34' title='bbox 862 667 959 731; x_wconf 88' lang='lat' dir='ltr'><strong>scalas</strong></span> <span class='ocrx_word' id='word_1_35' title='bbox 975 688 1081 751; x_wconf 91' lang='lat' dir='ltr'><strong>rapere</strong></span> <span class='ocrx_word' id='word_1_36' title='bbox 1096 686 1248 749; x_wconf 90' lang='lat' dir='ltr'><strong>nauesque</strong></span> 
     </span>
     <span class='ocr_line' id='line_1_6' title="bbox 87 765 1284 854; baseline -0.001 -22"><span class='ocrx_word' id='word_1_37' title='bbox 87 780 103 832; x_wconf 76' lang='lat' dir='ltr'><strong>t</strong></span> <span class='ocrx_word' id='word_1_38' title='bbox 127 790 145 832; x_wconf 92' lang='lat' dir='ltr'><strong>a</strong></span> <span class='ocrx_word' id='word_1_39' title='bbox 162 779 244 832; x_wconf 91' lang='lat' dir='ltr'><strong>terra</strong></span> <span class='ocrx_word' id='word_1_40' title='bbox 259 768 405 850; x_wconf 75' lang='lat' dir='ltr'><strong>repellere</strong></span> <span class='ocrx_word' id='word_1_41' title='bbox 420 767 631 850; x_wconf 87' lang='lat' dir='ltr'><strong>properabant,</strong></span> <span class='ocrx_word' id='word_1_42' title='bbox 650 788 688 832; x_wconf 92' lang='lat' dir='ltr'><strong>ne</strong></span> <span class='ocrx_word' id='word_1_43' title='bbox 703 768 805 833; x_wconf 91' lang='lat' dir='ltr'><strong>bostes</strong></span> <span class='ocrx_word' id='word_1_44' title='bbox 821 769 947 833; x_wconf 89' lang='lat' dir='ltr'><strong>nauibus</strong></span> <span class='ocrx_word' id='word_1_45' title='bbox 963 771 1142 854; x_wconf 73' lang='lat' dir='ltr'><strong>potirentur.</strong></span> <span class='ocrx_word' id='word_1_46' title='bbox 1175 765 1284 851; x_wconf 79' lang='lat' dir='ltr'><strong>Qui-5</strong></span> 
     </span>
     <span class='ocr_line' id='line_1_7' title="bbox 123 868 1248 954; baseline 0.001 -19"><span class='ocrx_word' id='word_1_47' title='bbox 123 872 181 935; x_wconf 91' lang='lat' dir='ltr'><strong>bus</strong></span> <span class='ocrx_word' id='word_1_48' title='bbox 197 868 333 933; x_wconf 89' lang='lat' dir='ltr'><strong>omnibus</strong></span> <span class='ocrx_word' id='word_1_49' title='bbox 348 868 438 932; x_wconf 90' lang='lat' dir='ltr'><strong>rebus</strong></span> <span class='ocrx_word' id='word_1_50' title='bbox 453 869 616 952; x_wconf 90' lang='lat' dir='ltr'><strong>perturbati</strong></span> <span class='ocrx_word' id='word_1_51' title='bbox 632 870 742 935; x_wconf 85' lang='lat' dir='ltr'><strong>milites</strong></span> <span class='ocrx_word' id='word_1_52' title='bbox 758 873 856 936; x_wconf 89' lang='lat' dir='ltr'><strong>nostri</strong></span> <span class='ocrx_word' id='word_1_53' title='bbox 872 872 1036 935; x_wconf 87' lang='lat' dir='ltr'><strong>cobortium</strong></span> <span class='ocrx_word' id='word_1_54' title='bbox 1053 872 1155 950; x_wconf 89' lang='lat' dir='ltr'><strong>trium,</strong></span> <span class='ocrx_word' id='word_1_55' title='bbox 1172 892 1248 954; x_wconf 85' lang='lat' dir='ltr'><strong>quac</strong></span> 
     </span>
     <span class='ocr_line' id='line_1_8' title="bbox 125 971 1247 1059; baseline -0.001 -22"><span class='ocrx_word' id='word_1_56' title='bbox 125 974 156 1037; x_wconf 93' lang='lat' dir='ltr'><strong>iu</strong></span> <span class='ocrx_word' id='word_1_57' title='bbox 173 983 264 1056; x_wconf 91' lang='lat' dir='ltr'><strong>ponte</strong></span> <span class='ocrx_word' id='word_1_58' title='bbox 279 992 315 1034; x_wconf 89' lang='lat' dir='ltr'><strong>ac</strong></span> <span class='ocrx_word' id='word_1_59' title='bbox 330 971 424 1054; x_wconf 90' lang='lat' dir='ltr'><strong>prima</strong></span> <span class='ocrx_word' id='word_1_60' title='bbox 440 971 518 1034; x_wconf 89' lang='lat' dir='ltr'><strong>mole</strong></span> <span class='ocrx_word' id='word_1_61' title='bbox 534 972 745 1053; x_wconf 84' lang='lat' dir='ltr'><strong>constiterant,</strong></span> <span class='ocrx_word' id='word_1_62' title='bbox 763 995 828 1037; x_wconf 86' lang='lat' dir='ltr'><strong>cum</strong></span> <span class='ocrx_word' id='word_1_63' title='bbox 844 985 913 1059; x_wconf 91' lang='lat' dir='ltr'><strong>post</strong></span> <span class='ocrx_word' id='word_1_64' title='bbox 928 995 961 1037; x_wconf 89' lang='lat' dir='ltr'><strong>se</strong></span> <span class='ocrx_word' id='word_1_65' title='bbox 977 975 1136 1037; x_wconf 88' lang='lat' dir='ltr'><strong>clamorem</strong></span> <span class='ocrx_word' id='word_1_66' title='bbox 1153 994 1247 1038; x_wconf 84' lang='lat' dir='ltr'><strong>exau·</strong></span> 
     </span>
     <span class='ocr_line' id='line_1_9' title="bbox 124 1075 1249 1159; baseline -0.002 -19"><span class='ocrx_word' id='word_1_67' title='bbox 124 1076 235 1151; x_wconf 91' lang='lat' dir='ltr'><strong>dirent,</strong></span> <span class='ocrx_word' id='word_1_68' title='bbox 248 1077 347 1158; x_wconf 87' lang='lat' dir='ltr'><strong>lugam</strong></span> <span class='ocrx_word' id='word_1_69' title='bbox 364 1092 486 1137; x_wconf 85' lang='lat' dir='ltr'><strong>suorum</strong></span> <span class='ocrx_word' id='word_1_70' title='bbox 503 1075 797 1159; x_wconf 84' lang='lat' dir='ltr'><strong>uiderent,magua1u</strong></span> <span class='ocrx_word' id='word_1_71' title='bbox 812 1077 874 1140; x_wconf 91' lang='lat' dir='ltr'><strong>uim</strong></span> <span class='ocrx_word' id='word_1_72' title='bbox 890 1077 1015 1141; x_wconf 86' lang='lat' dir='ltr'><strong>telorum</strong></span> <span class='ocrx_word' id='word_1_73' title='bbox 1027 1077 1144 1139; x_wconf 89' lang='lat' dir='ltr'><strong>aduersi</strong></span> <span class='ocrx_word' id='word_1_74' title='bbox 1158 1076 1249 1139; x_wconf 90' lang='lat' dir='ltr'><strong>susti·</strong></span> 
     </span>
     <span class='ocr_line' id='line_1_10' title="bbox 125 1174 1247 1260; baseline 0 -19"><span class='ocrx_word' id='word_1_75' title='bbox 125 1186 248 1255; x_wconf 89' lang='lat' dir='ltr'><strong>nerent,</strong></span> <span class='ocrx_word' id='word_1_76' title='bbox 273 1176 384 1252; x_wconf 90' lang='lat' dir='ltr'><strong>ueriti,</strong></span> <span class='ocrx_word' id='word_1_77' title='bbox 410 1196 449 1238; x_wconf 90' lang='lat' dir='ltr'><strong>ue</strong></span> <span class='ocrx_word' id='word_1_78' title='bbox 471 1174 507 1238; x_wconf 90' lang='lat' dir='ltr'><strong>ab</strong></span> <span class='ocrx_word' id='word_1_79' title='bbox 524 1187 609 1260; x_wconf 86' lang='lat' dir='ltr'><strong>tergo</strong></span> <span class='ocrx_word' id='word_1_80' title='bbox 625 1177 915 1242; x_wconf 87' lang='lat' dir='ltr'><strong>circumuenirentur</strong></span> <span class='ocrx_word' id='word_1_81' title='bbox 929 1190 961 1243; x_wconf 91' lang='lat' dir='ltr'><strong>et</strong></span> <span class='ocrx_word' id='word_1_82' title='bbox 976 1180 1110 1243; x_wconf 88' lang='lat' dir='ltr'><strong>discessu</strong></span> <span class='ocrx_word' id='word_1_83' title='bbox 1128 1179 1247 1242; x_wconf 72' lang='lat' dir='ltr'><strong>nemum</strong></span> 
     </span>
     <span class='ocr_line' id='line_1_11' title="bbox 78 1276 1247 1365; baseline -0.001 -22"><span class='ocrx_word' id='word_1_84' title='bbox 78 1291 103 1343; x_wconf 83' lang='lat' dir='ltr'><strong>tu</strong></span> <span class='ocrx_word' id='word_1_85' title='bbox 125 1280 244 1343; x_wconf 82' lang='lat' dir='ltr'><strong>omnino</strong></span> <span class='ocrx_word' id='word_1_86' title='bbox 259 1279 356 1341; x_wconf 89' lang='lat' dir='ltr'><strong>reditu</strong></span> <span class='ocrx_word' id='word_1_87' title='bbox 372 1276 656 1357; x_wconf 88' lang='lat' dir='ltr'><strong>intercluderentur,</strong></span> <span class='ocrx_word' id='word_1_88' title='bbox 667 1281 859 1345; x_wconf 85' lang='lat' dir='ltr'><strong>munitionem</strong></span> <span class='ocrx_word' id='word_1_89' title='bbox 874 1281 905 1345; x_wconf 89' lang='lat' dir='ltr'><strong>iu</strong></span> <span class='ocrx_word' id='word_1_90' title='bbox 918 1292 1009 1365; x_wconf 90' lang='lat' dir='ltr'><strong>ponte</strong></span> <span class='ocrx_word' id='word_1_91' title='bbox 1020 1281 1187 1345; x_wconf 87' lang='lat' dir='ltr'><strong>institutam</strong></span> <span class='ocrx_word' id='word_1_92' title='bbox 1199 1301 1247 1343; x_wconf 90' lang='lat' dir='ltr'><strong>re·</strong></span> 
     </span>
     <span class='ocr_line' id='line_1_12' title="bbox 126 1380 1283 1464; baseline 0 -19"><span class='ocrx_word' id='word_1_93' title='bbox 126 1382 277 1463; x_wconf 83' lang='lat' dir='ltr'><strong>liquerunt</strong></span> <span class='ocrx_word' id='word_1_94' title='bbox 290 1391 322 1443; x_wconf 92' lang='lat' dir='ltr'><strong>et</strong></span> <span class='ocrx_word' id='word_1_95' title='bbox 337 1400 445 1463; x_wconf 85' lang='lat' dir='ltr'><strong>magno</strong></span> <span class='ocrx_word' id='word_1_96' title='bbox 462 1400 553 1443; x_wconf 87' lang='lat' dir='ltr'><strong>cursu</strong></span> <span class='ocrx_word' id='word_1_97' title='bbox 568 1381 682 1445; x_wconf 89' lang='lat' dir='ltr'><strong>incitati</strong></span> <span class='ocrx_word' id='word_1_98' title='bbox 698 1382 735 1446; x_wconf 87' lang='lat' dir='ltr'><strong>ad</strong></span> <span class='ocrx_word' id='word_1_99' title='bbox 748 1404 842 1446; x_wconf 90' lang='lat' dir='ltr'><strong>naues</strong></span> <span class='ocrx_word' id='word_1_100' title='bbox 855 1385 1084 1447; x_wconf 89' lang='lat' dir='ltr'><strong>contenderunt.</strong></span> <span class='ocrx_word' id='word_1_101' title='bbox 1111 1380 1247 1464; x_wconf 85' lang='lat' dir='ltr'><strong>Quorum</strong></span> <span class='ocrx_word' id='word_1_102' title='bbox 1262 1380 1283 1445; x_wconf 80' lang='lat'><strong>6</strong></span> 
     </span>
     <span class='ocr_line' id='line_1_13' title="bbox 126 1483 1249 1569; baseline -0.001 -22"><span class='ocrx_word' id='word_1_103' title='bbox 126 1502 196 1569; x_wconf 84' lang='lat' dir='ltr'><strong>pars</strong></span> <span class='ocrx_word' id='word_1_104' title='bbox 216 1483 369 1567; x_wconf 88' lang='lat' dir='ltr'><strong>proximas</strong></span> <span class='ocrx_word' id='word_1_105' title='bbox 391 1494 480 1545; x_wconf 87' lang='lat' dir='ltr'><strong>nacta</strong></span> <span class='ocrx_word' id='word_1_106' title='bbox 503 1501 596 1545; x_wconf 88' lang='lat' dir='ltr'><strong>naues</strong></span> <span class='ocrx_word' id='word_1_107' title='bbox 618 1484 804 1548; x_wconf 89' lang='lat' dir='ltr'><strong>multitudine</strong></span> <span class='ocrx_word' id='word_1_108' title='bbox 820 1485 970 1548; x_wconf 88' lang='lat' dir='ltr'><strong>bominum</strong></span> <span class='ocrx_word' id='word_1_109' title='bbox 986 1495 1075 1568; x_wconf 80' lang='lat' dir='ltr'><strong>atque</strong></span> <span class='ocrx_word' id='word_1_110' title='bbox 1090 1503 1182 1548; x_wconf 91' lang='lat' dir='ltr'><strong>onere</strong></span> <span class='ocrx_word' id='word_1_111' title='bbox 1197 1486 1249 1547; x_wconf 91' lang='lat' dir='ltr'><strong>de-</strong></span> 
     </span>
     <span class='ocr_line' id='line_1_14' title="bbox 126 1582 1248 1674; baseline 0.001 -26"><span class='ocrx_word' id='word_1_112' title='bbox 126 1604 230 1670; x_wconf 86' lang='lat' dir='ltr'><strong>pressa</strong></span> <span class='ocrx_word' id='word_1_113' title='bbox 247 1594 313 1663; x_wconf 85' lang='lat' dir='ltr'><strong>cst,</strong></span> <span class='ocrx_word' id='word_1_114' title='bbox 338 1602 407 1668; x_wconf 85' lang='lat' dir='ltr'><strong>pars</strong></span> <span class='ocrx_word' id='word_1_115' title='bbox 421 1582 567 1649; x_wconf 86' lang='lat' dir='ltr'><strong>resistens</strong></span> <span class='ocrx_word' id='word_1_116' title='bbox 582 1596 614 1649; x_wconf 88' lang='lat' dir='ltr'><strong>et</strong></span> <span class='ocrx_word' id='word_1_117' title='bbox 627 1585 785 1661; x_wconf 88' lang='lat' dir='ltr'><strong>dubitans,</strong></span> <span class='ocrx_word' id='word_1_118' title='bbox 803 1589 871 1674; x_wconf 90' lang='lat' dir='ltr'><strong>quid</strong></span> <span class='ocrx_word' id='word_1_119' title='bbox 888 1596 972 1651; x_wconf 87' lang='lat' dir='ltr'><strong>esset</strong></span> <span class='ocrx_word' id='word_1_120' title='bbox 987 1586 1160 1670; x_wconf 84' lang='lat' dir='ltr'><strong>capiendum</strong></span> <span class='ocrx_word' id='word_1_121' title='bbox 1176 1604 1248 1649; x_wconf 88' lang='lat' dir='ltr'><strong>cou-</strong></span> 
     </span>
     <span class='ocr_line' id='line_1_15' title="bbox 125 1686 1283 1774; baseline 0.003 -24"><span class='ocrx_word' id='word_1_122' title='bbox 125 1686 197 1764; x_wconf 89' lang='lat' dir='ltr'><strong>silii,</strong></span> <span class='ocrx_word' id='word_1_123' title='bbox 213 1687 251 1750; x_wconf 88' lang='lat' dir='ltr'><strong>ab</strong></span> <span class='ocrx_word' id='word_1_124' title='bbox 267 1686 483 1751; x_wconf 78' lang='lat' dir='ltr'><strong>Alexandrinis</strong></span> <span class='ocrx_word' id='word_1_125' title='bbox 498 1689 657 1752; x_wconf 82' lang='lat' dir='ltr'><strong>interiecta</strong></span> <span class='ocrx_word' id='word_1_126' title='bbox 672 1698 737 1766; x_wconf 82' lang='lat' dir='ltr'><strong>est3</strong></span> <span class='ocrx_word' id='word_1_127' title='bbox 756 1690 890 1753; x_wconf 83' lang='lat' dir='ltr'><strong>norrnulli</strong></span> <span class='ocrx_word' id='word_1_128' title='bbox 902 1690 1037 1754; x_wconf 81' lang='lat' dir='ltr'><strong>feliciore</strong></span> <span class='ocrx_word' id='word_1_129' title='bbox 1053 1688 1138 1753; x_wconf 88' lang='lat' dir='ltr'><strong>exitu</strong></span> <span class='ocrx_word' id='word_1_130' title='bbox 1154 1688 1283 1774; x_wconf 82' lang='lat' dir='ltr'><strong>expe-7</strong></span> 
     </span>
     <span class='ocr_line' id='line_1_16' title="bbox 78 1789 1248 1874; baseline 0.003 -22"><span class='ocrx_word' id='word_1_131' title='bbox 78 1799 102 1852; x_wconf 82' lang='lat' dir='ltr'><strong>tt</strong></span> <span class='ocrx_word' id='word_1_132' title='bbox 125 1789 203 1853; x_wconf 85' lang='lat' dir='ltr'><strong>ditas</strong></span> <span class='ocrx_word' id='word_1_133' title='bbox 225 1791 262 1852; x_wconf 93' lang='lat' dir='ltr'><strong>ad</strong></span> <span class='ocrx_word' id='word_1_134' title='bbox 284 1810 424 1853; x_wconf 88' lang='lat' dir='ltr'><strong>ancoram</strong></span> <span class='ocrx_word' id='word_1_135' title='bbox 448 1808 541 1853; x_wconf 84' lang='lat' dir='ltr'><strong>naues</strong></span> <span class='ocrx_word' id='word_1_136' title='bbox 557 1792 712 1854; x_wconf 80' lang='lat' dir='ltr'><strong>consecuti</strong></span> <span class='ocrx_word' id='word_1_137' title='bbox 728 1791 894 1855; x_wconf 84' lang='lat' dir='ltr'><strong>incolumes</strong></span> <span class='ocrx_word' id='word_1_138' title='bbox 909 1790 1136 1868; x_wconf 84' lang='lat' dir='ltr'><strong>discesserunt,</strong></span> <span class='ocrx_word' id='word_1_139' title='bbox 1161 1793 1248 1874; x_wconf 88' lang='lat' dir='ltr'><strong>pauci</strong></span> 
     </span>
     <span class='ocr_line' id='line_1_17' title="bbox 126 1888 1248 1978; baseline 0 -23"><span class='ocrx_word' id='word_1_140' title='bbox 126 1890 275 1955; x_wconf 89' lang='lat' dir='ltr'><strong>adleuatis</strong></span> <span class='ocrx_word' id='word_1_141' title='bbox 290 1892 382 1955; x_wconf 90' lang='lat' dir='ltr'><strong>scutis</strong></span> <span class='ocrx_word' id='word_1_142' title='bbox 395 1902 427 1954; x_wconf 86' lang='lat' dir='ltr'><strong>et</strong></span> <span class='ocrx_word' id='word_1_143' title='bbox 440 1892 540 1955; x_wconf 88' lang='lat' dir='ltr'><strong>auimo</strong></span> <span class='ocrx_word' id='word_1_144' title='bbox 555 1891 591 1954; x_wconf 86' lang='lat' dir='ltr'><strong>ad</strong></span> <span class='ocrx_word' id='word_1_145' title='bbox 608 1893 773 1956; x_wconf 88' lang='lat' dir='ltr'><strong>conandum</strong></span> <span class='ocrx_word' id='word_1_146' title='bbox 789 1894 848 1956; x_wconf 90' lang='lat' dir='ltr'><strong>nisi</strong></span> <span class='ocrx_word' id='word_1_147' title='bbox 858 1888 900 1956; x_wconf 69' lang='lat' dir='ltr'><strong>&#39;ad</strong></span> <span class='ocrx_word' id='word_1_148' title='bbox 915 1894 1051 1977; x_wconf 84' lang='lat' dir='ltr'><strong>proxima</strong></span> <span class='ocrx_word' id='word_1_149' title='bbox 1063 1893 1183 1978; x_wconf 89' lang='lat' dir='ltr'><strong>nauigia</strong></span> <span class='ocrx_word' id='word_1_150' title='bbox 1194 1892 1248 1955; x_wconf 91' lang='lat' dir='ltr'><strong>ad·</strong></span> 
     </span>
     <span class='ocr_line' id='line_1_18' title="bbox 127 1989 1302 2081; baseline 0.008 -27"><span class='ocrx_word' id='word_1_151' title='bbox 127 2000 283 2055; x_wconf 85' lang='lat' dir='ltr'><strong>natarunt.</strong></span> <span class='ocrx_word' id='word_1_152' title='bbox 314 1989 447 2072; x_wconf 83' lang='lat' dir='ltr'><strong>Caesar,</strong></span> <span class='ocrx_word' id='word_1_153' title='bbox 472 1995 569 2078; x_wconf 91' lang='lat' dir='ltr'><strong>quoad</strong></span> <span class='ocrx_word' id='word_1_154' title='bbox 590 1994 686 2079; x_wconf 88' lang='lat' dir='ltr'><strong>potuit</strong></span> <span class='ocrx_word' id='word_1_155' title='bbox 708 1997 893 2060; x_wconf 86' lang='lat' dir='ltr'><strong>cohortando</strong></span> <span class='ocrx_word' id='word_1_156' title='bbox 916 2016 987 2059; x_wconf 88' lang='lat' dir='ltr'><strong>suos</strong></span> <span class='ocrx_word' id='word_1_157' title='bbox 1009 1997 1047 2059; x_wconf 89' lang='lat' dir='ltr'><strong>ad</strong></span> <span class='ocrx_word' id='word_1_158' title='bbox 1068 2003 1187 2081; x_wconf 88' lang='lat' dir='ltr'><strong>pontem</strong></span> <span class='ocrx_word' id='word_1_159' title='bbox 1210 2015 1247 2058; x_wconf 87' lang='lat' dir='ltr'><strong>ac</strong></span> <span class='ocrx_word' id='word_1_160' title='bbox 1263 1993 1302 2063; x_wconf 75' lang='lat'><strong>21</strong></span> 
     </span>
     <span class='ocr_line' id='line_1_19' title="bbox 126 2093 1246 2182; baseline 0.002 -25"><span class='ocrx_word' id='word_1_161' title='bbox 126 2093 305 2158; x_wconf 84' lang='lat' dir='ltr'><strong>munitiones</strong></span> <span class='ocrx_word' id='word_1_162' title='bbox 328 2097 502 2175; x_wconf 85' lang='lat' dir='ltr'><strong>continere,</strong></span> <span class='ocrx_word' id='word_1_163' title='bbox 526 2096 630 2160; x_wconf 88' lang='lat' dir='ltr'><strong>eodem</strong></span> <span class='ocrx_word' id='word_1_164' title='bbox 650 2099 682 2161; x_wconf 91' lang='lat' dir='ltr'><strong>in</strong></span> <span class='ocrx_word' id='word_1_165' title='bbox 705 2099 838 2182; x_wconf 90' lang='lat' dir='ltr'><strong>periculo</strong></span> <span class='ocrx_word' id='word_1_166' title='bbox 853 2111 991 2163; x_wconf 65' lang='lat' dir='ltr'><strong>uenatus</strong></span> <span class='ocrx_word' id='word_1_167' title='bbox 1006 2109 1072 2175; x_wconf 64' lang='lat' dir='ltr'><strong>esta</strong></span> <span class='ocrx_word' id='word_1_168' title='bbox 1090 2108 1246 2180; x_wconf 86' lang='lat' dir='ltr'><strong>postquam</strong></span> 
     </span>
     <span class='ocr_line' id='line_1_20' title="bbox 126 2194 1283 2281; baseline 0.002 -22"><span class='ocrx_word' id='word_1_169' title='bbox 126 2196 287 2260; x_wconf 88' lang='lat' dir='ltr'><strong>uniuersos</strong></span> <span class='ocrx_word' id='word_1_170' title='bbox 302 2199 410 2263; x_wconf 85' lang='lat' dir='ltr'><strong>cedere</strong></span> <span class='ocrx_word' id='word_1_171' title='bbox 424 2200 646 2277; x_wconf 88' lang='lat' dir='ltr'><strong>animaduertit,</strong></span> <span class='ocrx_word' id='word_1_172' title='bbox 664 2201 695 2264; x_wconf 90' lang='lat' dir='ltr'><strong>in</strong></span> <span class='ocrx_word' id='word_1_173' title='bbox 710 2220 796 2265; x_wconf 88' lang='lat' dir='ltr'><strong>suum</strong></span> <span class='ocrx_word' id='word_1_174' title='bbox 813 2200 962 2281; x_wconf 89' lang='lat' dir='ltr'><strong>nauigium</strong></span> <span class='ocrx_word' id='word_1_175' title='bbox 980 2219 1013 2261; x_wconf 92' lang='lat' dir='ltr'><strong>se</strong></span> <span class='ocrx_word' id='word_1_176' title='bbox 1028 2201 1151 2280; x_wconf 88' lang='lat' dir='ltr'><strong>recepit.</strong></span> <span class='ocrx_word' id='word_1_177' title='bbox 1177 2194 1246 2277; x_wconf 83' lang='lat' dir='ltr'><strong>Quo</strong></span> <span class='ocrx_word' id='word_1_178' title='bbox 1261 2196 1283 2261; x_wconf 78' lang='lat'><strong>2</strong></span> 
     </span>
     <span class='ocr_line' id='line_1_21' title="bbox 78 2298 1248 2386; baseline 0.001 -25"><span class='ocrx_word' id='word_1_179' title='bbox 78 2308 102 2361; x_wconf 74' lang='lat' dir='ltr'><strong>tu</strong></span> <span class='ocrx_word' id='word_1_180' title='bbox 125 2298 281 2363; x_wconf 85' lang='lat' dir='ltr'><strong>multitudo</strong></span> <span class='ocrx_word' id='word_1_181' title='bbox 296 2300 447 2365; x_wconf 88' lang='lat' dir='ltr'><strong>bominum</strong></span> <span class='ocrx_word' id='word_1_182' title='bbox 463 2302 598 2366; x_wconf 89' lang='lat' dir='ltr'><strong>insecuta</strong></span> <span class='ocrx_word' id='word_1_183' title='bbox 615 2324 680 2366; x_wconf 90' lang='lat' dir='ltr'><strong>cum</strong></span> <span class='ocrx_word' id='word_1_184' title='bbox 696 2300 893 2386; x_wconf 70' lang='lat' dir='ltr'><strong>inrumperet,</strong></span> <span class='ocrx_word' id='word_1_185' title='bbox 908 2319 1006 2382; x_wconf 90' lang='lat' dir='ltr'><strong>neque</strong></span> <span class='ocrx_word' id='word_1_186' title='bbox 1022 2298 1248 2362; x_wconf 86' lang='lat' dir='ltr'><strong>administrandi</strong></span> 
     </span>
     <span class='ocr_line' id='line_1_22' title="bbox 124 2402 1248 2488; baseline 0 -24"><span class='ocrx_word' id='word_1_187' title='bbox 124 2420 220 2488; x_wconf 85' lang='lat' dir='ltr'><strong>neque</strong></span> <span class='ocrx_word' id='word_1_188' title='bbox 234 2402 398 2486; x_wconf 90' lang='lat' dir='ltr'><strong>repellendi</strong></span> <span class='ocrx_word' id='word_1_189' title='bbox 414 2423 432 2466; x_wconf 90' lang='lat' dir='ltr'><strong>a</strong></span> <span class='ocrx_word' id='word_1_190' title='bbox 446 2414 529 2467; x_wconf 90' lang='lat' dir='ltr'><strong>terra</strong></span> <span class='ocrx_word' id='word_1_191' title='bbox 544 2405 669 2469; x_wconf 77' lang='lat' dir='ltr'><strong>facultas</strong></span> <span class='ocrx_word' id='word_1_192' title='bbox 685 2405 818 2480; x_wconf 87' lang='lat' dir='ltr'><strong>daretur,</strong></span> <span class='ocrx_word' id='word_1_193' title='bbox 836 2406 912 2481; x_wconf 90' lang='lat' dir='ltr'><strong>lore,</strong></span> <span class='ocrx_word' id='word_1_194' title='bbox 930 2404 1008 2486; x_wconf 83' lang='lat' dir='ltr'><strong>qrrod</strong></span> <span class='ocrx_word' id='word_1_195' title='bbox 1023 2402 1140 2480; x_wconf 88' lang='lat' dir='ltr'><strong>accidit,</strong></span> <span class='ocrx_word' id='word_1_196' title='bbox 1151 2403 1248 2486; x_wconf 87' lang='lat' dir='ltr'><strong>suspi-</strong></span> 
     </span>
     <span class='ocr_line' id='line_1_23' title="bbox 126 2502 1248 2592; baseline 0 -24"><span class='ocrx_word' id='word_1_197' title='bbox 126 2512 211 2568; x_wconf 81' lang='lat' dir='ltr'><strong>catus</strong></span> <span class='ocrx_word' id='word_1_198' title='bbox 232 2524 301 2569; x_wconf 85' lang='lat' dir='ltr'><strong>seae</strong></span> <span class='ocrx_word' id='word_1_199' title='bbox 322 2526 365 2569; x_wconf 85' lang='lat' dir='ltr'><strong>ex</strong></span> <span class='ocrx_word' id='word_1_200' title='bbox 387 2507 507 2592; x_wconf 84' lang='lat' dir='ltr'><strong>nauigio</strong></span> <span class='ocrx_word' id='word_1_201' title='bbox 522 2508 612 2571; x_wconf 90' lang='lat' dir='ltr'><strong>eiecit</strong></span> <span class='ocrx_word' id='word_1_202' title='bbox 626 2519 716 2592; x_wconf 87' lang='lat' dir='ltr'><strong>atque</strong></span> <span class='ocrx_word' id='word_1_203' title='bbox 732 2509 768 2573; x_wconf 89' lang='lat' dir='ltr'><strong>ad</strong></span> <span class='ocrx_word' id='word_1_204' title='bbox 785 2528 856 2587; x_wconf 92' lang='lat' dir='ltr'><strong>eas,</strong></span> <span class='ocrx_word' id='word_1_205' title='bbox 879 2524 955 2591; x_wconf 85' lang='lat' dir='ltr'><strong>quae</strong></span> <span class='ocrx_word' id='word_1_206' title='bbox 969 2506 1088 2592; x_wconf 88' lang='lat' dir='ltr'><strong>longius</strong></span> <span class='ocrx_word' id='word_1_207' title='bbox 1105 2502 1248 2570; x_wconf 87' lang='lat' dir='ltr'><strong>constite-</strong></span> 
     </span>
     <span class='ocr_line' id='line_1_24' title="bbox 124 2604 1283 2692; baseline 0.001 -22"><span class='ocrx_word' id='word_1_208' title='bbox 124 2616 211 2686; x_wconf 85' lang='lat' dir='ltr'><strong>rant,</strong></span> <span class='ocrx_word' id='word_1_209' title='bbox 236 2626 329 2671; x_wconf 89' lang='lat' dir='ltr'><strong>naues</strong></span> <span class='ocrx_word' id='word_1_210' title='bbox 350 2607 514 2672; x_wconf 89' lang='lat' dir='ltr'><strong>adnatauit.</strong></span> <span class='ocrx_word' id='word_1_211' title='bbox 554 2609 632 2674; x_wconf 91' lang='lat' dir='ltr'><strong>lliuc</strong></span> <span class='ocrx_word' id='word_1_212' title='bbox 653 2613 716 2676; x_wconf 88' lang='lat' dir='ltr'><strong>suis</strong></span> <span class='ocrx_word' id='word_1_213' title='bbox 739 2611 944 2676; x_wconf 78' lang='lat' dir='ltr'><strong>laborantibus</strong></span> <span class='ocrx_word' id='word_1_214' title='bbox 965 2611 1097 2675; x_wconf 90' lang='lat' dir='ltr'><strong>subsidio</strong></span> <span class='ocrx_word' id='word_1_215' title='bbox 1120 2604 1283 2692; x_wconf 78' lang='lat' dir='ltr'><strong>scaphas3</strong></span> 
     </span>
     <span class='ocr_line' id='line_1_25' title="bbox 125 2708 1247 2797; baseline 0.001 -26"><span class='ocrx_word' id='word_1_216' title='bbox 125 2708 247 2774; x_wconf 85' lang='lat' dir='ltr'><strong>mittens</strong></span> <span class='ocrx_word' id='word_1_217' title='bbox 263 2710 424 2774; x_wconf 88' lang='lat' dir='ltr'><strong>nonnullos</strong></span> <span class='ocrx_word' id='word_1_218' title='bbox 440 2714 645 2776; x_wconf 86' lang='lat' dir='ltr'><strong>conseruauit.</strong></span> <span class='ocrx_word' id='word_1_219' title='bbox 670 2712 833 2797; x_wconf 87' lang='lat' dir='ltr'><strong>Nauigiurn</strong></span> <span class='ocrx_word' id='word_1_220' title='bbox 851 2715 966 2795; x_wconf 89' lang='lat' dir='ltr'><strong>quidem</strong></span> <span class='ocrx_word' id='word_1_221' title='bbox 982 2713 1046 2774; x_wconf 89' lang='lat' dir='ltr'><strong>eius</strong></span> <span class='ocrx_word' id='word_1_222' title='bbox 1059 2711 1247 2773; x_wconf 89' lang='lat' dir='ltr'><strong>multitudine</strong></span> 
     </span>
     <span class='ocr_line' id='line_1_26' title="bbox 78 2809 1283 2897; baseline -0.001 -25"><span class='ocrx_word' id='word_1_223' title='bbox 78 2820 102 2872; x_wconf 82' lang='lat' dir='ltr'><strong>ts</strong></span> <span class='ocrx_word' id='word_1_224' title='bbox 125 2810 297 2897; x_wconf 87' lang='lat' dir='ltr'><strong>depressum</strong></span> <span class='ocrx_word' id='word_1_225' title='bbox 323 2813 446 2877; x_wconf 90' lang='lat' dir='ltr'><strong>militum</strong></span> <span class='ocrx_word' id='word_1_226' title='bbox 469 2835 528 2877; x_wconf 88' lang='lat' dir='ltr'><strong>una</strong></span> <span class='ocrx_word' id='word_1_227' title='bbox 552 2835 619 2880; x_wconf 87' lang='lat' dir='ltr'><strong>cum</strong></span> <span class='ocrx_word' id='word_1_228' title='bbox 643 2816 810 2880; x_wconf 88' lang='lat' dir='ltr'><strong>bominibus</strong></span> <span class='ocrx_word' id='word_1_229' title='bbox 825 2815 952 2878; x_wconf 90' lang='lat' dir='ltr'><strong>interiit.</strong></span> <span class='ocrx_word' id='word_1_230' title='bbox 986 2812 1052 2876; x_wconf 89' lang='lat' dir='ltr'><strong>lloc</strong></span> <span class='ocrx_word' id='word_1_231' title='bbox 1067 2812 1180 2895; x_wconf 90' lang='lat' dir='ltr'><strong>proelio</strong></span> <span class='ocrx_word' id='word_1_232' title='bbox 1196 2809 1283 2875; x_wconf 82' lang='lat' dir='ltr'><strong>de--l</strong></span> 
     </span>
     <span class='ocr_line' id='line_1_27' title="bbox 125 2913 1247 3002; baseline -0.003 -26"><span class='ocrx_word' id='word_1_233' title='bbox 125 2913 249 2978; x_wconf 85' lang='lat' dir='ltr'><strong>siderali</strong></span> <span class='ocrx_word' id='word_1_234' title='bbox 273 2926 344 2980; x_wconf 88' lang='lat' dir='ltr'><strong>suut</strong></span> <span class='ocrx_word' id='word_1_235' title='bbox 364 2934 405 2980; x_wconf 84' lang='lat' dir='ltr'><strong>ex</strong></span> <span class='ocrx_word' id='word_1_236' title='bbox 428 2937 551 2980; x_wconf 89' lang='lat' dir='ltr'><strong>numero</strong></span> <span class='ocrx_word' id='word_1_237' title='bbox 573 2919 806 3002; x_wconf 84' lang='lat' dir='ltr'><strong>legionariorum</strong></span> <span class='ocrx_word' id='word_1_238' title='bbox 829 2916 953 2981; x_wconf 87' lang='lat' dir='ltr'><strong>militurn</strong></span> <span class='ocrx_word' id='word_1_239' title='bbox 974 2915 1095 2977; x_wconf 85' lang='lat' dir='ltr'><strong>circiter</strong></span> <span class='ocrx_word' id='word_1_240' title='bbox 1116 2921 1199 2973; x_wconf 84' lang='lat' dir='ltr'><strong>cccc</strong></span> <span class='ocrx_word' id='word_1_241' title='bbox 1216 2922 1247 2973; x_wconf 91' lang='lat' dir='ltr'><strong>ct</strong></span> 
     </span>
     <span class='ocr_line' id='line_1_28' title="bbox 126 3010 1280 3101; baseline -0.003 -22"><span class='ocrx_word' id='word_1_242' title='bbox 126 3017 213 3099; x_wconf 85' lang='lat' dir='ltr'><strong>paulo</strong></span> <span class='ocrx_word' id='word_1_243' title='bbox 235 3018 322 3081; x_wconf 78' lang='lat' dir='ltr'><strong>reltru</strong></span> <span class='ocrx_word' id='word_1_244' title='bbox 343 3036 409 3081; x_wconf 90' lang='lat' dir='ltr'><strong>eum</strong></span> <span class='ocrx_word' id='word_1_245' title='bbox 432 3040 585 3083; x_wconf 87' lang='lat' dir='ltr'><strong>numerum</strong></span> <span class='ocrx_word' id='word_1_246' title='bbox 612 3021 759 3085; x_wconf 81' lang='lat' dir='ltr'><strong>classiarii</strong></span> <span class='ocrx_word' id='word_1_247' title='bbox 776 3032 807 3083; x_wconf 90' lang='lat' dir='ltr'><strong>et</strong></span> <span class='ocrx_word' id='word_1_248' title='bbox 820 3021 961 3101; x_wconf 85' lang='lat' dir='ltr'><strong>remiges.</strong></span> <span class='ocrx_word' id='word_1_249' title='bbox 994 3013 1193 3078; x_wconf 78' lang='lat' dir='ltr'><strong>Alexandrini</strong></span> <span class='ocrx_word' id='word_1_250' title='bbox 1209 3010 1280 3077; x_wconf 73' lang='lat' dir='ltr'><strong>eoi</strong></span> 
     </span>
     <span class='ocr_line' id='line_1_29' title="bbox 125 3115 1245 3204; baseline 0.001 -25"><span class='ocrx_word' id='word_1_251' title='bbox 125 3117 193 3180; x_wconf 89' lang='lat' dir='ltr'><strong>loeo</strong></span> <span class='ocrx_word' id='word_1_252' title='bbox 214 3120 367 3182; x_wconf 88' lang='lat' dir='ltr'><strong>castellum</strong></span> <span class='ocrx_word' id='word_1_253' title='bbox 383 3123 500 3204; x_wconf 88' lang='lat' dir='ltr'><strong>magnis</strong></span> <span class='ocrx_word' id='word_1_254' title='bbox 515 3122 726 3186; x_wconf 81' lang='lat' dir='ltr'><strong>introitionibus</strong></span> <span class='ocrx_word' id='word_1_255' title='bbox 742 3121 901 3203; x_wconf 83' lang='lat' dir='ltr'><strong>multisque</strong></span> <span class='ocrx_word' id='word_1_256' title='bbox 918 3117 1073 3183; x_wconf 86' lang='lat' dir='ltr'><strong>tormentis</strong></span> <span class='ocrx_word' id='word_1_257' title='bbox 1088 3115 1245 3180; x_wconf 86' lang='lat' dir='ltr'><strong>confirma·</strong></span> 
     </span>
     <span class='ocr_line' id='line_1_30' title="bbox 125 3220 1246 3310; baseline -0.002 -27"><span class='ocrx_word' id='word_1_258' title='bbox 125 3228 199 3283; x_wconf 87' lang='lat' dir='ltr'><strong>runt</strong></span> <span class='ocrx_word' id='word_1_259' title='bbox 212 3230 301 3302; x_wconf 78' lang='lat' dir='ltr'><strong>atque</strong></span> <span class='ocrx_word' id='word_1_260' title='bbox 315 3224 427 3307; x_wconf 86' lang='lat' dir='ltr'><strong>egestis</strong></span> <span class='ocrx_word' id='word_1_261' title='bbox 443 3245 484 3288; x_wconf 83' lang='lat' dir='ltr'><strong>cx</strong></span> <span class='ocrx_word' id='word_1_262' title='bbox 500 3226 574 3289; x_wconf 89' lang='lat' dir='ltr'><strong>mari</strong></span> <span class='ocrx_word' id='word_1_263' title='bbox 592 3224 735 3310; x_wconf 85' lang='lat' dir='ltr'><strong>lapidibus</strong></span> <span class='ocrx_word' id='word_1_264' title='bbox 751 3224 844 3287; x_wconf 84' lang='lat' dir='ltr'><strong>libere</strong></span> <span class='ocrx_word' id='word_1_265' title='bbox 859 3233 931 3286; x_wconf 85' lang='lat' dir='ltr'><strong>sunt</strong></span> <span class='ocrx_word' id='word_1_266' title='bbox 946 3223 992 3285; x_wconf 91' lang='lat' dir='ltr'><strong>usi</strong></span> <span class='ocrx_word' id='word_1_267' title='bbox 1007 3231 1111 3305; x_wconf 89' lang='lat' dir='ltr'><strong>postea</strong></span> <span class='ocrx_word' id='word_1_268' title='bbox 1127 3220 1162 3283; x_wconf 94' lang='lat' dir='ltr'><strong>ud</strong></span> <span class='ocrx_word' id='word_1_269' title='bbox 1179 3220 1246 3282; x_wconf 89' lang='lat' dir='ltr'><strong>mit·</strong></span> 
     </span>
     <span class='ocr_line' id='line_1_31' title="bbox 78 3318 1304 3407; baseline -0.002 -23"><span class='ocrx_word' id='word_1_270' title='bbox 78 3332 101 3384; x_wconf 83' lang='lat' dir='ltr'><strong>tu</strong></span> <span class='ocrx_word' id='word_1_271' title='bbox 126 3323 213 3386; x_wconf 84' lang='lat' dir='ltr'><strong>tenda</strong></span> <span class='ocrx_word' id='word_1_272' title='bbox 236 3324 368 3407; x_wconf 86' lang='lat' dir='ltr'><strong>nauigia.</strong></span> <span class='ocrx_word' id='word_1_273' title='bbox 401 3325 467 3389; x_wconf 91' lang='lat' dir='ltr'><strong>lloc</strong></span> <span class='ocrx_word' id='word_1_274' title='bbox 490 3328 668 3393; x_wconf 88' lang='lat' dir='ltr'><strong>detrimento</strong></span> <span class='ocrx_word' id='word_1_275' title='bbox 690 3328 798 3390; x_wconf 89' lang='lat' dir='ltr'><strong>milites</strong></span> <span class='ocrx_word' id='word_1_276' title='bbox 815 3326 908 3389; x_wconf 87' lang='lat' dir='ltr'><strong>nostri</strong></span> <span class='ocrx_word' id='word_1_277' title='bbox 925 3335 1040 3389; x_wconf 85' lang='lat' dir='ltr'><strong>tanturn</strong></span> <span class='ocrx_word' id='word_1_278' title='bbox 1056 3324 1197 3386; x_wconf 84' lang='lat' dir='ltr'><strong>altrcrunt</strong></span> <span class='ocrx_word' id='word_1_279' title='bbox 1213 3331 1245 3382; x_wconf 92' lang='lat' dir='ltr'><strong>ut</strong></span> <span class='ocrx_word' id='word_1_280' title='bbox 1259 3318 1304 3389; x_wconf 77' lang='lat'><strong>22</strong></span> 
     </span>
     <span class='ocr_line' id='line_1_32' title="bbox 125 3424 1246 3514; baseline -0.001 -28"><span class='ocrx_word' id='word_1_281' title='bbox 125 3426 391 3508; x_wconf 89' lang='lat' dir='ltr'><strong>perturbarentur,</strong></span> <span class='ocrx_word' id='word_1_282' title='bbox 411 3439 442 3493; x_wconf 91' lang='lat' dir='ltr'><strong>ut</strong></span> <span class='ocrx_word' id='word_1_283' title='bbox 457 3431 571 3494; x_wconf 88' lang='lat' dir='ltr'><strong>incensi</strong></span> <span class='ocrx_word' id='word_1_284' title='bbox 588 3442 677 3514; x_wconf 89' lang='lat' dir='ltr'><strong>atque</strong></span> <span class='ocrx_word' id='word_1_285' title='bbox 692 3430 807 3494; x_wconf 90' lang='lat' dir='ltr'><strong>incitati</strong></span> <span class='ocrx_word' id='word_1_286' title='bbox 822 3448 946 3512; x_wconf 88' lang='lat' dir='ltr'><strong>magnas</strong></span> <span class='ocrx_word' id='word_1_287' title='bbox 962 3427 1150 3509; x_wconf 55' lang='lat' dir='ltr'><strong>acceffiiones</strong></span> <span class='ocrx_word' id='word_1_288' title='bbox 1167 3424 1246 3486; x_wconf 87' lang='lat' dir='ltr'><strong>leue-</strong></span> 
     </span>
     <span class='ocr_line' id='line_1_33' title="bbox 124 3526 1246 3617; baseline -0.002 -27"><span class='ocrx_word' id='word_1_289' title='bbox 124 3526 188 3592; x_wconf 85' lang='lat' dir='ltr'><strong>riut</strong></span> <span class='ocrx_word' id='word_1_290' title='bbox 209 3528 240 3591; x_wconf 93' lang='lat' dir='ltr'><strong>in</strong></span> <span class='ocrx_word' id='word_1_291' title='bbox 256 3531 398 3613; x_wconf 86' lang='lat' dir='ltr'><strong>operibus</strong></span> <span class='ocrx_word' id='word_1_292' title='bbox 413 3531 540 3596; x_wconf 91' lang='lat' dir='ltr'><strong>bostium</strong></span> <span class='ocrx_word' id='word_1_293' title='bbox 558 3533 765 3617; x_wconf 77' lang='lat' dir='ltr'><strong>expugnandis</strong></span> <span class='ocrx_word' id='word_1_294' title='bbox 779 3532 810 3595; x_wconf 90' lang='lat' dir='ltr'><strong>in</strong></span> <span class='ocrx_word' id='word_1_295' title='bbox 828 3532 949 3614; x_wconf 89' lang='lat' dir='ltr'><strong>proeliis</strong></span> <span class='ocrx_word' id='word_1_296' title='bbox 964 3528 1134 3604; x_wconf 86' lang='lat' dir='ltr'><strong>cotidianis,</strong></span> <span class='ocrx_word' id='word_1_297' title='bbox 1153 3546 1246 3608; x_wconf 90' lang='lat' dir='ltr'><strong>quan·</strong></span> 
     </span>
    </p>
   </div>
   <div class='ocr_carea' id='block_1_3' title="bbox 122 3716 1249 4359">
    <p class='ocr_par' dir='ltr' id='par_1_3' title="bbox 122 3716 1249 4359">
     <span class='ocr_line' id='line_1_34' title="bbox 232 3716 1246 3789; baseline -0.01 -16"><span class='ocrx_word' id='word_1_298' title='bbox 232 3719 353 3786; x_wconf 64' lang='lat' dir='ltr'><strong>lingere</strong></span> <span class='ocrx_word' id='word_1_299' title='bbox 368 3724 415 3783; x_wconf 88' lang='lat' dir='ltr'><strong>ub,</strong></span> <span class='ocrx_word' id='word_1_300' title='bbox 432 3723 550 3787; x_wconf 74' lang='lat' dir='ltr'><strong>refugere</strong></span> <span class='ocrx_word' id='word_1_301' title='bbox 565 3739 591 3773; x_wconf 90' lang='lat' dir='ltr'><strong>u.</strong></span> <span class='ocrx_word' id='word_1_302' title='bbox 731 3723 746 3775; x_wconf 81' lang='lat'>3</span> <span class='ocrx_word' id='word_1_303' title='bbox 759 3720 942 3789; x_wconf 88' lang='lat' dir='ltr'><strong>perturbantes</strong></span> <span class='ocrx_word' id='word_1_304' title='bbox 955 3735 980 3769; x_wconf 91' lang='lat' dir='ltr'><strong>u.</strong></span> <span class='ocrx_word' id='word_1_305' title='bbox 1123 3716 1155 3766; x_wconf 88' lang='lat' dir='ltr'><strong>ld</strong></span> <span class='ocrx_word' id='word_1_306' title='bbox 1169 3720 1246 3781; x_wconf 87' lang='lat' dir='ltr'><strong>ponte</strong></span> 
     </span>
     <span class='ocr_line' id='line_1_35' title="bbox 125 3792 1243 3867; baseline -0.004 -21"><span class='ocrx_word' id='word_1_307' title='bbox 125 3812 197 3847; x_wconf 80' lang='lat' dir='ltr'><strong>auare</strong></span> <span class='ocrx_word' id='word_1_308' title='bbox 207 3799 272 3863; x_wconf 70' lang='lat' dir='ltr'><strong>del,</strong></span> <span class='ocrx_word' id='word_1_309' title='bbox 288 3809 389 3865; x_wconf 86' lang='lat' dir='ltr'><strong>pontem</strong></span> <span class='ocrx_word' id='word_1_310' title='bbox 403 3802 512 3867; x_wconf 81' lang='lat' dir='ltr'><strong>rclr&#39;qul.</strong></span> <span class='ocrx_word' id='word_1_311' title='bbox 637 3800 669 3853; x_wconf 82' lang='grc'><strong>15</strong></span> <span class='ocrx_word' id='word_1_312' title='bbox 682 3800 820 3851; x_wconf 88' lang='lat' dir='ltr'><strong>anchoram</strong></span> <span class='ocrx_word' id='word_1_313' title='bbox 833 3815 860 3849; x_wconf 87' lang='lat' dir='ltr'><strong>c.</strong></span> <span class='ocrx_word' id='word_1_314' title='bbox 995 3795 1026 3845; x_wconf 86' lang='lat' dir='ltr'><strong>ld</strong></span> <span class='ocrx_word' id='word_1_315' title='bbox 1040 3792 1243 3856; x_wconf 67' lang='lat' dir='ltr'><strong>attenuante,</strong></span> 
     </span>
     <span class='ocr_line' id='line_1_36' title="bbox 122 3873 1246 3943; baseline -0.002 -18"><span class='ocrx_word' id='word_1_316' title='bbox 122 3874 231 3925; x_wconf 84' lang='lat' dir='ltr'><strong>alleuati</strong></span> <span class='ocrx_word' id='word_1_317' title='bbox 244 3893 261 3927; x_wconf 86' lang='lat' dir='ltr'><strong>u</strong></span> <span class='ocrx_word' id='word_1_318' title='bbox 276 3878 340 3941; x_wconf 89' lang='lat' dir='ltr'><strong>(adl.</strong></span> <span class='ocrx_word' id='word_1_319' title='bbox 356 3880 394 3943; x_wconf 88' lang='lat' dir='ltr'><strong>u).</strong></span> <span class='ocrx_word' id='word_1_320' title='bbox 500 3878 550 3929; x_wconf 89' lang='lat' dir='ltr'><strong>nisi</strong></span> <span class='ocrx_word' id='word_1_321' title='bbox 560 3895 576 3929; x_wconf 89' lang='lat' dir='ltr'><strong>a</strong></span> <span class='ocrx_word' id='word_1_322' title='bbox 587 3880 610 3941; x_wconf 88' lang='lat' dir='ltr'><strong>b,</strong></span> <span class='ocrx_word' id='word_1_323' title='bbox 627 3879 681 3929; x_wconf 78' lang='lat' dir='ltr'><strong>nini</strong></span> <span class='ocrx_word' id='word_1_324' title='bbox 691 3894 718 3929; x_wconf 88' lang='lat' dir='ltr'><strong>u.</strong></span> <span class='ocrx_word' id='word_1_325' title='bbox 823 3874 1047 3926; x_wconf 85' lang='lat' dir='ltr'><strong>aduataueruntb.</strong></span> <span class='ocrx_word' id='word_1_326' title='bbox 1153 3873 1246 3925; x_wconf 77' lang='lat' dir='ltr'><strong>lbmu-</strong></span> 
     </span>
     <span class='ocr_line' id='line_1_37' title="bbox 124 3950 1248 4017; baseline -0.004 -14"><span class='ocrx_word' id='word_1_327' title='bbox 124 3953 249 4003; x_wconf 77' lang='lat' dir='ltr'><strong>cilionem</strong></span> <span class='ocrx_word' id='word_1_328' title='bbox 264 3956 288 4005; x_wconf 88' lang='lat' dir='ltr'><strong>b.</strong></span> <span class='ocrx_word' id='word_1_329' title='bbox 396 3956 530 4006; x_wconf 89' lang='lat' dir='ltr'><strong>contlncre</strong></span> <span class='ocrx_word' id='word_1_330' title='bbox 543 3957 673 4017; x_wconf 70' lang='lat' dir='ltr'><strong>lusciniae,</strong></span> <span class='ocrx_word' id='word_1_331' title='bbox 688 3954 848 4004; x_wconf 85' lang='lat' dir='ltr'><strong>contendere</strong></span> <span class='ocrx_word' id='word_1_332' title='bbox 861 3952 939 4003; x_wconf 82' lang='lat' dir='ltr'><strong>codd.</strong></span> <span class='ocrx_word' id='word_1_333' title='bbox 956 3952 983 4001; x_wconf 84' lang='grc' dir='ltr'><strong>Ρ.</strong></span> <span class='ocrx_word' id='word_1_334' title='bbox 1000 3951 1058 4002; x_wconf 76' lang='grc'><strong>192.</strong></span> <span class='ocrx_word' id='word_1_335' title='bbox 1163 3950 1196 4003; x_wconf 81' lang='lat'><strong>20</strong></span> <span class='ocrx_word' id='word_1_336' title='bbox 1209 3950 1248 4001; x_wconf 87' lang='lat' dir='ltr'><strong>in-</strong></span> 
     </span>
     <span class='ocr_line' id='line_1_38' title="bbox 125 4027 1136 4096; baseline -0.003 -16"><span class='ocrx_word' id='word_1_337' title='bbox 125 4038 260 4096; x_wconf 80' lang='lat' dir='ltr'><strong>rumperet</strong></span> <span class='ocrx_word' id='word_1_338' title='bbox 270 4048 297 4081; x_wconf 85' lang='lat' dir='ltr'><strong>c.</strong></span> <span class='ocrx_word' id='word_1_339' title='bbox 415 4034 447 4083; x_wconf 81' lang='lat'><strong>23</strong></span> <span class='ocrx_word' id='word_1_340' title='bbox 462 4032 550 4084; x_wconf 85' lang='lat' dir='ltr'><strong>scalas</strong></span> <span class='ocrx_word' id='word_1_341' title='bbox 564 4047 591 4081; x_wconf 88' lang='lat' dir='ltr'><strong>u.</strong></span> <span class='ocrx_word' id='word_1_342' title='bbox 704 4032 736 4081; x_wconf 78' lang='lat' dir='ltr'><strong>ts</strong></span> <span class='ocrx_word' id='word_1_343' title='bbox 751 4042 802 4079; x_wconf 87' lang='lat' dir='ltr'><strong>una</strong></span> <span class='ocrx_word' id='word_1_344' title='bbox 815 4044 871 4078; x_wconf 87' lang='lat' dir='ltr'><strong>curn</strong></span> <span class='ocrx_word' id='word_1_345' title='bbox 885 4028 1031 4078; x_wconf 86' lang='lat' dir='ltr'><strong>bominibus</strong></span> <span class='ocrx_word' id='word_1_346' title='bbox 1044 4041 1096 4078; x_wconf 86' lang='lat' dir='ltr'><strong>om.</strong></span> <span class='ocrx_word' id='word_1_347' title='bbox 1112 4027 1136 4076; x_wconf 86' lang='lat' dir='ltr'><strong>b.</strong></span> 
     </span>
     <span class='ocr_line' id='line_1_39' title="bbox 124 4107 1247 4177; baseline -0.005 -16"><span class='ocrx_word' id='word_1_348' title='bbox 124 4108 159 4161; x_wconf 78' lang='lat'><strong>27</strong></span> <span class='ocrx_word' id='word_1_349' title='bbox 173 4109 243 4160; x_wconf 87' lang='lat' dir='ltr'><strong>ultra</strong></span> <span class='ocrx_word' id='word_1_350' title='bbox 257 4110 411 4175; x_wconf 75' lang='lat' dir='ltr'><strong>Stephanus</strong></span> <span class='ocrx_word' id='word_1_351' title='bbox 424 4116 459 4171; x_wconf 79' lang='lat' dir='ltr'><strong>al,</strong></span> <span class='ocrx_word' id='word_1_352' title='bbox 477 4113 513 4161; x_wconf 76' lang='lat' dir='ltr'><strong>‘aa&#39;</strong></span> <span class='ocrx_word' id='word_1_353' title='bbox 523 4109 740 4177; x_wconf 74' lang='lat' dir='ltr'><strong>excerptisfides</strong></span> <span class='ocrx_word' id='word_1_354' title='bbox 755 4114 802 4172; x_wconf 77' lang='lat' dir='ltr'><strong>oct,</strong></span> <span class='ocrx_word' id='word_1_355' title='bbox 819 4108 851 4171; x_wconf 81' lang='lat' dir='ltr'><strong>c&#39;‚·</strong></span> <span class='ocrx_word' id='word_1_356' title='bbox 865 4125 917 4159; x_wconf 88' lang='lat' dir='ltr'><strong>cm.</strong></span> <span class='ocrx_word' id='word_1_357' title='bbox 932 4124 949 4159; x_wconf 90' lang='lat' dir='ltr'><strong>u</strong></span> <span class='ocrx_word' id='word_1_358' title='bbox 959 4110 983 4158; x_wconf 88' lang='lat' dir='ltr'><strong>b.</strong></span> <span class='ocrx_word' id='word_1_359' title='bbox 1107 4108 1141 4159; x_wconf 80' lang='lat'><strong>28</strong></span> <span class='ocrx_word' id='word_1_360' title='bbox 1154 4107 1247 4157; x_wconf 85' lang='lat' dir='ltr'><strong>coufir-</strong></span> 
     </span>
     <span class='ocr_line' id='line_1_40' title="bbox 125 4184 1248 4252; baseline -0.004 -17"><span class='ocrx_word' id='word_1_361' title='bbox 125 4197 257 4237; x_wconf 77' lang='lat' dir='ltr'><strong>intrante</strong></span> <span class='ocrx_word' id='word_1_362' title='bbox 273 4191 347 4239; x_wconf 67' lang='lat' dir='ltr'><strong>‘mss</strong></span> <span class='ocrx_word' id='word_1_363' title='bbox 362 4195 389 4239; x_wconf 81' lang='lat' dir='ltr'><strong>et</strong></span> <span class='ocrx_word' id='word_1_364' title='bbox 401 4188 461 4238; x_wconf 76' lang='lat' dir='ltr'><strong>edil.</strong></span> <span class='ocrx_word' id='word_1_365' title='bbox 477 4188 558 4252; x_wconf 62' lang='lat' dir='ltr'><strong>pud),</strong></span> <span class='ocrx_word' id='word_1_366' title='bbox 575 4188 792 4238; x_wconf 80' lang='lat' dir='ltr'><strong>confirmaucrunt</strong></span> <span class='ocrx_word' id='word_1_367' title='bbox 805 4201 831 4234; x_wconf 89' lang='lat' dir='ltr'><strong>u.</strong></span> <span class='ocrx_word' id='word_1_368' title='bbox 953 4188 986 4238; x_wconf 79' lang='grc'><strong>30</strong></span> <span class='ocrx_word' id='word_1_369' title='bbox 1001 4185 1105 4236; x_wconf 78' lang='lat' dir='ltr'><strong>fuorunt</strong></span> <span class='ocrx_word' id='word_1_370' title='bbox 1118 4200 1134 4233; x_wconf 91' lang='lat' dir='ltr'><strong>n</strong></span> <span class='ocrx_word' id='word_1_371' title='bbox 1144 4185 1188 4247; x_wconf 82' lang='lat' dir='ltr'><strong>bc,</strong></span> <span class='ocrx_word' id='word_1_372' title='bbox 1202 4184 1248 4233; x_wconf 88' lang='lat' dir='ltr'><strong>ab·</strong></span> 
     </span>
     <span class='ocr_line' id='line_1_41' title="bbox 127 4261 1249 4359; baseline -0.005 -45"><span class='ocrx_word' id='word_1_373' title='bbox 127 4262 234 4315; x_wconf 85' lang='lat' dir='ltr'><strong>luerunt</strong></span> <span class='ocrx_word' id='word_1_374' title='bbox 247 4282 274 4315; x_wconf 87' lang='lat' dir='ltr'><strong>a.</strong></span> <span class='ocrx_word' id='word_1_375' title='bbox 415 4266 444 4317; x_wconf 77' lang='lat' dir='ltr'><strong>dl</strong></span> <span class='ocrx_word' id='word_1_376' title='bbox 462 4265 560 4316; x_wconf 87' lang='lat' dir='ltr'><strong>incensi</strong></span> <span class='ocrx_word' id='word_1_377' title='bbox 573 4265 613 4315; x_wconf 90' lang='lat' dir='ltr'><strong>ub</strong></span> <span class='ocrx_word' id='word_1_378' title='bbox 627 4266 642 4314; x_wconf 89' lang='lat' dir='ltr'><strong>l</strong></span> <span class='ocrx_word' id='word_1_379' title='bbox 655 4263 734 4321; x_wconf 78' lang='lat' dir='ltr'><strong>dett,</strong></span> <span class='ocrx_word' id='word_1_380' title='bbox 749 4263 846 4312; x_wconf 90' lang='lat' dir='ltr'><strong>incensi</strong></span> <span class='ocrx_word' id='word_1_381' title='bbox 861 4264 947 4359; x_wconf 70' lang='lat' dir='ltr'><strong>pptius</strong></span> <span class='ocrx_word' id='word_1_382' title='bbox 960 4279 988 4314; x_wconf 86' lang='lat' dir='ltr'><strong>u.</strong></span> <span class='ocrx_word' id='word_1_383' title='bbox 1123 4261 1155 4311; x_wconf 82' lang='lat' dir='ltr'><strong>st</strong></span> <span class='ocrx_word' id='word_1_384' title='bbox 1168 4274 1249 4325; x_wconf 84' lang='lat' dir='ltr'><strong>quau·</strong></span> 
     </span>
    </p>
   </div>
   <div class='ocr_carea' id='block_1_4' title="bbox 0 0 1350 4688">
    <p class='ocr_par' dir='ltr' id='par_1_4' title="bbox 0 0 1350 4688">
     <span class='ocr_line' id='line_1_42' title="bbox 0 0 1350 4688; baseline 0 0"><span class='ocrx_word' id='word_1_385' title='bbox 0 0 1350 4688; x_wconf 95' lang='lat' dir='ltr'><strong> </strong></span> 
     </span>
    </p>
   </div>
  </div>
 </body>
</html>
