2692 4688
89 204 155 275 722
483 196 613 265 nsunt
638 195 937 266 lllSPANlENSlS

111 376 132 442 3
148 376 205 440 duo
220 373 312 438 milia.
344 369 395 436 Ea
410 393 446 436 ea
461 371 585 456 regione
601 370 698 456 oppidi
713 372 746 434 in
760 369 910 434 montibus
932 379 1033 434 castra
1052 370 1159 437 babuit
1178 376 1278 459 posita

146 475 306 561 Pompeius
329 475 360 537 in
382 485 544 559 conspectu
566 484 760 560 utrorumque
781 473 954 557 oppidorum
974 492 1072 556 neque
1094 477 1160 540 suis
1180 497 1276 544 ansus

110 581 197 645 dest
216 576 349 642 subsidio
370 577 488 641 uenire.
520 575 645 660 Aquilas
665 587 697 640 et
716 576 804 659 signa
818 574 922 639 babuit
935 586 997 639 11111
1012 575 1180 660 legionum.
1212 576 1274 646 Sed

147 702 189 746 ex
204 678 311 763 quibus
326 679 434 762 aliquid
451 678 627 742 firmamenti
642 697 676 741 se
691 677 884 741 existimabat
898 676 1029 757 babere,
1054 678 1130 745 duae
1151 682 1274 749 luemnt

146 782 341 856 uernaculae,
358 801 432 864 quae
447 778 629 844 a'l'rebonio
644 780 886 865 transfugerant,
900 800 960 842 una
975 781 1055 844 iacta
1070 801 1113 845 ex
1126 784 1269 865 coloniis,
1290 798 1304 849 1

145 904 222 969 qnae
238 885 360 948 inerunt
380 882 410 946 in
433 883 478 946 bis
500 882 694 968 regionibus3
718 893 823 964 quarta
839 882 895 945 fuit
909 881 1076 947 Afraniana
1093 905 1135 949 ex
1151 884 1272 966 Africa,

110 984 131 1050 5
146 1007 232 1070 quam
248 1006 349 1049 secum
364 984 543 1048 adduxerat.
575 983 723 1067 Reliquae
738 1004 777 1048 ex
795 983 929 1068 fugitiuis
943 986 967 1066 †
980 984 1148 1050 auxiliares
1170 992 1273 1054 eonsi-

145 1087 277 1152 stebant.
308 1085 387 1150 Nam
404 1087 441 1151 de
454 1086 514 1151 leui
530 1097 683 1150 armatura
697 1098 729 1150 et
743 1087 876 1170 equitatu
890 1087 980 1171 leuge
996 1098 1027 1151 et
1040 1088 1154 1153 uirtute
1168 1100 1199 1155 et
1214 1112 1272 1155 nu-

109 1188 231 1260 Bmero
247 1190 344 1253 nostri
359 1198 447 1253 erant
468 1187 652 1273 superiores.
682 1187 847 1253 Accidebat
868 1190 942 1268 boc,
967 1200 1000 1253 ut
1021 1190 1141 1275 longius
1156 1192 1269 1257 bobum

145 1291 269 1355 duceret
283 1287 464 1375 Pompeius,
490 1290 566 1373 quod
582 1292 648 1355 loca
663 1303 734 1356 sunt
748 1292 827 1355 edita
848 1292 932 1356 etad
947 1302 1113 1356 castrorum
1128 1295 1271 1359 munitio·
1291 1304 1319 1359 rt

145 1414 200 1457 nes
216 1414 276 1457 noa
292 1413 395 1477 parum
410 1394 530 1457 idonea.
554 1391 633 1457 Nam
650 1393 714 1457 iore
731 1394 820 1457 totius
837 1395 990 1459 ulterioris
1000 1392 1168 1478 Hispaniae
1182 1397 1269 1482 regio

143 1506 266 1581 propter
281 1504 380 1558 terrae
396 1494 608 1559 fecunditatem
623 1497 646 1578 †
660 1496 777 1580 inopem
793 1497 996 1580 difficilemque
1012 1494 1101 1560 babet
1113 1518 1268 1583 oppugua-

107 1594 257 1660 2tionem
280 1606 311 1658 et
333 1617 393 1659 nou
416 1598 513 1659 miuus
536 1597 686 1680 copiosam
709 1599 908 1680 aquationem.
949 1596 1007 1660 llic
1028 1597 1120 1660 edam
1141 1610 1267 1683 propter

143 1696 339 1761 barbarorum
356 1695 477 1760 crebras
493 1698 689 1763 excursiones
705 1701 805 1764 omnia
820 1701 901 1779 loca,
915 1717 991 1783 qnae
1005 1696 1129 1761 suntab
1144 1701 1266 1781 oppidis

142 1810 277 1878 remota,
302 1798 432 1863 turribus
449 1808 479 1862 et
494 1800 710 1866 munitionibus
728 1803 911 1883 retinentur,
927 1801 1004 1865 sicut
1016 1799 1049 1864 in
1063 1798 1188 1877 Airica,
1211 1822 1265 1866 ru·
1289 1816 1318 1867 tt

106 1900 235 1981 idere,
260 1921 320 1965 uon
343 1901 453 1984 tegulis
475 1910 635 1985 teguntur,
660 1903 808 1988 simulque
828 1906 860 1969 in
883 1905 929 1969 bis
951 1901 1063 1967 babent
1080 1901 1216 1987 speculas
1232 1914 1265 1968 et

105 2004 263 2089 Apropter
277 2003 460 2067 altitudinem
476 2004 564 2087 longe
580 2005 699 2090 lateque
709 2007 905 2093 prospiciunt.
930 2005 1006 2071 Item
1016 2005 1193 2091 oppidorum
1202 2027 1265 2073 ma·

141 2127 200 2192 gua
215 2125 284 2192 pars
300 2105 366 2169 eius
382 2105 552 2189 prouinciae
568 2109 718 2172 montibus
735 2111 797 2172 lere
811 2110 925 2173 munita
940 2119 972 2172 et
986 2119 1096 2174 natura
1109 2107 1263 2172 excellen-

140 2210 221 2276 tibus
236 2208 310 2273 locis
326 2218 370 2273 est
387 2209 566 2287 constituta,
592 2220 623 2273 ut
647 2210 734 2274 simul
748 2212 847 2276 aditus
868 2231 1072 2296 ascensusque
1086 2208 1195 2273 babeat
1207 2208 1265 2272 did·

105 2310 246 2378 5bciles.
277 2310 323 2376 lta
337 2310 374 2375 ab
389 2309 655 2396 oppugnationibus
672 2324 779 2376 natura
795 2312 852 2378 loci
868 2313 1062 2392 distineatur,
1078 2323 1112 2376 ut
1126 2312 1264 2377 ciuitates
1284 2320 1315 2377 11

140 2412 304 2498 Hispaniae
321 2434 381 2477 non
397 2414 484 2478 facile
499 2412 535 2477 ab
551 2413 638 2477 boste
654 2413 820 2499 capiantur.
852 2412 885 2478 ld
908 2415 987 2499 quod
1010 2416 1042 2479 in
1062 2415 1118 2479 boc
1139 2412 1264 2498 contigit

102 2513 229 2579 libello.
259 2513 340 2577 Nam
362 2535 428 2577 cum
450 2517 533 2578 iuter
552 2513 704 2599 Ateguam
727 2527 757 2580 et
771 2516 917 2595 chbim‚
942 2537 1021 2603 quae
1044 2516 1150 2602 oppida
1175 2536 1263 2599 supra

139 2627 210 2682 snut
223 2616 354 2700 scripta,
377 2613 539 2700 Pompeius
556 2616 658 2680 babuit
672 2627 771 2681 castra
787 2619 948 2683 constituta
965 2619 997 2681 iu
1012 2629 1176 2702 conspectu
1191 2619 1264 2683 duo

103 2705 107 2711 ¹
137 2740 204 2784 rum
219 2719 412 2804 oppidorum,
430 2716 467 2782 ab
482 2719 546 2783 suis
562 2720 670 2783 castris
686 2719 808 2784 circiter
822 2720 903 2784 milia
918 2740 1058 2803 passuum
1075 2730 1123 2782 1111
1138 2741 1264 2802 murus

138 2834 186 2886 est
201 2821 355 2886 excellens
371 2833 495 2898 natura,
513 2822 562 2903 qui
578 2821 743 2906 appellatur
758 2831 856 2884 castra
870 2818 1084 2883 Postumiana:
1110 2819 1151 2881 ibi
1175 2841 1264 2904 prae·
1284 2832 1314 2887 2⁵

102 2924 124 2993 11
139 2924 206 2989 sidii
223 2946 314 2988 causa
330 2923 484 2988 castellum
500 2916 616 2987 Caesar
631 2923 733 2988 babuit
747 2921 948 2986 coustitutum.
980 2916 1068 3002 Quod
1083 2916 1263 3003 Pompeius,

137 3027 214 3107 quod
230 3027 333 3089 eodem
357 3026 426 3110 iugo
443 3024 600 3111 tegebatur
620 3025 677 3090 loci
693 3034 812 3103 natura,
829 3033 860 3087 et
874 3032 1020 3087 remotum
1037 3032 1103 3085 erat
1117 3042 1136 3084 a
1150 3026 1264 3090 castris

136 3121 299 3205 Caesaris,
317 3128 573 3193 animaduertebat
587 3129 644 3192 loci
661 3126 861 3191 difficultatem
876 3135 924 3205 et,
949 3127 1016 3210 qnia
1032 3124 1154 3189 bomine
1169 3121 1262 3191 Salso

135 3227 400 3309 intercludebatur,
418 3251 478 3294 nou
494 3251 562 3295 esse
577 3231 805 3294 commissurum
815 3224 991 3304 Caesarem,
1010 3239 1041 3292 ut
1056 3229 1088 3292 in
1104 3237 1188 3291 tanta
1203 3229 1263 3293 loci

98 3328 306 3394 2difficultate
323 3333 358 3395 ad
374 3331 537 3397 subsidium
554 3332 729 3396 mittendum
746 3353 779 3397 se
795 3332 1005 3423 committeret.
1029 3326 1076 3394 lta
1088 3330 1185 3395 fretus
1197 3332 1262 3415 opi·
1283 3340 1314 3393 11

244 3504 259 3554 1
272 3518 301 3553 se
314 3519 366 3553 om.
383 3504 407 3554 d.
531 3505 546 3555 e
559 3504 671 3555 Afrania
684 3505 709 3555 b.
816 3505 831 3558 7
844 3502 863 3571 †
876 3502 1075 3570 auxiliares11’.
1089 3502 1150 3557 230.

133 3577 294 3631 daecidebat
306 3579 354 3630 boc
367 3595 434 3646 ego,-
447 3580 590 3631 accedebat
603 3582 650 3632 boe
663 3597 689 3645 a,
705 3580 847 3633 accedebat
860 3581 910 3633 buc
923 3581 1036 3647 reliqui.
1050 3578 1150 3633 Mill.

135 3657 167 3713 12
179 3655 198 3721 †
209 3656 320 3725 inopem]
334 3659 366 3709 P.
375 3658 435 3713 231.
543 3659 733 3726 difficillemque
745 3676 771 3710 a.
881 3659 1011 3728 libatiam]
1025 3665 1111 3711 autem
1126 3659 1151 3708 b.

134 3732 167 3786 tt
179 3734 212 3784 ad
224 3750 251 3785 a.
381 3734 411 3786 15
425 3735 584 3802 retinentur]
597 3743 623 3786 et
636 3741 733 3787 costra
746 3735 823 3788 codd.
837 3736 901 3787 add.
915 3753 944 3787 n.
1066 3736 1097 3788 ld
1111 3735 1220 3802 specula
1232 3750 1259 3784 o.

242 3812 274 3865 tt
287 3814 431 3880 respiciant
444 3815 469 3866 b.
572 3814 640 3865 idem
653 3831 680 3864 a.
788 3816 820 3868 te
830 3815 993 3883 prouinciae]
1006 3817 1032 3867 iu
1045 3813 1110 3864 add.
1126 3814 1150 3863 b.

132 3883 165 3936 19
176 3898 354 3954 ascensusque
369 3890 421 3955 (a).
529 3891 737 3945 adtenuantur
751 3892 775 3941 b.
880 3892 915 3947 22
925 3908 982 3943 cum
995 3906 1012 3941 a
1025 3892 1050 3955 b,
1064 3889 1108 3939 ubi
1122 3906 1149 3939 u.

130 3965 164 4021 te
179 3964 324 4033 Pompeius]
338 3975 366 4019 ut
379 3968 445 4019 add.
459 3986 486 4021 o.
600 3972 633 4023 te
647 3971 714 4037 quod
728 3970 865 4039 Pompeius
879 3985 896 4020 a
911 3971 925 4021 b
938 3988 961 4035 c,
977 3970 1115 4037 Pompeius
1128 3966 1217 4018 Aldus
1229 3982 1258 4017 a.

236 4042 271 4096 tr
284 4045 351 4109 quod
365 4047 456 4096 eodem
469 4063 485 4097 a
500 4048 559 4100 cod.
575 4049 645 4114 Vra,
661 4050 704 4117 qui
717 4050 806 4101 eodem
820 4064 845 4099 a.
954 4057 981 4101 et
993 4066 1010 4100 a
1023 4049 1038 4101 b
1051 4064 1075 4113 e,
1089 4055 1118 4098 et
1130 4046 1199 4113 quod
1212 4046 1260 4096 At-

126 4118 220 4174 dueu.
330 4122 714 4193 28quiaa2datt.,quoda.
827 4126 860 4179 30
874 4126 906 4177 ab
919 4142 946 4178 o.
1060 4124 1259 4178 mittendarios

104 4201 300 4344 pivmffldwm
312 4218 372 4277 rgo,
387 4202 602 4259 committendum
613 4204 798 4259 demittente
810 4205 825 4255 b
840 4203 923 4256 ‘cttt'.
936 4204 968 4258 Ρ.
982 4202 1044 4260 2³1.
1152 4203 1191 4255 ita
1203 4216 1221 4253 a
1230 4203 1256 4267 t,

135 4292 162 4341 ta
236 4305 271 4345 ua
285 4305 315 4346 a.
