2692 4688
66 193 131 260 710
518 182 648 252 nunt}
672 180 862 251 AFRICAE

127 363 184 429 sibi
209 360 344 437 uideret,
369 357 467 442 gladio
482 357 708 440 proboscidem,
733 378 791 440 qua
813 365 880 419 erat
895 351 1110 432 circumdatus,
1128 354 1260 421 caedere

127 476 266 550 quantum
283 460 395 525 uiribus
411 469 530 546 poterat
545 481 605 523 non
621 460 746 523 destitit.
764 455 833 540 Quo
843 455 1257 542 doloreadductuselepbans

127 566 221 631 milite
237 565 354 628 abiecto
369 562 502 625 maximo
517 582 582 625 cnm
599 560 729 625 stridore
742 578 891 643 cursuque
901 577 1067 623 conuersus
1077 559 1115 622 ad
1125 559 1259 644 reliquas

70 670 117 740 85
130 668 242 732 bestias
258 686 292 728 se
307 665 431 748 recepit.
463 659 587 726 Interim
603 663 727 747 Thapso
751 662 800 744 qui
823 670 910 725 erant
925 659 1075 744 praesidio
1091 679 1134 725 cx
1149 662 1258 748 oppidu

129 769 312 853 eruptionem
329 774 415 850 ports
430 765 587 829 marituma
603 765 717 829 faciunt
731 774 774 837 et,
791 763 856 827 siue
872 773 904 827 ut
918 761 982 826 suis
997 761 1134 827 subsidio
1149 785 1258 830 occur·
1276 776 1290 828 t

127 880 248 948 rorent,
274 870 338 932 sine
361 877 393 930 ut
415 867 522 951 oppido
547 867 667 931 deserto
684 867 753 951 fuga
768 865 892 929 salntem
909 863 966 929 sibi
982 875 1144 948 parerent,
1171 888 1261 951 egre-

128 974 252 1036 diuntur
273 980 361 1052 atquc
386 969 427 1031 ita
442 988 497 1051 per
510 987 593 1032 mare
608 967 738 1032 umbilici
754 968 812 1031 line
827 966 956 1051 ingressi
972 977 1084 1032 terram
1100 969 1256 1054 petebant.
1286 994 1289 1001 ¹

92 1071 191 1156 2οιιί
207 1094 224 1137 a
240 1071 374 1135 seruitiis
390 1071 566 1154 puerisque,
591 1070 641 1152 qui
663 1071 695 1133 in
711 1069 818 1133 castris
833 1079 939 1145 erant,
961 1068 1108 1154 lapidibus
1130 1071 1259 1157 pilisque

93 1176 113 1239 3
130 1172 270 1259 prohibiti
285 1183 397 1235 terram
413 1172 564 1255 attingere
578 1191 683 1235 rursus
699 1171 729 1234 in
745 1170 881 1255 oppidum
897 1191 932 1235 se
947 1183 1142 1257 receperunt.
1173 1169 1256 1238 lute-

130 1278 187 1341 rim
203 1271 353 1359 Scipionis
368 1273 462 1358 copiis
483 1272 644 1357 prostratis
667 1273 837 1357 passimque
861 1282 924 1336 toto
947 1293 1051 1357 campo
1074 1274 1258 1358 fugientibus
1280 1285 1308 1339 u

132 1376 289 1441 confestim
307 1370 451 1439 Caesaris
467 1375 601 1458 legiones
616 1374 760 1457 consequi
776 1375 960 1459 spatiumque
980 1394 1014 1438 se
1029 1395 1089 1439 non
1105 1376 1178 1440 dare
1195 1377 1258 1442 col·

97 1479 119 1542 4
135 1479 257 1563 ligendi.
290 1473 349 1556 Qui
366 1488 520 1560 postquam
537 1475 573 1539 ad
588 1497 623 1540 ea
640 1486 752 1555 eastra,
770 1497 846 1560 quac
861 1475 1017 1561 petebant,
1041 1478 1255 1561 perfugerant,

131 1591 164 1642 ut
178 1576 300 1641 refectis
317 1579 426 1641 castris
442 1598 548 1641 rursus
564 1597 633 1642 sese
649 1579 861 1656 defenderent,
885 1579 1044 1661 ducemque
1058 1577 1187 1660 aliquem
1205 1600 1254 1643 re·

132 1679 296 1762 quirerent,
314 1698 402 1764 quem
416 1678 615 1761 respicerent,
633 1680 717 1742 euius
733 1681 909 1744 auctoritate
921 1679 1102 1764 imperioque
1116 1698 1182 1741 rem
1197 1699 1253 1764 ge·

93 1780 250 1859 brurent,
276 1779 355 1864 [qui]
378 1792 533 1865 postquem
558 1782 837 1847 animaduerterunt
852 1783 996 1848 neminem
1010 1781 1052 1845 ibi
1065 1798 1134 1843 csse
1150 1779 1254 1863 [pmc-
1279 1792 1310 1845 ta

134 1884 245 1968 sidio],
270 1883 407 1967 protinus
430 1884 521 1946 armis
537 1883 662 1949 abiectis
676 1885 708 1948 in
723 1885 807 1970 regia
823 1895 922 1948 eastra
938 1887 1039 1971 fugere
1053 1881 1250 1947 contendunt.

94 1983 115 2047 li
130 1980 200 2064 Quo
221 1995 374 2068 postquam
390 1997 612 2069 peruenerunt,
637 2007 672 2049 ea
695 2007 812 2069 quoque
835 1987 872 2050 ab
886 1983 1012 2052 lullonis
1026 1985 1124 2051 teneri
1138 1984 1252 2050 uident.

129 2084 298 2171 Desperuta
312 2087 410 2151 salute
424 2088 456 2152 iu
471 2088 598 2170 quodum
614 2088 692 2152 colle
706 2090 876 2153 consistunt
898 2099 988 2172 utque
1009 2088 1100 2153 armis
1116 2087 1253 2153 demissis

93 2188 114 2252 7
130 2190 337 2255 salutationem
354 2209 436 2254 more
452 2188 573 2253 militari
596 2189 719 2253 faciunt.
752 2187 870 2271 Quibus
892 2192 1012 2257 miseris
1035 2210 1072 2255 ea
1091 2208 1141 2255 res
1160 2209 1253 2275 paruo

129 2292 278 2376 praesidio
309 2293 376 2355 fuit.
421 2290 560 2375 Namque
583 2291 693 2356 milites
716 2293 852 2359 ueterani
878 2295 925 2357 ira
949 2304 980 2358 et
1009 2293 1113 2357 dolore
1141 2291 1255 2357 incensi
1277 2300 1308 2355 tt

129 2415 189 2457 non
212 2397 318 2470 modo,
344 2405 377 2456 ut
399 2404 557 2477 parcerent
580 2393 678 2472 busti,
701 2413 762 2457 non
786 2405 923 2479 poterant
945 2395 1071 2474 adduci,
1096 2394 1253 2460 sedetiam

132 2513 172 2557 ex
194 2515 249 2557 suo
273 2497 410 2558 exercitu
433 2495 577 2559 inlustres
600 2495 748 2572 urbanos,
780 2517 854 2579 quos
884 2508 1024 2561 auctores
1055 2497 1254 2581 appellabant,

93 2594 296 2679 Seomplures
326 2606 379 2658 aut
407 2595 605 2660 uulnerarunt
633 2607 685 2660 aut
715 2597 952 2678 interfecerunt3
983 2599 1015 2662 in
1044 2619 1102 2682 quo
1133 2618 1255 2662 numero

128 2699 184 2762 fuit
211 2695 328 2761 Tullius
359 2694 458 2761 Rufus
489 2698 697 2782 quaestorius,
730 2701 779 2781 qni
809 2701 868 2784 pilo
898 2702 1040 2764 traiectus
1070 2700 1209 2764 consulto
1238 2720 1257 2763 a

128 2800 221 2864 milite
236 2799 370 2863 interiits
397 2800 468 2864 item
487 2798 649 2884 Pompeius
665 2798 762 2866 Rufus
783 2803 933 2866 brachium
954 2798 1053 2884 gladio
1075 2819 1256 2883 percussus,
1277 2811 1308 2865 2⁸

91 2899 186 2964 linisi
209 2903 350 2966 celeriter
370 2903 406 2967 ad
422 2899 585 2967 Caesarem
608 2903 841 2980 adcucurrisset,
859 2901 1036 2965 interfectus
1052 2910 1145 2963 esset.
1180 2898 1254 2980 Quro

127 3005 207 3065 facto
223 3005 391 3089 complures
407 3005 521 3088 equites
538 3002 667 3070 Romani
683 3014 899 3090 senatoresque
914 2999 1064 3087 perterriti
1079 3020 1121 3065 ex
1135 3002 1254 3084 proelio

128 3123 161 3166 se
177 3118 372 3187 receperunt,
390 3127 428 3170 ne
444 3128 461 3170 a
476 3108 637 3188 militibus,
664 3109 768 3193 quiex
783 3118 866 3172 tauta
882 3105 1010 3170 uictoria
1025 3104 1178 3169 licentiam
1194 3105 1253 3169 sibi

126 3203 363 3287 adsumpsissent
385 3210 570 3276 inmoderate
592 3212 736 3295 peccandi
757 3209 932 3295 inpunitatis
954 3218 1078 3293 propter
1103 3208 1252 3272 maximas

72 3302 112 3367 lli
127 3326 177 3369 res
199 3316 300 3389 gestas
323 3329 393 3392 spe,
418 3312 474 3393 ipsi
490 3314 873 3396 quoque-interfluercntur.
906 3309 1012 3399 ltaque
1027 3311 1049 3374 ii
1064 3329 1169 3374 omnes
1185 3307 1253 3374 Sui·
1274 3318 1305 3373 tt

234 3464 244 3512 l
256 3479 306 3527 (qun
314 3463 417 3528 Morus,
428 3481 477 3532 quo
489 3469 566 3519 codd.
672 3469 807 3536 trecepti]
817 3468 948 3520 conuertit
960 3471 1025 3517 anso
1033 3481 1104 3517 corr.
1115 3481 1142 3517 a.

124 3538 139 3587 5
152 3539 288 3589 marituma
301 3555 328 3588 u.
435 3550 461 3592 et
474 3558 526 3593 om.
542 3545 565 3592 b.
672 3553 859 3597 succurrerent
874 3548 888 3596 b
902 3547 1002 3597 omisso
1015 3543 1141 3595 subsidio.

123 3613 138 3664 0
144 3624 268 3680 parerent
282 3618 305 3681 b,
322 3626 415 3684 pereat
427 3633 443 3668 a
457 3635 487 3682 e;
502 3628 625 3687 pararent
637 3638 665 3671 u.
771 3623 819 3674 bin
833 3624 952 3691 oppidum
967 3637 995 3673 se
1009 3636 1035 3684 u,
1050 3637 1079 3672 sc
1093 3622 1118 3671 in
1133 3622 1254 3689 oppidum

123 3690 181 3742 edd.
295 3694 463 3761 recipiuntb.
572 3698 603 3751 12
616 3699 741 3764 putebant
755 3700 779 3749 b.
888 3700 1001 3751 ldseb.
1108 3697 1253 3764 ducemque

121 3793 154 3802 —
168 3771 332 3833 requirerent
344 3788 360 3821 a
376 3773 400 3836 b,
416 3773 505 3822 ducem
520 3799 552 3808 —
566 3774 703 3839 requirunt
714 3790 742 3824 ιι.
756 3775 786 3825 Ρ.
798 3774 840 3825 11.
949 3777 980 3827 lb
990 3775 1033 3840 qui
1047 3773 1256 3840 Oudendorps'us

121 3841 264 3896 delendum
277 3849 360 3900 uidit.
476 3849 630 3918 [pracsidio]
644 3853 673 3903 P.
690 3853 751 3906 22⁵.
864 3853 896 3905 lb
909 3853 1101 3905 contenderunt
1115 3854 1140 3903 b.

121 3917 340 3974 ltidimissisae.
448 3927 640 3979 lllsuiseriisu.
747 3929 953 3984 22inlustrcsa.
1060 3930 1252 3995 quosnrbauus

121 3996 286 4063 appelluntb.
394 4006 427 4057 25
437 4004 511 4070 item]
520 4007 681 4058 interimub.
788 4008 1038 4071 autecessorum
1051 4008 1252 4069 ulseourrisset

121 4074 350 4142 ‘mss.plcra'qus'.
456 4081 643 4135 28aom.ub.
750 4084 897 4137 licentius.
1002 4087 1252 4153 29adsumpsisscut

114 4153 279 4210 inmoderate
293 4175 319 4211 u.
434 4162 591 4229 inpunitatis
604 4180 630 4216 a.
737 4166 770 4216 30
783 4182 827 4232 spe
841 4168 890 4234 ipsi
906 4168 1123 4234 Oudendorps'us,
1139 4170 1171 4221 ub
1186 4169 1252 4236 ipsis

105 4256 124 4292 a
139 4241 243 4296 funus
257 4240 314 4299 det.
326 4263 335 4311 ,·
348 4242 401 4316 ipsi
414 4243 527 4312 reliqui.
632 4243 644 4293 i
656 4259 683 4307 c,
696 4257 751 4293 om.
763 4245 790 4293 t.
