2692 4688
420 202 732 274 cumulent.
747 202 901 271 1⁰*ss
1234 202 1301 271 Μ

120 399 195 444 nere
218 387 306 461 atqm
330 376 481 463 [onnsltos
504 377 612 464 copiis]
635 376 758 441 notatis
780 378 818 440 ad
839 376 1023 441 celeritatem
1046 377 1187 442 iumentis
1203 376 1241 441 ed

118 479 294 566 Pompeium
322 480 476 545 contendit
496 491 529 545 et
548 480 655 543 adesse
676 475 841 543 Caesarem
873 481 1034 543 nuntiauit.
1079 477 1277 563 Pompeins2

117 595 187 649 orat
209 604 247 646 eo
272 592 404 666 tempore
427 582 459 645 iu
480 578 636 647 Candauia
656 581 772 663 iterque
796 601 835 644 es
858 579 1039 645 Macedonia
1060 582 1092 646 in
1118 582 1242 647 hiberna

117 684 310 769 Apolloniam
325 681 605 769 Dyrrhachiumque
627 682 766 748 babebat.
809 679 871 747 set
893 704 928 746 re
951 704 1029 747 noua
1052 684 1244 768 perturbatus

82 800 99 853 b
121 787 286 853 maioribus
301 786 457 850 itineribus
466 785 655 870 Apolloniam
671 796 773 870 petere
789 786 896 869 coepit,
915 806 952 849 ue
962 782 1077 850 Caesar
1092 807 1163 850 orae
1180 808 1242 849 nra·

117 892 247 954 ritnmae
262 889 401 953 ciuitates
416 898 587 971 occuparet.
617 885 660 949 At
679 887 730 951 ille
752 887 899 971 expositis
913 889 1055 952 militibus
1072 889 1175 952 eodem
1192 887 1276 954 ties

118 991 243 1059 Oricum
259 990 469 1077 proficiscitur.
501 987 651 1071 Quocum
668 991 813 1068 uenisset,
831 988 871 1053 L.
887 989 1069 1075 Torquatus,
1091 992 1140 1074 qui
1156 993 1241 1055 iussu

118 1093 253 1180 Pompeii
277 1093 384 1179 oppido
407 1103 544 1177 praeerat
562 1092 800 1176 praesidiumque
816 1092 856 1156 ibi
871 1091 1082 1157 Parthinorum
1100 1095 1238 1172 habebat,

121 1207 244 1262 conatus
266 1196 362 1281 portis
387 1195 497 1258 clausis
520 1195 658 1279 oppidum
682 1195 860 1274 defendere,
884 1218 949 1259 cum
966 1194 1102 1261 Graecos
1123 1220 1239 1261 usurum

65 1311 98 1366 1⁰
120 1300 283 1365 ascendere
297 1310 389 1382 atque
404 1318 487 1361 arma
502 1317 611 1382 capere
624 1297 757 1375 iuberet,
779 1298 820 1361 illi
837 1310 934 1363 nutem
951 1320 985 1363 se
1000 1310 1103 1363 contra
1120 1299 1276 1384 imperi-A

121 1424 171 1466 nna
186 1401 423 1486 populillomaui
439 1409 625 1484 pugnaturos
634 1420 702 1465 esse
717 1411 876 1484 negarent,
893 1402 1029 1485 oppidani
1042 1413 1138 1465 autern
1149 1402 1238 1466 etiam

120 1526 178 1569 soa
192 1514 298 1589 sponte
314 1501 478 1568 Caesareus
494 1504 629 1586 recipere
644 1516 836 1583 conarentur,
854 1505 1020 1588 desperetis
1036 1505 1171 1569 omnibus
1186 1526 1240 1570 au·

120 1608 205 1671 xiliis
227 1617 330 1691 portas
352 1605 471 1690 aperuit
491 1616 522 1669 et
543 1626 577 1669 se
600 1617 689 1690 atque
704 1608 841 1691 oppidum
858 1604 982 1671 Caesari
999 1608 1109 1671 dedidit
1123 1608 1238 1673 incolu-

121 1710 236 1792 misque
251 1709 287 1773 ab
304 1728 340 1772 eo
355 1719 552 1772 conseruatus
569 1721 626 1774 est.
661 1708 796 1793 Recepto
813 1706 929 1773 Caesar
944 1708 1037 1774 Orico
1053 1712 1132 1774 nulla
1147 1712 1242 1775 inter·
1253 1710 1297 1780 12

65 1822 97 1875 ts
120 1812 219 1896 posita
239 1832 323 1875 nrora
337 1810 524 1895 Apolloniam
548 1812 758 1894 proficiscitur.
800 1807 896 1875 Cuius
916 1813 1047 1876 aduentu
1069 1813 1171 1875 audito
1193 1811 1233 1875 L.

122 1911 302 1989 Staberius‚
320 1914 369 1999 qni
384 1913 422 1977 ibi
439 1924 595 1997 praeerat,
614 1935 717 1995 aquam
727 1926 913 1996 comportare
929 1915 958 1977 in
982 1935 1051 1978 curce
1069 1927 1156 1997 atque
1172 1935 1237 1977 eam

124 2014 241 2078 munire
257 2014 429 2098 obsidesque
446 2017 482 2080 ab
499 2015 738 2100 Apolloniatibus
754 2017 879 2098 exigere
896 2018 1002 2100 coepit.
1034 2015 1080 2081 llli
1099 2039 1171 2081 uero
1187 2015 1274 2081 ἀει-2

124 2129 208 2181 turos
223 2138 257 2181 se
272 2138 384 2201 negare
398 2138 496 2201 neque
512 2131 612 2201 portas
629 2118 742 2181 consuli
760 2117 967 2201 praeclusuros
984 2141 1078 2201 neque
1094 2121 1150 2182 sibi
1163 2120 1239 2182 iudi-

121 2221 198 2283 cium
221 2231 391 2304 sumpturos
415 2233 519 2284 contra
541 2232 629 2302 atque
652 2221 748 2283 omnis
770 2217 857 2282 ltalia
879 2220 1060 2303 populusque
1083 2221 1239 2284 Romanus

62 2333 98 2388 2⁰
121 2322 323 2386 iudicanisset.
357 2320 491 2405 Quorum
515 2324 634 2407 cognita
657 2324 810 2387 uoluntate
834 2322 907 2385 clam
932 2323 1062 2406 profugit
1078 2323 1273 2406 Apolloniad

122 2420 290 2488 Staberius.
323 2423 369 2489 Illi
386 2426 422 2489 ad
440 2422 603 2490 Caesarem
626 2427 741 2510 legatos
764 2426 884 2489 mittunt
900 2425 1061 2509 oppidoque
1078 2426 1236 2508 recipiunt.

120 2525 185 2591 Hos
200 2538 345 2592 secuntur
359 2526 561 2608 Bullidenses,
580 2529 734 2593 Amantini
753 2541 783 2593 et
796 2529 928 2612 reliquae
945 2530 1085 2593 finitimae
1101 2529 1239 2594 ciuitates
1254 2529 1276 2594 A

121 2640 240 2712 totaque
257 2629 366 2713 Epiros
381 2641 412 2694 et
426 2632 532 2715 legatis
548 2633 584 2694 ad
602 2629 763 2696 Caesarem
781 2633 893 2709 missis,
912 2655 986 2715 quae
1002 2635 1178 2716 imperaret,
1197 2633 1240 2696 l'a·

120 2743 223 2796 cturos
239 2733 428 2817 pollicentur.
460 2733 504 2796 At
524 2731 684 2818 Pompeius
708 2737 833 2818 cognitis
859 2735 903 2797 tis
927 2734 1034 2810 rebus,
1062 2756 1136 2817 quoe
1152 2745 1239 2796 crant
1252 2733 1296 2803 13

61 2843 97 2899 25
120 2830 202 2898 (brici
218 2846 306 2918 atque
321 2834 501 2920 Apolloniae
516 2850 620 2922 gesta,
646 2836 833 2922 Dyrrhachio
857 2838 963 2899 timens
988 2835 1102 2897 diurnis
1126 2856 1162 2898 co
1185 2856 1239 2897 no·

121 2937 294 3021 diurnisque
309 2939 466 3003 itineribus
483 2942 645 3004 contendit.
674 2938 767 3004 Siruul
778 2937 893 3003 Caesar
908 2938 1142 3020 appropinquare
1158 2935 1275 3000 tice-2

230 3087 240 3138 l
258 3087 375 3137 omnibus
388 3090 469 3155 copiis
483 3090 644 3152 ba’cponnnt
657 3089 741 3152 codd,
754 3095 819 3153 port
832 3089 970 3138 Caesarum
982 3086 1019 3150 (2)
1035 3085 1120 3136 Aldus
1133 3102 1160 3135 n.

121 3190 178 3243 2et
189 3205 205 3239 o
216 3190 262 3252 be,
277 3197 306 3239 ut
319 3206 345 3240 a.
452 3190 581 3241 nuntiauit
594 3206 652 3255 ego,
668 3193 800 3242 nuntiaret
814 3191 889 3241 codd.
1015 3189 1030 3240 3
1044 3188 1154 3255 iterque]
1168 3189 1239 3254 itque

121 3266 185 3330 (rie)
198 3282 223 3328 o,
239 3273 316 3333 atque
330 3269 374 3317 be.
481 3269 597 3335 hyberna
610 3269 787 3336 Appolloniarn
803 3269 1001 3334 Diracbiurnque
1015 3284 1041 3319 n.
1158 3271 1172 3318 5
1187 3271 1237 3332 Ap-

121 3346 300 3412 pollonisrnn.
406 3350 599 3400 maritumneo.
705 3351 985 3401 beodesndieom.b.
1069 3350 1238 3400 ltlrseuntn.

231 3424 462 3477 strtinorumn.
568 3428 735 3479 9Grecoso.
843 3429 1081 3493 lboseendere().
1188 3428 1241 3478 ius-

124 3501 206 3552 sisset
219 3501 243 3552 b.
312 3519 341 3554 se
355 3521 408 3555 orn.
424 3508 497 3554 ‘mse
513 3504 546 3565 t¹,
559 3512 623 3569 port
634 3514 792 3571 pugnaturos
806 3507 860 3568 (ll)
872 3511 951 3571 ponit
964 3510 987 3558 b.
1069 3507 1097 3558 ll
1114 3522 1171 3557 esse
1184 3522 1238 3557 om.

122 3594 151 3630 a.
254 3589 341 3633 autem
354 3584 627 3635 mellessormdett.
735 3584 995 3650 leppnlloniarnn.
1102 3586 1239 3647 cuiusnb,

122 3657 179 3709 eius
191 3673 218 3708 st.
368 3660 399 3710 16
413 3660 548 3711 Staberius
561 3661 648 3711 Aldus
661 3677 752 3726 nepos,
769 3661 919 3711 Stroberius
933 3676 949 3710 n
965 3662 1036 3709 ‘rnen
1052 3665 1079 3709 et
1091 3660 1151 3710 edd.
1167 3659 1240 3723 qna!

230 3751 291 3787 eree
304 3737 353 3798 ub,
370 3753 456 3788 arcein
469 3755 497 3788 u.
570 3741 600 3790 ll
614 3741 723 3805 populus
737 3739 866 3790 Romanus
879 3756 896 3788 n
910 3740 946 3803 (r'r
959 3755 983 3805 p.
1000 3738 1036 3802 r.)
1049 3741 1121 3786 ‘run¹
1136 3738 1239 3789 neulti’.

229 3815 259 3868 21
276 3815 426 3866 Straberius
439 3832 465 3866 n.
554 3818 687 3869 tatione.
766 3825 928 3868 secunturu.
1000 3815 1164 3866 bullidenses
1180 3816 1241 3867 Gt«-

122 3905 230 3956 mnus,
245 3892 400 3942 llillldenses
413 3908 429 3941 n
443 3898 469 3942 et
481 3896 521 3942 sic
533 3900 583 3943 ont
597 3893 782 3960 ‘Byllidenses‚
796 3894 959 3943 Bellidenses
973 3890 1046 3941 mss!
1150 3892 1242 3944 Arnon·

23 4032 25 4037 ,
123 3971 358 4032 tiniVurcosauus,
375 3971 505 4021 Amotbini
518 3988 535 4021 n
548 3978 574 4021 et
586 3976 627 4021 sic
639 3976 686 4022 orat
696 3971 809 4021 Antatini
821 3970 914 4031 ‘ansr.’,·
928 3970 1074 4021 Amantinni
1085 3969 1241 4022 Cdoocorss'us

122 4063 150 4098 u.
256 4048 288 4103 23
299 4047 391 4113 Epiros
404 4050 452 4111 ab,
467 4064 519 4098 nun
529 4048 632 4114 Epirus.
737 4049 770 4100 2⁴
784 4049 823 4097 bis
836 4065 883 4111 ns,
899 4048 1092 4114 iisStepdanru
1105 4065 1132 4099 n.

122 4126 156 4178 2⁵
169 4133 242 4189 gesta
255 4127 303 4189 ab,
317 4134 407 4189 gestae
420 4142 446 4175 n.
568 4124 691 4176 Diracbio
704 4139 731 4173 n.
844 4126 943 4176 diurnis
957 4141 1002 4176 seu
1017 4128 1199 4190 nocturnisque
1212 4140 1239 4188 a,

123 4203 224 4254 diurnis
236 4220 283 4254 seu
296 4204 430 4254 nocturnis
444 4205 467 4265 b,
483 4204 583 4255 diurnis
597 4203 782 4269 nocturnisque
796 4219 819 4253 e.
950 4205 983 4260 26
996 4205 1073 4257 simul
1087 4205 1241 4257 Oudendor-

119 4285 198 4346 ptus,
214 4281 323 4332 simulac
336 4280 413 4332 codd.
427 4280 459 4330 Ρ.
476 4281 532 4333 lbi.
