2692 4688
434 207 818 289 ,-rsr-

95 386 171 450 baec
184 383 297 466 scripto
313 393 401 445 sunt:
428 381 485 445 ‘At
497 379 625 446 Pontica
642 403 683 447 ex
697 383 791 447 altera
807 393 892 468 parte
907 383 998 468 legio,
1020 406 1087 450 cnm
1101 387 1220 472 poclum

95 505 207 553 sncrsa
229 483 364 548 bostibns
380 485 543 563 cessisset,
569 487 678 548 lossem
700 495 798 549 nutem
820 487 979 552 circumire
993 489 1075 552 acics
1089 492 1222 557 secundo

95 598 205 654 conata
222 596 317 664 esset,
333 598 367 650 ut
381 598 485 671 aperto
496 587 591 651 latere
605 587 824 673 aggrederetur
834 589 962 666 bostem,
978 589 1010 652 in
1021 590 1224 673 ipsctreusitn

96 693 200 756 mosne
216 691 336 753 contina
352 699 384 752 et
398 710 539 774 oppressa
557 690 626 753 est'.
651 689 752 755 Verba
767 689 861 754 ‘acies
876 691 1015 754 secundo'
1032 691 1104 774 quin
1119 715 1224 759 corru-

97 806 146 879 pte
161 802 279 868 essent,
298 803 382 855 recte
397 810 484 854 nemo
500 791 658 855 dubitauit.
688 792 824 877 Apparet
844 802 941 855 antem
957 789 1112 858 Ponticum
1133 795 1225 877 legio·

97 917 165 960 ne·
187 894 288 959 simile
309 892 419 976 aliquid
442 904 579 957 coccum
603 914 683 971 esse,
701 905 790 976 etque
812 893 997 958 etricesima
1013 905 1101 958 sextu
1117 897 1226 960 iactum

97 1007 175 1063 crst.
205 997 251 1060 At
267 996 391 1080 ‘inipso
407 997 537 1060 transitu
552 997 652 1060 lcssne
667 997 785 1060 eoniixr
801 1006 834 1060 et
846 1016 988 1080 oppressa
1004 994 1075 1060 est'.
1106 994 1227 1061 Dictum

97 1099 191 1185 igitur
213 1107 304 1161 nntea
323 1105 391 1159 erat
411 1117 477 1159 earn
500 1097 610 1160 fossam
633 1097 763 1161 transire
786 1096 929 1160 noluisse.
969 1095 1074 1182 ltaque
1096 1097 1171 1164 llaec
1186 1100 1228 1164 its

99 1200 286 1266 emendanda
310 1199 431 1282 putaui:
457 1200 586 1262 ‘lessam
608 1208 708 1262 antem
725 1198 882 1262 circumire
897 1219 933 1262 uc
947 1200 1163 1265 transcendero
1177 1223 1228 1265 co-

101 1313 170 1369 nstr
183 1304 291 1367 esset’.
322 1298 420 1364 Recte
436 1296 668 1382 Oudendorpius
691 1311 796 1363 contra
813 1295 969 1363 Clarkinm
985 1303 1115 1386 disputet
1130 1305 1228 1369 fossas

100 1405 166 1471 illas
180 1401 371 1468 ePbarnace
386 1401 539 1465 institutes
556 1422 614 1464 non
631 1423 648 1464 a
665 1402 762 1465 fronte
778 1412 808 1463 et
823 1412 909 1484 tergo
924 1402 1000 1466 aciei
1017 1405 1119 1468 doctus
1134 1405 1229 1471 inisse

103 1510 181 1595 (qua
196 1505 294 1570 altera
312 1507 391 1567 losse
408 1504 476 1587 quid
492 1513 610 1588 poterat
624 1504 739 1567 institui
755 1504 990 1587 peruersins'l),
1015 1505 1067 1569 sed
1083 1506 1228 1572 adunbns

105 1608 264 1673 lateribus:
289 1607 320 1670 id
342 1606 420 1688 quud
434 1607 477 1669 ite
492 1625 561 1669 esse
575 1604 638 1689 ipsa
655 1604 746 1670 Hirtii
762 1605 853 1670 uerba
868 1607 987 1671 docent.
1025 1603 1112 1689 Quod
1134 1608 1230 1694 igitur

102 1709 230 1775 Pontice
245 1698 324 1792 legio
340 1709 450 1772 lessam
468 1707 626 1771 circumire
642 1707 772 1772 noluisse
788 1709 909 1786 dicitur,
933 1709 975 1772 ita
991 1718 1038 1771 est
1051 1707 1230 1795 intellegen-

104 1814 187 1893 dum,
214 1832 280 1876 eam
297 1812 333 1874 ed
349 1809 500 1875 sinistram
517 1821 630 1894 partem
646 1810 789 1892 cessisse,
812 1820 844 1872 ut
858 1810 1010 1895 regionem
1027 1811 1127 1874 iussae
1142 1831 1230 1896 snpe-

104 1926 208 1990 caret,
234 1913 340 1976 deinde
356 1925 454 1975 autern
471 1932 619 1975 conuersa
636 1912 673 1974 ad
694 1914 804 1975 fossam
821 1911 993 1995 perueniret
1008 1931 1133 1995 eemqne
1147 1923 1231 1976 tram

105 2017 279 2083 scenderet.
316 2011 424 2098 Neque
447 2014 512 2090 hic,
547 2013 617 2095 qnid
648 2014 870 2096 requireretur,
901 2011 1048 2077 lurinium
1071 2014 1159 2098 lngit,
1178 2016 1232 2082 sed

106 2119 189 2203 qnod
206 2116 333 2180 coniecit
356 2119 486 2180 ‘fossam
503 2128 600 2178 sutem
618 2115 748 2179 transire
764 2115 845 2178 acies
861 2115 991 2178 secunda
1010 2118 1229 2197 ecnetaesset',

106 2233 136 2288 et
149 2244 169 2285 a
186 2217 338 2283 codicibus
347 2203 464 2304 lbngius
475 2217 598 2290 recedit,
616 2237 724 2300 neque,
742 2216 810 2300 quid
825 2215 869 2279 itc
883 2216 1137 2280 secundatnntum
1152 2219 1232 2284 ecies

108 2329 219 2419 fossam
237 2321 366 2386 transire
381 2321 523 2397 uoluerit,
541 2320 737 2403 intellegitur.

194 2423 234 2491 C.
252 2425 307 2502 45,
322 2423 346 2487 2
360 2424 503 2487 edebatur
521 2421 681 2486 ‘distensis
696 2421 760 2485 suis
776 2423 930 2500 nanibus’‚
955 2431 1079 2505 eratque
1095 2421 1151 2486 boc
1167 2421 1235 2486 uni·

109 2554 193 2604 cnm,
218 2525 424 2612 quodecim,
448 2524 635 2606 exemplum,
660 2544 752 2607 quoa
773 2526 967 2589 distendendo
987 2525 1109 2589 formari
1122 2525 1235 2591 disten·

110 2656 171 2699 sum
190 2631 431 2697 confirmaretur.
464 2625 508 2689 At
527 2627 558 2690 in
580 2625 698 2709 optimis
713 2627 798 2689 codd.
818 2627 988 2690 ‘distorsis'
1004 2628 1130 2709 legitur,
1155 2629 1234 2712 quod

112 2733 291 2822 ‘dispersis'
307 2731 451 2813 scriptum
468 2729 559 2793 luisse
576 2729 770 2792 demonstrat.
802 2726 911 2812 Longe
926 2737 1024 2790 autem
1041 2729 1234 2811 plurimorum

111 2840 291 2912 uerborum,
316 2854 392 2916 quae
408 2853 425 2895 a
441 2832 589 2895 tendendo
605 2831 804 2909 descendunt,
831 2843 860 2895 et
876 2830 962 2894 ualde
977 2850 1048 2892 rara
1063 2840 1134 2893 sunt
1149 2830 1235 2893 buius

114 2945 223 3007 lernae
239 2936 377 3019 exempla
392 2944 422 2998 et
437 2933 577 3018 pleraque
593 2954 653 2995 non
669 2933 742 2996 satis
758 2953 775 2996 n
792 2932 942 2996 codicibus
959 2933 1086 2994 firmata.

194 3040 236 3108 C.
254 3037 309 3115 49,
326 3037 347 3099 2
363 3038 437 3100 baec
453 3036 599 3099 eduntur:
620 3035 775 3117 ‘pecuniae
791 3033 985 3117 locupletibus
1001 3032 1237 3116 imperabantur,

113 3142 355 3231 quonginus
371 3138 428 3201 sibi
444 3157 594 3220 expensas
610 3136 684 3199 lerri
699 3158 757 3199 non
767 3134 1070 3218 tantumpatiebatnr,
1088 3137 1239 3201 sedetiam

116 3248 254 3335 cogebat,
271 3245 302 3307 in
320 3260 441 3326 gregem
456 3238 647 3322 locupletium
663 3237 856 3301 simultatium
874 3256 983 3301 causae
997 3239 1241 3303 tenuesccnieic·

115 3349 244 3415 bantnr'.
276 3343 359 3409 Tctc
375 3340 512 3404 hocloco
528 3341 565 3402 de
580 3351 706 3423 quaestu
722 3341 839 3424 agitur,
864 3360 949 3423 quem
965 3336 1090 3405 Cassius
1106 3342 1241 3425 pecuniis

114 3474 131 3517 a
145 3445 384 3537 prouincialibus
400 3441 605 3527 exprimendis
621 3444 804 3507 exercuerit.
836 3440 885 3504 Aa
901 3463 987 3524 qnam
1010 3463 1072 3506 rem
1089 3443 1158 3526 quid
1174 3464 1242 3528 per·

116 3556 242 3627 licebat,
269 3548 347 3635 qnod
367 3545 528 3629 locupletes
552 3545 611 3607 leui
633 3545 670 3608 de
691 3567 781 3608 causa
805 3544 938 3608 odisset?
967 3541 1010 3606 Et
1023 3545 1109 3626 quale
1126 3547 1181 3609 boc
1196 3558 1244 3611 cst

116 3656 263 3724 medonis
279 3669 386 3735 genus,
402 3647 585 3711 simultatum
594 3648 740 3710 causasin
756 3668 877 3731 gregem
893 3646 1081 3729 locupletium
1091 3647 1245 3712 coniceret

115 3757 202 3824 Lene
218 3756 268 3819 bic
284 3751 421 3816 mendum
438 3760 503 3828 est,
529 3749 606 3831 quod
624 3749 720 3833 posita
743 3749 892 3832 scriptura
907 3747 1011 3831 optimi
1026 3749 1138 3813 codicis
1156 3747 1244 3814 Leid.

118 3883 178 3946 pr·.,
197 3861 246 3923 eni
263 3878 342 3920 nune
359 3851 474 3916 aceedit
488 3847 648 3930 Perseo,
667 3851 774 3914 dudum
793 3850 952 3914 tollendum
968 3861 1043 3914 erat.
1069 3848 1104 3915 ln
1115 3852 1151 3916 iis
1167 3852 1246 3917 enim

119 3964 194 4029 baec
209 3964 254 4026 ita
270 3960 425 4042 leguntur:
446 3957 489 4021 ‘in
497 3976 619 4040 gregem
635 3953 825 4037 locupletium
834 3952 1028 4016 simultatium
1039 3975 1129 4018 cansa
1142 3965 1248 4019 tenues

120 4062 371 4131 ennieiebaetnr'.
403 4059 470 4123 lloe
486 4059 558 4123 dicit
572 4056 710 4135 Hirtius,
728 4055 863 4120 homines
880 4067 1005 4135 tenues,
1023 4056 1093 4139 quia
1107 4054 1248 4139 Longino

121 4178 211 4234 snut
224 4165 330 4241 inuisi,
347 4163 449 4227 eadem
466 4182 572 4246 passos
587 4178 667 4237 esse,
685 4179 761 4241 quae
778 4158 952 4243 locupletes.

209 4265 250 4334 C.
260 4264 314 4347 53,
331 4263 353 4331 6
368 4265 442 4331 baec
457 4263 650 4348 legebantur:
671 4257 781 4325 ‘Nemo
791 4262 871 4325 enim
885 4272 938 4325 aut
951 4262 981 4325 in
998 4258 1153 4344 prouincia
1161 4264 1250 4318 natus
