2692 4688
554 197 796 313 erumnas
1231 244 1301 315 nr

118 421 233 502 hosque
241 414 396 482 Brundisii
411 419 442 481 in
459 437 553 482 nunes
567 418 726 502 impositis,
736 429 771 482 ut
784 429 851 482 erut
860 427 1050 502 praeceptum
1062 413 1237 494 aCaesare,

118 531 261 606 quantum
284 520 404 583 nauium
428 521 597 585 facultatem
619 521 766 598 hahebat,
791 541 884 585 naues
907 519 999 584 soluit
1021 519 1198 602 paulumque
1220 541 1238 583 a

116 634 205 708 pono
219 642 398 707 progressus
413 623 531 688 litteras
546 618 705 688 sCaesere
720 623 839 707 accipit,
852 621 956 706 quihus
968 631 1017 684 est
1024 620 1134 685 certior
1143 621 1238 685 laetus

117 736 221 809 portus
237 725 383 806 litoraque
398 725 498 788 omnia
513 725 660 790 classibus
673 726 916 791 aduersariorum
931 724 1038 788 teneri
1115 763 1120 776 ·

80 839 97 889 t
512 851 548 890 ιο
563 849 635 893 ενοι
650 849 840 893 nnvnmsrvnr.

202 931 249 1009 (a.
266 927 323 1011 ta)
343 928 434 993 Caes.
446 929 475 993 b.
491 932 554 994 eiu.
571 930 748 1011 III,25,l=
773 925 891 994 Caeam
905 925 1097 993 Brundisium
1113 926 1152 989 ad
1165 945 1236 991 suos

117 1031 256 1094 seuerius
272 1030 411 1115 scripsit,
429 1033 509 1096 nacti
525 1031 663 1097 idoneum
680 1044 802 1096 uentum
818 1053 857 1096 ne
872 1031 1060 1094 occasionem
1075 1027 1236 1111 nauigandi

116 1133 320 1210 dimitterent,
342 1134 368 1196 si
389 1135 438 1197 uel
459 1135 496 1198 ad
512 1135 602 1200 litora
617 1134 852 1220 Apolloniatium
867 1154 987 1199 aurnum
1002 1133 1134 1216 dirigere
1148 1141 1236 1213 atque

116 1254 154 1298 oo
168 1254 262 1298 nunes
279 1236 377 1299 eioare
392 1249 527 1320 possent.

60 1346 92 1399 to
538 1363 576 1403 nn
592 1361 626 1402 ιι.
643 1360 809 1406 ικτοπτνκ.

201 1441 247 1519 (a.
264 1438 320 1520 48)
338 1439 407 1504 Cic.
424 1441 470 1504 ad
476 1441 548 1505 Ata
562 1442 628 1521 XI,
637 1440 721 1520 7,2:
745 1440 795 1505 Ad
809 1461 857 1504 ma
872 1440 954 1504 misit
965 1437 1118 1503 Antonius
1133 1456 1237 1503 exem·

115 1540 193 1623 plum
211 1536 353 1605 Caesaris
369 1544 404 1605 ad
421 1564 454 1607 se
469 1542 650 1622 litterarum,
659 1544 691 1607 in
706 1543 813 1627 quibus
829 1553 897 1607 erat
911 1561 945 1606 se
961 1541 1080 1606 audisse
1088 1534 1237 1605 Catonem

116 1651 147 1704 et
169 1639 207 1704 L.
224 1641 381 1708 Metellum
403 1646 434 1709 in
450 1642 567 1710 ltaliam
591 1645 731 1723 uenisse,
749 1643 865 1709 llomae
887 1656 921 1708 ut
942 1654 1046 1709 essent
1064 1642 1180 1727 palam:
1205 1642 1237 1705 id

114 1743 171 1806 sihi
187 1766 247 1808 non
263 1746 400 1828 placere,
419 1768 456 1810 ne
471 1749 521 1829 qni
537 1759 634 1811 motus
650 1767 692 1811 ex
706 1767 742 1811 eo
758 1749 882 1824 fierent,
908 1745 1116 1832 prohiberiquc
1131 1764 1235 1808 omnes

61 1855 92 1908 tt
113 1843 221 1924 ltalia,
247 1847 305 1910 nisi
321 1866 446 1927 quorum
461 1849 526 1931 ipse
542 1868 664 1912 causam
680 1849 895 1932 cognouisset3
913 1848 1007 1932 deque
1023 1867 1059 1910 oo
1074 1847 1236 1912 uehemen-

112 1949 171 2012 tius
187 1956 254 2009 orat
267 1948 421 2030 seriptum.

197 2048 246 2130 (a.
262 2046 319 2128 ll)
338 2045 404 2110 Cia.
424 2047 506 2112 Phil.
524 2050 571 2127 ΙΙ,
589 2047 643 2128 lu,
655 2049 735 2116 1032
760 2049 909 2115 Varronis
923 2047 1097 2116 Casinatem
1113 2051 1236 2115 fundum

113 2152 180 2233 quis
195 2150 316 2213 uenisse
331 2149 506 2232 dicatiquis
523 2151 635 2215 hastam
650 2154 738 2218 istius
755 2152 936 2217 uenditionia
949 2153 1118 2235 uidithuis
1130 2171 1236 2217 uocem

113 2253 272 2337 praeconis
287 2251 424 2316 audiuit?
446 2251 573 2318 Misisse
588 2254 662 2318 dicis
677 2254 913 2329 Alexandriam,
931 2255 980 2337 qui
995 2263 1109 2318 emeret
1123 2275 1142 2318 s
1157 2249 1236 2319 Cae-

55 2365 90 2419 20
113 2373 193 2418 sare.
219 2351 317 2439 lpsum
334 2355 412 2418 enim
428 2367 591 2439 expectare
606 2377 744 2441 magnum
761 2358 832 2424 luit!
860 2352 937 2438 Quis
953 2373 1026 2419 uero
1042 2354 1156 2418 audiuit
1172 2375 1236 2418 um·

112 2477 200 2540 qnam
216 2458 341 2539 (nullius
357 2467 456 2521 autem
472 2460 554 2522 salus
570 2479 661 2523 curae
676 2460 809 2544 pluribus
825 2459 893 2546 luit)
901 2459 938 2523 de
950 2456 1077 2522 fortunis
1085 2454 1236 2521 Varronis

112 2579 176 2622 rem
197 2560 285 2623 ullam
310 2580 379 2623 esse
395 2559 580 2624 detractam?
602 2557 703 2643 Quid?
724 2563 752 2627 si
767 2562 855 2627 etiam
871 2559 994 2646 scripsit
1008 2561 1044 2623 ad
1060 2569 1090 2624 te
1104 2556 1231 2636 Caesar,

112 2670 145 2724 ut
159 2662 313 2737 redderes,
332 2663 401 2745 quid
415 2663 489 2724 satis
507 2672 603 2746 potest
618 2664 677 2728 dici
693 2664 729 2726 da
744 2674 827 2727 tanta
842 2662 1048 2748 impudentia?

448 2786 487 2826 sn
503 2789 533 2837 o.
550 2785 707 2829 usrnnnvu
722 2786 890 2829 seratam.

53 2876 89 2930 2⁵
195 2865 240 2946 (a.
258 2863 314 2946 48)
333 2864 425 2929 Caes.
445 2865 475 2930 h.
492 2869 556 2931 cs‘u.
573 2866 639 2945 ίίί,
656 2865 760 2946 57,1ι
784 2865 869 2931 Haec
885 2886 950 2930 cum
966 2864 998 2928 in
1012 2863 1129 2928 Achaia
1143 2874 1234 2945 atque

110 2966 187 3050 apud
202 2964 424 3052 Dyrrhachium
445 2982 643 3054 gererentur,
661 2966 891 3055 Soipionemque
906 2970 938 3032 in
952 2965 1163 3031 Macedoniam
1179 2986 1233 3030 ue·

111 3070 193 3132 nisse
209 3079 380 3145 constaret,
398 3091 458 3133 non
475 3071 583 3133 oblitus
598 3071 717 3154 pristini
731 3072 861 3135 instituti
876 3067 993 3134 Caesar
1007 3069 1099 3133 mittit
1111 3069 1149 3133 ad
1164 3086 1232 3133 cnm

109 3170 155 3234 A.
173 3166 331 3248 Clodium,
354 3191 438 3234 snum
454 3181 542 3253 atque
556 3171 638 3235 illius
654 3173 847 3251 familiarem,
871 3192 957 3255 quem
972 3171 1011 3235 ah
1024 3171 1076 3234 illo
1091 3171 1231 3235 traditum

109 3272 195 3335 initio
216 3285 247 3336 et
268 3274 504 3336 commendatum
525 3275 558 3337 in
579 3293 702 3338 snorum
725 3276 963 3339 necessariorum
978 3293 1104 3340 numero
1120 3273 1231 3338 hahere

52 3383 87 3436 att
108 3373 291 3438 instituerat.
319 3372 398 3438 lluie
413 3375 463 3437 dat
476 3375 593 3439 litteras
608 3377 808 3460 mandataque
821 3376 859 3440 ad
874 3395 952 3439 eum.

218 3529 234 3580 d
247 3530 407 3595 Appianas,
418 3536 565 3597 postquam
578 3533 667 3597 s'psum
682 3530 824 3582 Caesarem
838 3531 1015 3583 Brundisium
1027 3531 1099 3581 alam
1111 3532 1229 3581 traicere

102 3606 218 3674 γίνοιτο
231 3612 358 3658 conatam
371 3624 428 3657 osse
439 3612 583 3673 narrauit,
597 3611 663 3659 hasa
676 3609 776 3659 serths't
787 3609 811 3659 h.
825 3611 880 3660 otu.
893 3609 929 3672 ίί,
945 3610 992 3661 ⁵8:
1007 3603 1036 3657 ‘0
1049 3602 1072 3658 δ’
1086 3602 1174 3658 adnisa
1184 3601 1232 3672 Asi·

109 3685 206 3735 οτσθαι
217 3678 377 3751 προσδοκῶν
382 3680 556 3750 Ποστοῦμιον
566 3678 627 3736 ἄνθ’
641 3682 738 3736 ἑαυτοῦ
747 3681 894 3751 προσέταξε
904 3680 1064 3736 διοπίιῦοοί
1071 3688 1153 3736 snm
1160 3680 1238 3752 90⁴⁴

110 3779 156 3811 aas
168 3762 285 3827 Γαβινίῳ
306 3759 353 3813 τὸν
370 3759 484 3831 στρατὸν
502 3759 583 3817 εὐθὺς
601 3758 676 3830 ἄγειν
692 3757 738 3813 διὰ
750 3758 902 3827 θαλάσσης·
917 3756 988 3812 ἂνδ
1003 3756 1123 3828 ἀπειθῆ,
1142 3759 1229 3814 suisa

107 3833 288 3904 προστάττειν
296 3835 426 3902 Ἀντωνίῳ
439 3842 483 3888 καί
494 3839 575 3903 τρίτῳ
587 3837 658 3905 μετὰ
669 3835 717 3889 τὸν
725 3835 868 3890 ’Λντώνιον
880 3834 1006 3902 Καληνῷ.
1029 3830 1069 3888 ta‘
1097 3832 1106 3853 ’
1121 3831 1150 3888 οἱ
1158 3837 1229 3906 τρεῖς

108 3909 261 3971 ἀποκνοῖεν,
270 3909 396 3976 inmota
408 3910 476 3980 noha
487 3911 535 3963 τὸν
547 3911 661 3981 προτόν
672 3911 754 3964 aisis
766 3910 911 3982 ἐγέγραπτο
921 3909 1053 3978 mmsis
1059 3910 1228 3982 βουλόμενον

109 3987 197 4042 αὐτῶν
213 3984 257 4038 ἐπὶ
273 3987 321 4039 τὰν
332 3988 395 4043 sais
407 3987 522 4041 ἔπεσθαι
532 3990 571 4054 τῷ
582 3991 746 4056 Ποστουμίῳ
758 3995 803 4041 καί
814 3992 952 4059 καταίρειν
965 3987 1130 4056 ἀναχθέντας
1141 3985 1167 4045 ἰν
1179 4007 1230 4056 χοι-

107 4069 166 4135 ρίον
179 4063 204 4121 t's
217 4060 232 4119 ὅ
244 4085 272 4118 τι
284 4062 299 4115 ὃ
313 4059 411 4131 ἄνεμοι
423 4062 520 4138 ι’κφίρῃ
532 4061 618 4133 μηδὲν
629 4066 684 4118 τῶν
695 4068 763 4119 νεῶν
774 4063 966 4137 φειδομένους·
981 4064 1013 4120 οὗ
1025 4066 1076 4140 γὰρ
1087 4068 1156 4122 νεῶν
1166 4063 1229 4139 χρῄ-

108 4146 164 4208 ζειν
175 4145 310 4215 Καίσαρα,
325 4140 388 4196 ἀλλὰ
402 4139 517 4214 ἀνδρῶν.
636 4147 723 4212 tuqui
732 4151 826 4213 primo
838 4149 899 4200 ίοσο
911 4146 1073 4200 Vaticanus.
1184 4160 1229 4196 ne·

108 4224 178 4276 nisse
191 4226 260 4277 dicet
272 4224 433 4288 Vaticanus,
446 4224 561 4276 neniisse
574 4223 639 4274 dicit
649 4228 742 4275 ceteri.
846 4226 878 4280 ld
890 4225 995 4278 misisse
1008 4223 1171 4285 Vaticanus,
1182 4220 1228 4271 mi·

108 4301 176 4354 'sisso
188 4311 214 4355 te
227 4307 321 4356 aeteri.
425 4302 461 4361 22
472 4303 540 4372 qnod
552 4301 716 4356 Vaticanus.
