2692 4688
557 210 859 272 —w—

149 380 334 464 antiquiores
348 388 544 456 constanter,
567 377 646 460 qnod
660 377 773 454 seiam,
797 377 941 442 dixerunt
961 380 1071 464 ‘coepit
1086 379 1179 459 lieri',
1204 401 1271 444 com

150 483 207 547 boc
222 482 315 547 uerbo
329 503 389 545 nou
405 491 438 543 ut
455 480 589 564 passiuo,
616 481 669 543 sed
685 490 718 543 nt
732 479 889 562 deponenti
906 491 1081 545 uterentur:
1107 483 1154 546 bic
1170 485 1274 546 eadem

150 586 318 649 constantia
340 583 461 667 ponitur
481 590 628 667 ‘coeptum
645 596 692 647 est
707 580 781 645 lieri'
803 580 871 661 (69,
888 580 920 646 3.
944 582 999 660 78,
1016 583 1069 665 4),
1092 586 1168 667 4441
1184 583 1274 649 Liutio

151 686 296 751 familiare
320 695 368 749 cst
390 679 528 766 (XXIV,
551 682 605 746 47.
628 681 681 747 49.
706 681 815 763 XXV,
833 685 886 749 34.
910 683 1049 763 XXVII,
1066 685 1120 749 42.
1144 684 1272 764 XXXI,

148 788 203 855 23.
227 784 400 864 XXXVII,
420 784 486 868 18).
516 781 555 849 C.
575 782 627 862 10,
644 784 822 872 3seriptnm
839 796 902 849 est:
927 788 1274 852 ι4411444444144411444

149 903 178 956 et
194 901 325 955 ereetum
345 907 418 973 prae
433 908 467 951 se
481 886 623 972 gerebam
649 887 716 951 buic
739 889 968 972 acquiescebant
984 889 1149 965 homines',
1174 912 1274 972 quem·

149 994 306 1058 admodum
323 987 469 1054 Senecam
486 1009 533 1072 ep.
550 985 609 1066 III,
634 987 740 1071 3-(24)
755 991 798 1053 14.
816 1001 847 1054 41
861 987 1038 1055 Suetonium
1054 990 1118 1055 Vit.
1139 990 1275 1056 141444-

149 1105 197 1159 tus
220 1116 289 1160 esse
309 1091 440 1157 Forcell.
465 1091 636 1155 annotaoit:
667 1113 735 1155 nam
758 1094 833 1176 apud
862 1094 951 1156 4441.
975 1091 1047 1156 Tib.
1065 1092 1105 1156 31
1131 1101 1273 1179 ‘negante

149 1219 185 1261 co
208 1196 374 1261 destinatos
397 1194 591 1278 magistratus
614 1193 721 1258 abesse
744 1206 905 1279 oportere,
929 1204 961 1257 ut
976 1205 1150 1277 praesentes
1167 1196 1272 1260 bonori

149 1297 381 1383 acquiescerent
409 1297 583 1361 necessario
604 1293 738 1360 Wollius
762 1295 885 1360 Boberii
913 1297 1114 1360 coniecturam
1138 1299 1275 1381 probauit

150 1400 383 1467 ‘assuescerent'
401 1400 596 1462 emendantis.
621 1394 680 1462 Sed
690 1399 766 1482 quod
776 1399 806 1461 b.
817 1399 837 1461 l.
849 1396 933 1474 75,2
948 1397 1055 1479 legitur
1065 1399 1272 1480 ‘supersedere

149 1524 267 1590 pugnae
289 1498 530 1576 animaduertit',
560 1500 680 1574 dubito,
712 1521 752 1563 an
776 1510 857 1563 recte
880 1498 1009 1562 Dauisio
1034 1499 1155 1582 ‘pugna'
1177 1502 1273 1565 corri-

149 1605 276 1690 gendum
299 1603 397 1667 uisum
420 1602 471 1664 sit.
503 1598 663 1664 Particulis
682 1601 779 1685 ‘que',
807 1601 859 1664 ‘et'
876 1602 933 1664 sibi
948 1602 1197 1683 respondentibus
1213 1605 1272 1667 duo

149 1708 293 1772 uocabula
317 1724 515 1788 componere,
541 1715 574 1766 ut
597 1702 628 1766 b.
651 1705 672 1768 l.
689 1703 743 1778 72,
769 1703 788 1765 4
811 1704 1012 1788 ‘speciemque
1031 1712 1061 1764 et
1078 1703 1225 1767 uirtutem'
1242 1717 1273 1768 et

148 1808 202 1887 93,
220 1808 240 1872 3
264 1816 368 1891 ‘seque
384 1817 416 1870 et
430 1826 485 1870 sua
501 1804 601 1869 omnia
618 1816 648 1869 et
663 1805 809 1889 oppidum‘
826 1807 971 1889 legimus,
996 1826 1056 1867 nou
1075 1816 1121 1869 est
1142 1827 1182 1869 ex
1198 1828 1272 1870 con-

149 1902 307 1976 suetudine
330 1905 509 1978 Ciceronis,
533 1902 697 1983 Caesaris,
722 1905 834 1984 Hirtii,
866 1908 917 1970 sed
943 1906 1041 1970 Plauti
1066 1904 1201 1989 (Coptiu.
1228 1906 1270 1987 II,

147 2014 187 2087 2,
210 2010 286 2096 63),
311 2010 451 2075 Terentii
466 2007 563 2090 (Euo.
582 2005 622 2086 V,
639 2007 677 2082 2,
694 2007 748 2072 37.
779 2008 876 2072 Andr.
895 2007 951 2086 IV,
970 2008 1001 2085 1,
1019 2007 1071 2071 53.
1096 2010 1224 2095 Adelph.
1243 2009 1268 2087 l,

149 2115 181 2194 1,
198 2112 273 2196 39),
297 2108 434 2175 Saliustii
449 2107 530 2192 (lug.
548 2107 602 2173 26.
620 2107 673 2172 55.
690 2110 744 2174 76.
762 2111 815 2176 89.
832 2110 901 2196 91),
926 2110 1007 2176 Liuii
1025 2109 1195 2191 (XXXlll,
1217 2111 1268 2176 19.

147 2214 291 2295 XXXV,
315 2214 368 2280 41.
392 2209 549 2288 XXXVI,
575 2209 639 2295 19).
678 2211 757 2277 Nam
785 2215 860 2296 quod
884 2237 932 2300 ap.
958 2211 1049 2278 Caes.
1075 2214 1104 2277 1.
1128 2216 1186 2277 414.
1212 2213 1268 2294 111,

149 2317 212 2383 169
234 2331 314 2383 extr.
338 2319 395 2380 duo
418 2316 573 2381 enuntiata
592 2315 635 2378 ita
658 2327 891 2398 componuntur:
925 2325 1132 2401 ‘magnamque
1155 2318 1269 2401 regium

148 2441 258 2484 unomen
288 2420 363 2504 apud
391 2439 463 2482 snos
488 2417 695 2480 auctoritatem
722 2417 833 2481 babere
854 2419 1032 2483 existimans
1056 2430 1085 2483 et
1110 2430 1142 2482 41
1162 2419 1269 2504 potius'

149 2532 222 2586 cett.
248 2543 266 2585 4
288 2520 502 2584 consuetudine
526 2521 655 2583 omnium
680 2520 839 2594 abborret,
865 2530 1005 2603 44414444
1024 2521 1216 2586 vascosanus
1239 2533 1271 2586 et

149 2626 198 2691 alii
221 2625 350 2710 priorem
375 2623 508 2708 copulam
533 2621 716 2686 deleuerant.
756 2620 947 2706 Partieipium
971 2625 1064 2686 loturi
1084 2625 1113 2687 in
1137 2626 1195 2688 bue
1219 2626 1270 2688 14-

147 2729 294 2812 signando
316 2728 443 2813 positum
467 2721 645 2800 44111425,
662 2724 683 2787 4
708 2723 787 2785 ‘dnm
803 2725 877 2788 alios
893 2726 1048 2789 adiuturus
1063 2726 1270 2810 prolieiseitnr’

149 2829 248 2910 4165,
274 2832 294 2896 3
315 2825 617 2893 ι14411141444414414
640 2825 731 2889 certis
753 2826 916 2906 consedit',
940 2829 1019 2911 qued
1041 2850 1100 2892 uon
1123 2839 1193 2892 4414
1215 2826 1271 2892 Li·

147 2934 228 2997 uium
251 2933 314 2996 lieri
331 2950 494 2996 consuesse
509 2929 693 3014 grammatici
708 2928 827 2992 docent.
858 2926 1046 3012 Frequenter
1061 2930 1090 2992 iu
1107 2931 1269 2995 enuntiatis

146 3034 280 3100 relatiuis
301 3035 620 3118 plusquamperfectum
644 3030 770 3115 positum
787 3043 852 3108 est,
878 3031 927 3095 nbi
949 3034 1153 3116 imperfectum
1170 3032 1270 3116 requi·

146 3135 468 3215 4414144,4123,1.
500 3132 602 3213 31,1.
633 3130 687 3212 34,
704 3133 737 3196 4.
768 3132 822 3196 43.
852 3133 956 3212 44,1.
988 3134 1042 3213 75,
1060 3134 1092 3198 3.
1123 3134 1211 3212 89,1
1238 3146 1268 3199 41

147 3238 263 3303 4114414
279 3237 420 3320 temporis
436 3235 713 3320 significatione7ti,
730 3239 753 3299 2
769 3236 816 3298 ‘ad
831 3236 967 3319 oppidum
984 3236 1146 3300 Tirisdram
1162 3256 1269 3321 perue-

146 3341 212 3418 nit,
235 3339 266 3402 in
289 3360 346 3421 quo
367 3333 529 3402 Considius
550 3359 605 3424 per
626 3338 654 3401 id
678 3350 792 3421 tempus
810 3337 935 3413 luerat‘,
960 3337 1051 3416 88,3
1075 3339 1188 3401 ‘liberis
1205 3339 1268 3402 suis

145 3437 186 3505 L.
212 3437 358 3518 Caesari,
392 3439 440 3522 qui
469 3451 530 3503 tum
562 3441 590 3504 ci
621 3463 673 3524 pro
704 3451 862 3522 quaestore
893 3442 1007 3516 luerat,
1031 3441 1267 3520 commendatis',

146 3539 201 3620 89,
218 3541 239 3605 2
262 3536 316 3621 ‘Q.
333 3539 476 3625 Ligario,
501 3536 540 3604 C.
558 3537 702 3605 Considio
719 3541 791 3618 lilio,
817 3540 939 3622 quitum
955 3542 995 3604 ibi
1015 3545 1152 3620 fuerant,
1176 3544 1267 3606 uitam

147 3643 319 3707 eoncessit‘.
359 3641 425 3706 1144
456 3642 492 3706 ab
522 3644 560 3707 iis
580 3644 796 3727 scriptoribus,
826 3643 875 3725 qui
899 3657 1039 3707 accurate
1062 3656 1093 3709 ot
1114 3647 1270 3727 eleganter

145 3744 349 3830 scripserunt,
374 3765 496 3828 perraro
517 3747 627 3808 lactum
650 3758 707 3810 est.
740 3742 881 3810 Caesaris
905 3746 1041 3812 etllirtii
1063 3749 1200 3830 exenipla
1216 3769 1269 3830 po-

146 3845 209 3911 suit
223 3841 424 3910 Sebueiderus
440 3868 470 3931 p.
490 3845 562 3924 135,
581 3869 621 3910 ex
637 3849 742 3930 quibus
759 3859 857 3912 tamen
874 3851 946 3912 bace
963 3860 1076 3912 tantum
1092 3860 1160 3932 apta
1175 3861 1265 3913 44414

144 3948 177 4010 1.
201 3944 282 4009 Gall.
313 3943 355 4025 Il,
386 3948 419 4026 6,
449 3949 470 4012 4
502 3947 611 4013 ‘Iccius
634 3948 769 4030 Ilemns,
799 3953 847 4034 qui
870 3965 930 4016 tum
954 3953 1059 4036 oppido
1082 3952 1266 4034 praefuerat,

144 4049 280 4113 nuntium
303 4050 339 4112 41
356 4046 516 4114 Caesarem
533 4052 649 4129 mittit',
672 4051 762 4130 Vlll,
785 4053 853 4132 2‚1
881 4056 1027 4137 ‘adiungit
1048 4055 1194 4138 legionem
1211 4076 1267 4118 uo-

144 4150 309 4228 decimam,
332 4172 409 4234 quae
431 4151 566 4235 proxima
589 4154 714 4232 fuerat',
741 4154 793 4233 54,
818 4154 838 4218 3
862 4157 1005 4240 ‘quintam
1030 4156 1183 4221 decimam'
1207 4157 1266 4238 (le-

142 4253 262 4338 gionem
284 4253 390 4337 dicit),
416 4261 514 4339 ‘quam
537 4255 566 4320 in
592 4254 691 4321 Gallia
713 4259 853 4323 citeriore
877 4258 1038 4336 babuerat,
1064 4270 1266 4324 444444144-
