2684 4694
490 206 825 273 -tut-

95 481 223 543 baeorta
234 480 362 543 uidetur:
376 476 590 564 ‘Ipseimperat
596 480 719 563 reliquis
728 480 900 544 ciuitatibus
910 482 1027 547 obsides
1036 410 1217 567 dldbiquellll

94 583 140 645 rei
156 582 328 645 constitnit:
354 603 457 646 omnes
478 581 603 665 equites'
620 593 707 659 cett,
732 583 773 645 ita
797 594 847 660 ut,
871 604 937 646 emn
953 605 1058 673 errore
1073 587 1216 669 seriptum

95 693 179 747 esset
195 682 353 766 ‘denique'
377 694 407 748 et
432 685 480 747 ‘ei
496 682 571 758 rei',
595 684 642 746 uel
668 704 759 767 supra
782 706 833 748 eas
858 706 949 750 noces
965 685 1014 749 uel
1033 687 1065 749 in
1079 691 1216 772 margine

93 786 257 869 ascriptum
274 786 443 850 existimem
462 787 551 849 ‘diem
567 785 657 863 buio',
675 787 891 868 qun‘diemque
906 787 975 850 bnie
990 787 1046 850 rei'
1062 792 1215 873 corrigen-

93 889 162 951 dum
178 909 247 951 esse
262 889 494 971 significaretur.
527 886 593 951 Eae
609 909 700 952 uoces
716 889 841 963 deinde,
865 901 898 952 ut
918 910 1009 973 saepe
1029 892 1139 954 lactum
1155 904 1214 970 est,

92 990 191 1054 alieno
199 990 266 1053 loeo
276 989 375 1053 illatae
383 1000 465 1068 sunt,
475 1000 507 1053 et
515 1011 567 1073 pro
580 989 668 1053 ‘buic'
677 1002 841 1074 peruagatus
851 1012 956 1055 errore
969 991 1048 1055 ‘bue'
1059 994 1214 1076 seriptum.

178 1087 217 1154 C.
234 1089 288 1168 65,
305 1091 325 1155 5
341 1093 372 1155 in
388 1092 434 1156 bis
449 1092 568 1157 uerbis:
591 1091 717 1156 ‘Eorum
732 1095 876 1171 aduentu,
893 1094 971 1176 quod
986 1093 1084 1157 minus
1099 1096 1215 1160 idoneis

92 1195 176 1277 equis
190 1193 369 1268 utebantur,
392 1215 411 1255 a
433 1194 561 1257 tribunis
578 1194 702 1257 militum
723 1195 920 1279 reliquisque,
944 1198 1044 1260 sedet
1065 1198 1214 1279 equitibus

93 1296 238 1359 linusanis
255 1308 343 1379 atque
358 1297 493 1360 euocatis
508 1318 600 1379 equos
616 1298 707 1360 sumit
722 1294 942 1380 Germanisque
956 1298 1116 1362 distribuit’
1132 1310 1215 1366 recte

91 1398 144 1461 illa
161 1400 224 1461 ‘sed
241 1398 280 1462 et'
296 1409 366 1462 ante
382 1396 569 1484 scaligerum
586 1399 811 1463 emittebantur.
856 1399 936 1464 Nam
954 1413 986 1463 ut
1010 1401 1062 1464 ‘et'
1084 1405 1214 1485 particu-

92 1502 150 1565 ten
167 1502 375 1578 toleraremus,
393 1523 481 1583 quam
490 1498 653 1566 Caesarem
663 1523 821 1583 numquam
833 1503 865 1564 in
880 1503 1061 1566 intendendo
1077 1506 1213 1586 posuisse

92 1624 121 1686 p.
138 1600 181 1665 ed
195 1604 317 1681 menni,
342 1604 411 1686 quid
432 1604 475 1667 ite
489 1604 657 1668 mirabilius
672 1615 739 1668 erat
752 1605 790 1668 ab
803 1603 951 1686 equitibus
959 1601 1104 1669 Romanis
1120 1627 1213 1688 equos

91 1717 227 1788 sumptos
241 1725 311 1769 esse
326 1726 411 1788 quam
426 1727 444 1769 a
461 1707 608 1784 tribunis,
633 1726 691 1788 qua
705 1726 764 1769 una
782 1706 898 1768 ratione
913 1706 1105 1770 aduersatine
1121 1709 1214 1792 perti*

90 1806 156 1870 cula
173 1808 241 1891 poni
257 1811 392 1890 poterat?
428 1805 509 1870 Idem
525 1818 624 1871 autem
640 1807 745 1870 uitium
760 1819 913 1881 remanet,
938 1809 1056 1872 etiamsi
1071 1809 1211 1890 alterum,

88 1910 169 1991 quod
186 1908 389 1991 ‘reliquisque‘
406 1909 481 1972 nibil
496 1908 596 1985 babet,
614 1912 846 1989 querelentur,
864 1910 1156 1990 inneneuuendiun,
1180 1924 1214 1977 nt

88 2010 243 2073 excidisse
265 2009 440 2073 uocabulum
455 2010 573 2091 nliqund
596 2019 773 2073 statuamus.
821 2007 920 2074 Verbe
951 2014 1021 2077 ‘sed
1041 2014 1090 2077 et'
1117 2013 1155 2078 ab
1175 2034 1212 2079 ee

87 2112 222 2194 ascripta
238 2122 325 2187 sunt,
352 2112 401 2191 qui
425 2111 559 2173 tribunos
582 2111 706 2172 militum
728 2113 759 2174 in
783 2113 913 2194 equitum
932 2113 1135 2180 Romanorum
1158 2137 1212 2180 nu·

88 2235 202 2278 merum
219 2213 325 2276 referri
344 2234 402 2276 non
418 2233 507 2295 posse
523 2213 710 2276 existimaret
722 2224 753 2276 et
764 2213 818 2276 bos
833 2214 870 2275 ab
885 2214 945 2277 illis
957 2236 1098 2299 separare
1107 2218 1209 2282 uellet.

90 2314 151 2381 Sed
173 2315 308 2379 tribunos
330 2314 454 2378 militum
475 2314 533 2379 iam
556 2315 737 2398 temporibus
759 2314 872 2378 liberae
892 2315 1074 2399 reipublicae
1096 2320 1212 2400 equites

88 2419 244 2483 Romanos
260 2419 351 2481 luisse
374 2418 433 2495 (de
452 2417 643 2481 inferioribus
668 2418 746 2480 enim
762 2418 791 2480 id
808 2419 883 2481 sutis
898 2429 1000 2482 notum
1016 2426 1080 2501 est)
1104 2421 1212 2486 dudum

89 2518 213 2604 Lipsius
229 2520 265 2582 de
280 2520 344 2582 mil.
361 2517 450 2582 Rom.
474 2516 523 2597 ll,
545 2519 567 2583 ll
589 2521 817 2583 demonstrauit.
849 2519 928 2585 Nam
950 2521 1107 2606 Annianus
1127 2520 1209 2588 Pnn.

86 2644 115 2687 e.
136 2620 196 2685 104
212 2622 318 2687 anulos
333 2642 443 2685 aureos
459 2642 510 2685 eos
525 2633 662 2704 gestasse
677 2624 789 2686 refert:
801 2620 832 2689 d
852 2622 1007 2692 Σκιπίων
1016 2624 1096 2693 τινά
1106 2621 1212 2702 λύσας
1254 2646 1256 2651 ·

86 2725 156 2793 τῶν
171 2722 393 2812 αἰχμαλώτων
403 2728 539 2809 ἔπεμψε
554 2724 636 2809 τορός
648 2719 861 2813 Ἀσδρούβαν
872 2729 930 2794 sul
939 2721 1085 2815 παρῄνει
1091 2725 1211 2811 θάψαι

86 2827 168 2900 τούς
183 2824 385 2915 χιλιάρχους.
416 2825 452 2893 l)
466 2821 766 2913 δ’ἐρευνηοάμενοι·
788 2829 832 2895 τοὶ
854 2828 955 2914 νεκροὶ
980 2829 1038 2893 sel
1059 2823 1128 2894 ded
1151 2831 1212 2913 τῆς

87 2929 269 3016 σφραγῖδος
284 2924 392 3016 sdpoiu
414 2929 675 3019 (χρυσοφοροῦσι
695 2929 760 3014 γάρ
782 2932 850 2998 τῶν
874 2930 1155 3016 στρατευομένων
1176 2936 1210 2999 el

87 3035 255 3123 pallaeque
271 3033 339 3099 τοῖν
362 3025 553 3098 ἐλαττόνων
570 3025 907 3116 σιδηροφορούντων)
929 3038 1058 3117 ἔτυψεν
1075 3026 1207 3109 αὐτούς.

87 3136 131 3201 Ει
144 3138 222 3221 apud
238 3139 332 3219 ipsum
349 3134 512 3199 Caesarem
527 3134 593 3196 bor.
612 3154 719 3195 comm.
737 3130 800 3210 lll,
824 3134 857 3205 7,
876 3132 896 3195 3
911 3154 976 3196 eum
993 3146 1146 3197 narratum
1162 3154 1210 3198 es·

87 3250 136 3303 eet
150 3239 317 3322 preelectus
340 3237 536 3318 tribunosque
561 3236 684 3298 militum
706 3237 874 3318 complures
896 3256 914 3298 a
932 3234 1057 3299 Venetis
1073 3237 1209 3320 reliquis·

88 3362 146 3424 que
160 3340 317 3405 maritimis
333 3338 506 3404 ciuitatibus
521 3349 656 3401 retentos
673 3357 759 3413 esse,
785 3332 901 3400 Caesar
922 3338 1008 3419 paulo
1024 3349 1091 3421 post
1107 3361 1135 3401 c.
1154 3336 1206 3416 ll),

86 3443 176 3507 bees
190 3443 315 3506 iniurias
331 3453 515 3506 retentorum
540 3442 670 3523 equitum
686 3437 890 3503 Romanorum
914 3440 1061 3524 appellat,
1085 3441 1134 3523 qui
1156 3440 1209 3503 alii

86 3566 155 3609 esse
170 3567 230 3609 non
247 3555 372 3628 possunt
387 3566 474 3629 quam
497 3542 607 3606 tribuni
630 3541 755 3604 militurn
780 3543 997 3626 praefectique,
1021 3565 1096 3625 ques
1119 3554 1209 3607 autea

88 3659 224 3712 retentos
239 3648 370 3710 dixerat.
402 3645 520 3710 Deinde
534 3644 565 3708 b.
583 3644 644 3707 eiu.
661 3641 687 3720 l,
704 3641 758 3720 67,
783 3643 805 3706 2
820 3645 856 3706 de
872 3645 1095 3709 centurionibus
1110 3657 1141 3708 et
1157 3645 1209 3707 tri·

88 3751 176 3814 bunis
198 3750 323 3814 militum
344 3748 486 3822 Afranii,
518 3747 568 3830 qui
590 3747 667 3830 apud
690 3743 854 3810 Caesarem
877 3757 1103 3824 remanserant4
1134 3747 1208 3811 baec

86 3852 245 3936 leguntur:
272 3851 484 3915 ‘centuriones
506 3849 539 3912 in
559 3848 674 3931 priores
690 3849 829 3921 ordines,
862 3849 977 3930 equites
1001 3848 1154 3912 llomanos
1176 3849 1209 3913 in

85 3956 279 4020 tribunicium
293 3951 430 4018 restituit
450 3951 625 4027 bonnmm',
648 3950 699 4013 nbi
722 3952 837 4032 equites
852 3949 1008 4015 llomautns
1029 3952 1087 4015 dici
1109 3951 1206 4029 uides,

87 4059 138 4141 qui
154 4058 266 4121 tribuni
282 4059 402 4120 inerant
415 4056 447 4118 in
462 4054 600 4117 exercitu
616 4051 748 4116 Afranii.
778 4052 860 4117 Nam
887 4055 932 4116 ‘in
945 4055 1062 4137 priores
1077 4054 1208 4119 ordines'

86 4170 172 4226 reete
187 4182 224 4224 eo
240 4156 495 4225 loeoCiaeeonius
510 4155 650 4232 coniecit,
669 4176 733 4218 cum
750 4157 781 4219 in
797 4155 884 4219 codd.
901 4155 1019 4238 legatur
1036 4156 1209 4240 ‘ampliores

87 4263 225 4330 ordinen'
249 4264 366 4331 omissa
384 4258 625 4349 praepositiones
650 4259 810 4345 umpbores
830 4269 930 4323 autent
953 4258 1075 4323 ordines
1090 4277 1150 4321 uon
1165 4254 1209 4318 di-
