2692 4688
372 194 375 199 ·
471 194 612 292 coun.
629 194 692 267 vn
712 191 977 266 cunm-ss.
1276 184 1338 267 nl

160 370 259 438 mauis
273 380 449 455 coeperunt.
482 367 551 451 Quo
568 371 675 434 timore
689 370 839 454 perterriti
855 367 946 448 Galli,
967 390 1007 434 ne
1019 368 1058 433 ab
1073 371 1205 453 equitatu
1220 370 1283 437 llo·
1299 371 1319 436 Β

160 494 317 555 morum
332 472 401 537 uiae
416 484 721 556 praeoccuparentur,
738 473 866 536 consilio
881 473 1071 537 destitenmt.
1094 471 1223 540 Postero
1237 475 1284 541 die
1297 477 1342 547 27

159 573 278 642 Caesar
292 586 427 660 promota
444 578 519 640 turri
535 576 716 658 directisque
732 575 884 658 operibus,
901 595 977 657 quae
990 575 1281 657 iacmeiustitocrst‚

160 699 269 763 magno
291 688 396 742 coorto
418 677 514 741 imbre
536 699 597 741 nou
620 677 753 741 inutilem
778 678 855 740 banc
876 677 913 739 ad
936 677 1110 761 capiendum
1127 679 1283 745 consilium

123 794 140 845 t
163 790 372 865 tempestatem
387 779 548 844 arbitratus
563 790 620 858 est,
638 781 716 862 quod
734 780 821 863 paulo
835 780 984 844 incautius
1000 782 1150 845 custodias
1158 782 1188 845 in
1199 800 1283 847 muro

159 883 321 967 dispositas
336 882 474 961 uidebat,
500 902 632 966 suosque
655 882 824 965 languidius
847 883 877 945 in
893 903 985 966 opere
1001 883 1118 946 uersari
1133 883 1223 948 iussit
1237 894 1280 963 et,

162 985 232 1069 quid
246 986 313 1051 beri
330 985 433 1063 uellet,
450 985 591 1049 ostendit.
624 983 868 1068 Legionibusque
889 987 968 1049 intra
993 986 1098 1048 uineas
1120 986 1151 1048 in
1167 986 1320 1055 osculto2

160 1087 311 1172 expeditis
333 1086 528 1166 cohortatus,
552 1098 585 1151 ut
608 1087 765 1171 oliqnsudo
788 1109 842 1171 pro
868 1087 959 1151 tontis
982 1087 1132 1152 laboribus
1154 1090 1282 1154 fructum

161 1189 310 1256 uictorias
325 1190 524 1275 perciperent,
541 1190 592 1267 iis,
609 1190 660 1272 qni
675 1191 761 1274 primi
778 1212 893 1253 murum
909 1190 1133 1268 ascendissent,
1151 1192 1282 1274 praemis

106 1304 139 1357 lt
162 1293 316 1379 proposuit
330 1292 531 1376 militibusque
547 1293 666 1374 signam
682 1293 773 1357 dedit.
805 1289 852 1354 llli
869 1292 967 1355 subito
982 1312 1022 1355 ex
1038 1293 1174 1357 omnibus
1190 1293 1317 1379 parti-3

161 1395 219 1459 bss
231 1395 430 1460 euolsseruut
444 1414 618 1478 murumque
632 1394 774 1458 celeriter
788 1395 1024 1478 compleuornnt.
1048 1394 1162 1460 Hostes
1177 1416 1212 1461 rc
1228 1418 1281 1461 no
1295 1397 1340 1469 28

162 1516 200 1561 us
215 1499 368 1582 perterriti
383 1519 468 1562 muro
485 1496 678 1580 turribusque
699 1497 807 1562 deiecti
831 1497 860 1562 iu
884 1497 951 1561 foro
966 1516 1002 1561 sc
1018 1496 1093 1562 locis
1107 1498 1282 1581 munitiori·-
1302 1524 1308 1535 ·

160 1599 219 1664 bus
230 1599 380 1666 mendas
396 1601 607 1679 constiterunt,
625 1601 682 1665 boc
696 1601 813 1678 auimo,
830 1611 874 1678 ut,
891 1599 916 1664 si
932 1620 988 1684 que
1007 1620 1047 1663 ex
1063 1611 1147 1685 parte
1162 1600 1281 1667 obnisus
1302 1600 1306 1619 ²

162 1712 269 1767 contre
283 1703 452 1784 ueniretur,
469 1705 534 1768 scie
548 1704 694 1768 instructu
710 1700 925 1788 depugnarent.
946 1700 1004 1767 Vbi
1019 1703 1167 1767 nemiuem
1184 1703 1215 1769 iu
1230 1722 1281 1769 se
1296 1703 1318 1766 2

107 1815 139 1869 tt
162 1806 364 1888 quumlocsm
379 1826 450 1871 sese
463 1807 640 1886 demittere,
665 1809 718 1871 sed
743 1816 805 1869 toto
827 1806 956 1889 undique
979 1827 1063 1868 rouro
1085 1805 1282 1870 circumfundi

160 1906 321 1986 uiderunt,
343 1907 452 1987 ueriti,
474 1929 513 1973 ue
534 1910 655 1973 omniuo
670 1930 738 1994 spos
756 1911 842 1993 fugae
858 1909 1032 1982 tolleretur,
1050 1906 1173 1970 abiectis
1189 1906 1282 1972 armis

162 2007 282 2072 ultimas
297 2010 395 2094 oppidi
417 2023 517 2096 portes
539 2013 705 2076 continenti
728 2013 839 2095 impetu
861 2011 1049 2095 petiucrunt,
1076 2030 1204 2093 parsque
1226 2005 1317 2089 ibi,3

162 2131 231 2173 com
246 2120 373 2195 augusto
386 2116 471 2178 cuitu
487 2126 636 2200 portarum
654 2114 758 2196 seipsi
775 2124 963 2196 premerent,
990 2112 1182 2191 ambitibus,
1211 2133 1281 2198 pars

161 2211 220 2276 iam
236 2233 357 2298 egressa
373 2217 467 2301 portis
483 2218 519 2281 ab
534 2217 684 2300 equitibus
700 2226 747 2279 cst
761 2216 934 2279 interiecto.
958 2211 1026 2277 Nec
1042 2215 1097 2276 luit
1112 2215 1279 2296 quisquam,

104 2325 140 2380 2⁰
162 2315 211 2398 qui
225 2317 357 2400 prscdoe
371 2320 517 2383 studeret.
564 2318 618 2384 Sic
640 2329 672 2383 et
686 2315 804 2382 Genabi
819 2318 909 2381 caede
926 2325 957 2379 et
971 2315 1072 2378 labore
1088 2315 1189 2397 operis
1204 2314 1316 2381 inci-d

162 2417 217 2480 tati
231 2438 292 2483 nou
305 2431 408 2484 aetate
421 2423 588 2497 conlectis,
605 2442 664 2486 noo
681 2419 869 2498 mulieribus,
888 2440 947 2484 noa
964 2416 1127 2482 infantibus
1143 2437 1282 2502 peperce-

161 2529 244 2583 runt.
273 2517 415 2607 Denique
429 2544 471 2588 ex
486 2526 565 2589 omui
582 2545 727 2604 numeru,
745 2523 794 2606 qui
811 2523 865 2586 luit
880 2521 1004 2586 circiter
1017 2521 1128 2586 milium
1143 2531 1209 2599 xc,
1227 2520 1317 2586 uix'b

160 2632 258 2701 nece,
275 2625 327 2709 qui
342 2625 437 2709 primo
453 2626 583 2692 clamore
598 2626 699 2692 audito
714 2647 748 2692 se
764 2647 804 2690 ex
820 2626 926 2710 oppido
934 2620 1099 2702 eiecerunt,
1117 2622 1282 2690 incolumes

160 2728 198 2793 ad
212 2724 495 2812 Vercingetorigem
512 2743 726 2816 peruenerunt.
759 2726 845 2811 Quos
866 2730 917 2794 ille
940 2729 1032 2791 multa
1055 2727 1114 2790 iesu
1137 2737 1224 2791 noete
1240 2724 1317 2792 sib

270 2953 281 3004 l
297 2961 423 3020 ceperunt
435 2956 467 3008 Β.
571 2957 586 3009 ³
600 2957 764 3024 derectisque
778 2958 802 3008 Β
814 2958 835 3009 C
843 2973 857 3006 e
869 2960 896 3005 et
908 2951 1018 3004 secund.
1034 2950 1178 3001 Arietate.
1192 2965 1220 3013 a,
1234 2952 1284 3015 qui

155 3028 236 3096 salso
248 3033 279 3081 s'ss
290 3031 315 3081 Β
328 3032 503 3102 perlectisque
516 3036 574 3103 legi
589 3041 702 3098 nuncii
723 3035 901 3102 perlectisque
914 3032 978 3083 bcd
988 3036 1031 3092 et,
1052 3033 1085 3079 ut
1100 3030 1239 3092 arbitror,
1252 3042 1279 3078 u.
1292 3062 1297 3072 .

270 3109 286 3159 l
300 3109 407 3160 coborto
420 3112 452 3162 B.
571 3113 652 3163 imbro
667 3113 690 3162 Β
704 3111 837 3177 ‘roir'qni’,
853 3109 928 3160 imbri
942 3108 990 3158 de.
1107 3107 1122 3157 5
1136 3113 1177 3157 en
1189 3120 1241 3156 om.
1251 3119 1280 3169 e.

270 3185 286 3235 Β
299 3201 411 3253 suosque
424 3189 448 3239 B
460 3195 489 3239 si
500 3189 609 3254 reliqui,
624 3205 685 3238 suos
699 3205 799 3254 quoquc
813 3187 881 3237 cde.
992 3186 1006 3238 7
1020 3183 1214 3250 legionibusque
1226 3183 1282 3235 AB

163 3258 226 3324 CB,
241 3262 357 3325 legiones
371 3279 419 3315 en.
544 3266 613 3317 intro
628 3264 718 3314 niueas
732 3281 788 3328 cu,
803 3271 876 3315 extra
889 3263 981 3312 niueas
995 3262 1019 3313 A
1028 3301 1035 3325 ,
1054 3268 1126 3313 extra
1141 3267 1227 3312 eostre
1242 3259 1281 3311 ui-

163 3354 227 3391 uess
240 3340 265 3390 B
274 3341 337 3405 CI),
353 3342 426 3392 iuxta
439 3343 530 3392 uiness
540 3357 592 3407 pro
605 3357 666 3392 nur.
681 3341 743 3393 lert.
759 3343 783 3392 b.
899 3340 923 3390 in
938 3340 1040 3390 occulto
1053 3356 1105 3391 om.
1121 3340 1174 3402 bc,
1189 3353 1242 3388 nou
1255 3355 1279 3389 u.

271 3419 287 3470 Β
299 3419 427 3486 expeditis
441 3419 569 3481 Auen,
584 3419 721 3485 expeditus
735 3434 785 3468 cu.
899 3418 1052 3467 cohortatus
1066 3417 1175 3482 reliqui,
1190 3414 1281 3465 cobor-

163 3499 236 3545 tstur
247 3493 336 3558 (nnn
345 3513 380 3546 ce
389 3513 415 3547 u.
556 3499 571 3548 9
584 3497 617 3546 iis
629 3496 725 3557 Aldus,
740 3496 780 3547 bis
793 3494 838 3559 (Β)
852 3493 912 3544 edd.
926 3499 990 3544 cute
1002 3494 1064 3545 Ati.
1080 3510 1107 3543 u.
1230 3493 1282 3560 prl-

163 3585 231 3623 mum
243 3573 267 3623 Β.
395 3573 590 3638 (ascendissent
602 3574 636 3637 Β)
649 3574 828 3624 escendisseut
840 3586 876 3620 m.
888 3585 932 3636 pr.
946 3586 973 3633 a,
988 3575 1019 3620 ut
1028 3576 1106 3637 puto,
1121 3568 1280 3636 quodfalse

162 3650 341 3701 Acdcintrius
354 3650 531 3717 deBrctuiit,
545 3652 730 3703 escendisseut
742 3668 766 3701 s.
868 3650 899 3702 ld
908 3647 1007 3715 subito]
1021 3650 1144 3699 celeriter
1156 3665 1191 3698 m.
1199 3664 1244 3715 pr.
1255 3651 1278 3700 Β.

271 3728 302 3778 l‘i
316 3728 464 3794 putentibus
479 3729 516 3778 be
529 3728 735 3795 (potencioribus
748 3727 792 3790 Β).
945 3726 975 3777 lt
989 3732 1133 3791 pugnarent
1147 3726 1172 3775 Β.

164 3807 193 3858 li
208 3807 330 3858 contiuuo
343 3808 440 3874 impetu
453 3808 512 3858 cod.
528 3807 625 3859 Vrsini
638 3807 725 3859 Onon.
741 3811 767 3855 ct
780 3808 880 3856 omisso
893 3804 988 3871 impetu
1002 3818 1025 3852 e.
1150 3803 1182 3855 te
1194 3810 1281 3870 poeta·

160 3901 217 3938 rum
229 3887 302 3937 exitu
315 3903 373 3937 cum
388 3903 442 3938 uno
455 3888 470 3937 Β
483 3903 510 3936 u.
632 3891 794 3951 praemercut
807 3883 840 3934 Β.
962 3880 992 3932 lb
1006 3882 1055 3930 ism
1069 3896 1121 3931 cm.
1136 3880 1172 3931 Β.

161 3964 194 4018 tu
207 3963 257 4030 sic]
276 3965 321 4016 sed
336 3966 367 4027 Β,
389 3965 434 4016 sed
448 3971 475 4015 et
487 3965 522 4015 Β.
704 3961 802 4013 Gounbi
816 3963 877 4014 nn
889 3960 1005 4027 reliqui,
1025 3959 1171 4012 Geusbeosi
1186 3961 1277 4014 bodo.

159 4044 250 4097 Ml.
364 4046 398 4097 22
411 4044 479 4095 omni
493 4058 597 4093 numero
611 4042 635 4093 Β
647 4047 675 4091 at
687 4042 797 4107 reliqui,
812 4040 879 4090 omui
893 4056 923 4091 eo
937 4055 1043 4091 numero
1055 4040 1140 4090 abed
1148 4055 1172 4090 s.

161 4121 260 4173 milium
279 4137 312 4172 au
333 4123 356 4173 Β
377 4125 456 4173 ‘rusa
474 4119 616 4188 plurimi,
639 4134 671 4170 su
691 4119 789 4171 milium
807 4117 861 4185 (e)
878 4118 964 4169 Aldus
983 4118 1024 4184 (is
1045 4118 1233 4184 quodraginta)
1252 4132 1279 4168 n.

269 4199 315 4249 uix
328 4198 460 4264 octogiuta
474 4196 586 4248 Orosius
599 4196 646 4260 VI,
662 4197 703 4248 ll.
826 4196 859 4253 23
873 4196 1006 4246 eiecerunt
1018 4195 1041 4245 Β
1056 4197 1127 4247 ‘mse
1141 4196 1279 4260 pluriusi',

162 4277 331 4332 eieceruntu.
436 4279 468 4335 2l
479 4274 709 4343 Vercingetorigeu
726 4277 750 4327 Β.
877 4283 952 4327 nocte
965 4274 1071 4326 silentio
1084 4291 1115 4327 es
1131 4273 1191 4339 iuge
1204 4287 1281 4324 esre·
