2692 4688
489 184 812 251 ...108—

88 386 129 428 cx
149 361 221 426 Par.
239 383 285 446 pr.
308 369 481 424 annotatur.
531 355 629 440 Quam
651 356 827 441 particulam
850 375 916 418 cum
939 376 969 439 p.
992 351 1212 418 duduconis

87 467 129 528 itu
151 488 168 528 a
192 461 326 529 Caesare
349 483 407 525 non
431 462 519 544 poni,
543 472 677 524 statuere
700 459 835 543 cogimur
856 459 930 521 duos
953 467 1065 521 tantum
1086 457 1213 541 populns

87 565 253 649 (Aulercos
268 576 366 629 nutem
383 563 574 627 Eburouices
590 564 731 627 dicendos
746 582 815 625 esse
830 569 915 623 recte
930 558 1041 622 monuit
1054 557 1214 629 Valesius)

56 745 60 753 Ι
84 690 106 732 u
122 665 256 732 Caesare
280 667 459 729 coniunctos
480 666 592 743 luisse,
615 663 805 728 Bellocasses
828 683 922 738 uero,
948 663 1051 744 quiin
1074 661 1141 724 edd.
1160 682 1214 744 ap-

87 772 256 855 pellantur,
278 768 367 832 alium
390 788 546 832 nnmerum
568 767 698 833 dedisse.
735 764 828 846 Atqui
843 785 909 827 cum
926 764 1025 848 populi
1041 764 1088 827 hic
1103 782 1215 828 secuu-

87 874 154 936 dum
177 871 394 935 multitudinem
415 870 566 933 bominum
589 879 815 943 enumerentur,
833 875 862 928 et
884 865 1049 931 Atrebates
1069 863 1115 930 IV
1130 865 1215 931 milia

87 975 242 1051 dederint,
260 973 385 1037 Aulerci
400 971 589 1037 Eburouices
604 981 636 1034 et
650 970 773 1054 populus
789 970 944 1054 proximus
958 969 1097 1054 superior
1111 977 1213 1047 turus,

87 1088 210 1161 apparot
226 1074 417 1140 Belloeasscs
431 1074 555 1137 totidem
571 1073 706 1150 dedisse,
725 1083 797 1156 quot
811 1071 986 1138 Atrebates.
1018 1069 1125 1153 Itaque
1139 1070 1215 1141 ittet

89 1180 246 1255 ‘totidem',
271 1178 348 1261 quod
365 1198 456 1261 supra
481 1173 904 1257 ‘Lemouicibus'2,·ascriptum
916 1173 1039 1259 legitur,
1056 1174 1104 1239 bic
1118 1174 1214 1239 nouo

86 1282 151 1346 cari
180 1292 250 1365 apte
280 1291 389 1365 potest.
437 1276 501 1345 Iam
528 1275 687 1343 Lexouios
717 1273 888 1364 ex.·Strab.
918 1273 963 1341 lu
980 1296 1017 1360 p.
1041 1273 1105 1341 tut
1125 1275 1210 1343 Aln-

87 1394 116 1448 et
131 1382 261 1447 Ptolem.
285 1380 328 1460 Il,
345 1382 377 1458 8,
396 1382 421 1443 5.
437 1382 604 1447 maritimos
621 1381 715 1445 luisse
737 1380 865 1455 scimus,
878 1379 1025 1460 iidemque
1042 1398 1059 1443 a
1075 1373 1214 1447 Cacum

86 1482 146 1561 III,
163 1482 197 1562 9,
216 1481 257 1547 1⁰
271 1485 474 1565 adiunguntur
489 1480 637 1559 Osismis,
661 1483 710 1564 qui
726 1481 804 1544 inira
819 1481 850 1543 iu
866 1480 1089 1545 enumeratione
1105 1478 1214 1547 dutu-

86 1586 160 1648 tium
176 1584 402 1649 Aruaoricaruro
418 1581 599 1649 Lemouices
620 1584 816 1667 praecedunt.
855 1580 941 1647 llaec
955 1601 1022 1645 oum
1036 1582 1210 1657 considero,

85 1686 136 1751 uel
150 1686 281 1751 araxime
296 1687 368 1751 mibi
384 1687 502 1750 uidetur
516 1685 668 1770 probabile
684 1705 743 1748 nou
759 1684 855 1749 solum
872 1684 1029 1763 ‘totidem'‚
1047 1685 1101 1749 scd
1115 1695 1213 1751 totu!

84 1789 301 1854 illud‘totidcm
316 1785 541 1853 Lemouicibus'
558 1787 615 1851 buc
631 1809 700 1852 esse
715 1786 954 1852 transferendum
970 1797 1011 1864 et,
1022 1808 1090 1850 cum
1104 1805 1212 1853 eruere

85 1892 229 1976 seriptum
246 1901 328 1955 esset
351 1889 565 1955 ‘Belliocassis’
589 1890 647 1972 (ita
667 1891 746 1954 euim
769 1890 868 1954 estin
894 1896 979 1953 ‘mss
997 1889 1108 1953 multis'
1130 1884 1212 1955 0ud.

85 2003 117 2058 ct
130 1990 203 2057 Par.
221 1998 285 2077 pr.)
310 1991 471 2056 ‘Lexouiis
487 2002 517 2056 et
531 1992 672 2057 Aulercis
688 1991 909 2056 Eburouicibus
925 1991 1034 2067 teruu’,
1058 2013 1095 2056 ca
1116 1991 1213 2057 uerba

85 2096 117 2159 in
139 2096 274 2178 margine
295 2096 425 2179 ascripta
448 2116 535 2173 csse,
561 2095 820 2177 ut'corrigeretur
844 2092 1051 2160 ‘Belliocassis
1074 2097 1210 2173 totidem,

84 2195 298 2262 Lemouioibus
320 2207 352 2263 et
372 2197 514 2262 Aulercis
537 2196 757 2262 liburouicibus
779 2198 886 2261 terna'.
926 2195 1090 2280 Superiore
1110 2207 1213 2261 auten

85 2300 152 2363 looo
169 2311 236 2383 post
251 2298 431 2365 Rellouacos
447 2301 520 2364 baec
535 2301 618 2364 illata
634 2313 705 2365 sunt
720 2299 757 2364 ob
773 2300 995 2364 similitudinem
1013 2300 1099 2363 huius
1115 2298 1213 2362 nomi·

86 2403 133 2466 uis
149 2425 214 2467 cum
231 2400 435 2466 Belliocossis.
473 2399 633 2467 Lexouios
648 2424 721 2468 uero
738 2416 772 2466 ut
786 2403 835 2467 bic
851 2422 956 2467 errore
970 2424 1024 2487 pro
1039 2400 1212 2465 Lomouioi·

85 2504 140 2567 bus
155 2505 294 2586 scriptos,
313 2504 355 2567 ita
371 2505 524 2569 contrario
540 2527 645 2570 errore
659 2506 741 2569 iuter
755 2506 894 2569 ciuiutes
909 2505 1085 2569 Armorieus
1098 2503 1212 2569 Lemo·

85 2605 168 2669 uices
190 2625 243 2686 pro
265 2603 415 2671 Lexouiis
436 2607 551 2689 positos
574 2608 730 2672 existimo.
770 2604 989 2672 ‘Belliocussis’
1012 2618 1112 2672 autem
1134 2608 1210 2673 scri·

84 2717 164 2792 ptum
181 2721 238 2786 est,
248 2718 282 2771 ut
296 2707 372 2788 dixi,
388 2709 421 2773 in
436 2707 507 2773 Par.
525 2731 571 2794 pr.
589 2720 620 2774 ct
636 2716 720 2774 ‘mss
731 2710 841 2773 multis'
858 2708 953 2788 0ud.;
979 2708 1211 2775 ‘Vellioeassiis'

83 2810 115 2873 in
132 2809 231 2876 Ilaun.
247 2832 294 2896 pr.
324 2809 398 2877 Non
414 2823 462 2877 est
476 2811 608 2891 dubium,
625 2812 696 2895 quio
712 2813 801 2878 iidem
817 2813 889 2888 sint,
906 2813 959 2895 qui
973 2814 1050 2895 apud
1066 2809 1159 2877 Caes.
1177 2811 1208 2875 b.

84 2912 165 2979 Gall.
188 2911 281 2992 11,4,
299 2912 320 2978 9
344 2913 547 2980 ‘velocasses'
563 2917 752 2999 appellantur
766 2917 796 2979 iu
812 2917 948 2980 omnibus
966 2916 1052 2979 codd.
1076 2912 1210 2978 Eosdem

82 3019 160 3102 apud
181 3016 263 3081 IIirt.
280 3014 370 3095 VIII,
388 3015 459 3096 7,t
483 3017 707 3083 ‘Velliocasses'
731 3015 962 3100 Oudendorpius
985 3018 1016 3080 in
1038 3017 1125 3081 ondd.
1151 3017 1210 3081 dici

83 3122 179 3184 relert
193 3124 299 3202 (atque
314 3119 357 3183 ita
371 3131 418 3185 est
431 3121 462 3186 in
478 3118 551 3186 Par.
568 3142 629 3205 pn,
656 3118 872 3185 ‘Veliocasses’
884 3121 916 3183 in
938 3118 1040 3183 llauo.
1064 3127 1139 3201 pn),
1164 3118 1210 3185 ‘iu

84 3221 175 3296 aliis',
198 3221 296 3298 addit,
321 3222 410 3285 ‘bene
425 3221 630 3290 Veloeasses’.
655 3222 742 3307 Apud
758 3221 898 3289 Orosium
916 3219 972 3298 VI,
990 3222 1011 3287 7
1027 3232 1058 3286 et
1081 3221 1133 3296 ll,
1158 3221 1210 3304 qui

83 3322 141 3385 loei
155 3320 200 3385 his
217 3322 331 3385 duobus
347 3327 541 3408 respondent,
561 3325 764 3391 ‘velocasses’
779 3328 932 3408 leguntur.
968 3320 1112 3389 Caesaris
1128 3323 1210 3387 codi-

84 3446 135 3488 ccs
150 3422 221 3501 VII,
239 3422 293 3501 75,
316 3425 352 3490 de
375 3448 433 3509 quo
449 3429 515 3493 loco
530 3430 660 3511 agimus,
677 3438 709 3491 ct
722 3426 809 3505 t'llt,
826 3427 860 3504 7,
877 3427 898 3490 4
923 3427 1149 3492 ‘Velliocassos'
1165 3436 1211 3491 te·

83 3529 198 3591 nendos
213 3529 436 3592 demonstrant:
463 3551 559 3612 neque
585 3532 663 3594 enim
680 3531 799 3593 uomina
816 3532 990 3613 populorum
1006 3550 1121 3593 summa
1136 3550 1210 3593 oon·

83 3629 195 3693 stantia
210 3650 227 3692 a
244 3625 377 3693 Caesare
391 3631 501 3714 scripta
518 3652 585 3696 esse
601 3633 702 3697 credo.
742 3627 803 3695 Sed
826 3632 857 3695 in
879 3632 1085 3716 superioribus
1107 3630 1208 3717 uerbis

83 3742 239 3815 superest,
265 3743 297 3794 ut
318 3732 354 3794 de
370 3731 488 3797 Heluiis
504 3735 646 3799 dicamus.
690 3732 753 3798 llos
768 3735 846 3798 euim
862 3756 916 3817 pro
931 3735 1094 3811 lleluetiis,
1110 3733 1209 3816 quiin

83 3834 168 3897 codd.
193 3834 351 3916 leguntur,
382 3834 511 3902 Vossius
540 3839 640 3922 posuit
668 3858 764 3920 neque
788 3838 848 3901 ullu
871 3839 907 3902 dc
930 3859 1021 3903 causa
1043 3848 1072 3902 et
1099 3856 1208 3922 magno

82 3957 205 4015 errore,
229 3959 296 4001 cum
317 3936 442 4003 Heluios
463 3940 495 4003 in
519 3941 672 4023 prouincia
689 3939 782 4005 luisse
797 3952 934 4017 constet,
957 3952 989 4004 et
1003 3936 1121 4006 Caesar
1135 3939 1166 4003 b.
1182 3940 1207 4005 l.

81 4037 166 4117 64,4
181 4051 212 4104 ct
226 4036 311 4117 unt
325 4061 377 4104 eos
393 4061 458 4104 cum
473 4039 622 4106 Aruernis
638 4044 675 4107 ad
691 4044 905 4109 defendendam
921 4043 1105 4126 prouinciam
1122 4060 1209 4126 proc·

82 4143 122 4208 liu
151 4163 332 4226 congressos
355 4153 387 4207 et
407 4142 440 4206 in
463 4144 570 4227 oppidu
585 4146 755 4230 compulsos
771 4167 839 4210 esse
855 4156 968 4209 narret.
1006 4145 1139 4211 lleluetii
1154 4166 1208 4211 au·

84 4259 161 4326 tem,
186 4247 243 4313 etsi
264 4244 364 4327 bello,
387 4247 465 4333 quod
480 4247 575 4335 primo
589 4270 688 4326 anno,
713 4270 773 4335 quo
787 4244 904 4316 Caesar
916 4248 949 4314 iu
965 4247 1094 4315 Galliam
1110 4246 1206 4329 uenit,
