2692 4688
61 182 127 253 3l2
464 184 523 255 DE
544 185 690 256 BELLO
712 184 903 257 GALLICO

120 357 219 449 abhis
233 359 366 424 relictam
383 360 556 425 cohortibus
578 363 733 427 adtribuit.
777 361 856 427 Eum
877 362 973 425 locum
997 357 1077 423 uallo
1099 361 1242 443 fossaque

81 461 255 530 2muniuit.
299 458 376 526 Cum
399 463 463 526 dies
486 463 676 529 hibernorum
699 465 857 549 conplures
879 463 1079 539 transissent,
1108 463 1243 526 frumen-

118 573 241 647 tumque
264 585 300 628 eo
323 567 495 648 conportari
519 567 679 647 iussisset,
708 568 806 631 subito
826 588 879 651 per
905 567 1113 650 exploratores
1129 566 1243 628 certior

119 667 217 731 factus
233 677 281 730 est
295 688 336 730 ex
350 688 385 731 ea
402 679 488 753 parte
502 670 575 749 uici,
592 692 681 754 qnam
698 668 792 735 Gallis
809 679 1013 746 concesserat,
1031 689 1135 732 omnes
1151 678 1242 732 noctu

120 768 315 848 discessisse,
340 781 534 854 montesque,
559 774 609 855 qni
625 773 840 858 inpenderent,
865 794 883 835 a
905 770 1035 836 maxima
1051 771 1240 835 multitudine
1262 783 1279 833 5

83 869 106 935 2
120 866 310 937 Sedunorum
325 883 357 937 et
369 871 573 958 Veragrorum
588 877 699 939 tenori.
722 873 765 941 ld
779 876 894 958 aliquot
908 876 945 939 de
960 873 1060 939 nausis
1073 873 1241 952 acciderat,

120 983 154 1037 ut
168 972 268 1038 subito
285 971 364 1040 Galli
386 972 457 1038 belli
478 978 643 1040 renouandi
658 970 1068 1063 legionisqtieopprimendae
1084 974 1244 1039 consilium

85 1074 105 1140 3
121 1087 279 1160 caperent:
298 1078 435 1161 primum,
453 1081 529 1162 quod
546 1081 694 1165 legionem
717 1102 812 1165 neque
835 1101 899 1144 eam
923 1077 1122 1164 plenissimam
1143 1078 1244 1142 detra-

120 1178 178 1241 ctis
194 1180 365 1244 cohortibus
380 1180 494 1245 duabus
512 1192 543 1247 et
558 1182 757 1268 compluribus
772 1182 964 1267 singillatim,
993 1180 1042 1264 qui
1058 1191 1243 1244 commeatus

84 1277 108 1345 4
122 1283 241 1366 petendi
257 1303 346 1346 causa
362 1285 448 1347 missi
472 1296 575 1364 erant,
602 1297 724 1370 proptor
738 1286 916 1370 paucitatem
933 1281 1155 1368 despiciebantr
1180 1292 1244 1346 tum
1269 1293 1305 1345 to

121 1383 223 1459 eham,
241 1385 316 1466 quod
333 1397 455 1471 propter
469 1387 656 1471 iniquitatem
671 1388 742 1466 loci,
760 1410 825 1450 cunr
841 1387 897 1471 ipsi
913 1407 953 1449 ex
970 1385 1119 1449 montibus
1135 1385 1167 1449 in
1178 1384 1244 1449 ual-

120 1484 178 1547 lem
194 1484 391 1549 decurrerent
406 1499 437 1551 et
453 1490 510 1552 tela
526 1489 719 1568 conicerent,
750 1511 787 1553 ne
810 1490 934 1572 primunr
951 1488 1068 1571 quidem
1084 1506 1173 1570 posse
1187 1486 1244 1550 im·

85 1584 105 1649 5
121 1597 220 1670 petum
237 1608 324 1651 snum
339 1589 482 1653 sustineri
498 1590 722 1655 existimabant.
769 1591 954 1663 Accedebat,
972 1588 1050 1677 quod
1065 1608 1139 1653 snos
1153 1588 1191 1652 ab
1208 1609 1243 1653 se

120 1688 233 1754 liberos
255 1689 422 1756 abstractos
445 1691 580 1756 obsidum
608 1693 727 1758 nomine
744 1693 882 1757 dolebant
900 1702 931 1755 ct
947 1691 1102 1755 Romanos
1117 1710 1177 1755 non
1192 1711 1244 1755 so·

121 1791 181 1855 lum
197 1793 338 1857 itinerum
354 1816 462 1873 causa,
480 1794 532 1858 sed
548 1796 636 1859 etiam
653 1808 813 1880 perpetuae
830 1795 1031 1880 possessionis
1043 1792 1174 1857 culmina
1190 1790 1245 1856 Al·
1269 1804 1300 1857 15

121 1894 200 1977 pium
223 1918 370 1981 occupare
391 1898 495 1960 conari
518 1908 549 1961 et
570 1919 606 1961 ea
625 1899 692 1962 loca
715 1899 858 1963 finitimae
881 1896 1054 1982 prouinciae
1077 1896 1243 1980 adiungere

83 1993 178 2065 ttsihi
193 2019 369 2083 persuasum
386 1998 543 2063 habebant.
575 1999 632 2064 His
649 2002 761 2066 nuntiis
777 2000 906 2084 acceptis
923 1997 1038 2077 Galba,
1062 2022 1129 2064 cum
1146 2018 1245 2082 neqm

121 2120 195 2184 opus
212 2101 403 2166 hibernorum
418 2103 658 2187 munitionesque
674 2105 760 2187 plene
775 2114 878 2168 esseut
893 2105 1062 2187 perlectae,
1086 2122 1183 2185 neque
1206 2101 1244 2164 de

121 2203 271 2269 frumento
285 2205 457 2291 reliquoque
474 2218 640 2270 commeatu
655 2209 730 2271 satis
746 2217 828 2271 esset
842 2206 1007 2291 prouisum,
1025 2205 1102 2289 qnod
1115 2203 1243 2267 deditio-

120 2327 159 2371 ne
182 2309 260 2371 lacta
283 2310 492 2394 obsidibusque
515 2311 647 2394 acceptis
670 2311 742 2374 nihil
764 2309 892 2373 debello
909 2308 1069 2372 timendum
1083 2306 1243 2372 existima·
1264 2318 1302 2371 2⁰

120 2419 227 2487 uerat,
252 2412 378 2474 consilio
400 2413 541 2476 celeriter
563 2424 730 2477 conuocato
752 2410 916 2474 sententias
940 2409 1099 2495 exquirere
1127 2408 1240 2494 coepit.

83 2507 106 2573 2
120 2507 189 2591 Quo
204 2511 235 2573 in
250 2513 397 2590 consilio,
422 2535 488 2578 cum
505 2525 617 2579 tantum
635 2513 781 2600 repentini
798 2513 921 2596 periculi
937 2523 1058 2597 praeter
1072 2509 1243 2596 opinionem

119 2612 291 2691 accidisset,
309 2634 344 2677 ac
359 2614 417 2678 iam
427 2616 526 2679 omnia
542 2618 606 2681 lere
614 2617 770 2701 superiora
784 2616 851 2681 loca
860 2614 1047 2678 multitudine
1059 2624 1242 2678 armatorum

120 2714 267 2798 completa
283 2718 548 2801 conspicerentur,
572 2740 670 2805 neque
685 2719 818 2782 subsidio
834 2716 932 2780 ueniri
947 2736 1043 2800 neque
1058 2728 1242 2781 commeatus

84 2811 105 2877 3
119 2814 288 2900 subportari
304 2819 476 2883 interclusis
491 2821 648 2884 itineribus
665 2830 805 2905 possent,
832 2839 924 2903 prope
947 2819 1005 2882 iam
1021 2820 1181 2902 desperata
1195 2838 1243 2882 sa·
1263 2827 1298 2884 tt

118 2917 181 2984 lute
197 2921 358 2986 nonnullae
380 2922 545 2986 huiusmodi
567 2923 734 2987 sententiae
751 2922 945 3000 dicebantur,
969 2930 1003 2985 nt
1021 2919 1242 3004 impedimentis

229 3096 241 3148 l
256 3095 289 3148 ab
302 3098 342 3149 his
355 3101 393 3160 Β,
410 3099 452 3148 ‘ab
466 3099 499 3148 iis
512 3102 541 3148 ct
551 3095 582 3148 ab
596 3097 637 3148 his
650 3113 714 3148 mss.
729 3102 756 3147 et
769 3097 828 3148 edd.
843 3094 934 3162 qdd.',·
954 3090 988 3145 (h
1002 3093 1057 3145 illis
1070 3109 1123 3144 sec.
1137 3092 1213 3144 nr-ll
1224 3107 1243 3143 ss

119 3177 148 3221 st
159 3170 355 3234 Schneiderus,
369 3178 419 3239 qui
431 3179 512 3226 tacet.
624 3176 751 3226 adtribuit
763 3177 796 3224 B.
918 3175 935 3229 2
947 3171 1086 3238 conplures
1098 3171 1131 3222 tt.

120 3246 342 3316 frumentumque]
357 3260 384 3301 et
398 3253 552 3303 frumentum
568 3253 618 3318 bs.
730 3250 908 3317 ilconporteri
919 3250 953 3300 B.
1093 3250 1243 3313 limentes,

118 3326 163 3393 qni
178 3326 209 3377 0.
320 3330 502 3394 (inpenderent
513 3331 538 3381 A
542 3332 580 3396 s)
593 3330 820 3397 impedirentltb.
942 3325 1074 3391 daliqnid
1086 3327 1121 3376 B.

118 3408 206 3458 licam
219 3406 274 3471 cs,
290 3413 340 3456 tam
354 3410 379 3457 A
387 3409 410 3457 B
419 3409 515 3459 ond.
656 3409 783 3459 detractis
797 3407 912 3458 cohortis
925 3405 1076 3456 cohortibus
1091 3406 1124 3455 0.

118 3482 299 3546 laingitlatim
320 3485 376 3535 Al)
389 3491 418 3535 et
428 3502 464 3537 m.
477 3502 531 3538 aar.
548 3486 585 3550 B,
606 3487 748 3550 singilatim
761 3502 798 3535 m.
811 3502 855 3550 pr.
868 3486 909 3549 B,
922 3483 1072 3548 singulatim
1087 3482 1120 3533 0.

120 3558 152 3610 to
165 3559 254 3607 amissi
266 3574 302 3606 m.
313 3573 360 3623 pr.
374 3561 407 3609 A.
514 3561 602 3628 erant]
616 3562 766 3611 absentibus
779 3561 843 3611 add.
856 3577 889 3623 u,
908 3560 982 3625 qnod
994 3574 1048 3610 om.
1061 3558 1119 3609 AB
1125 3557 1198 3624 DE,
1212 3561 1243 3610 ἐκ

118 3634 142 3684 B
155 3648 208 3682 sec.
222 3650 259 3683 m.
273 3636 325 3684 iat.
339 3651 411 3686 nors.
422 3641 527 3701 posuit.
633 3638 661 3689 ll
676 3637 742 3702 quod
756 3652 809 3686 om.
825 3636 929 3702 boris,
943 3653 1001 3687 cum
1014 3651 1049 3686 ss.
1061 3650 1108 3701 pr.
1122 3637 1156 3688 t).

121 3715 153 3765 ld
166 3714 369 3764 decucurrerent
382 3716 417 3764 A.
540 3717 660 3783 impetum
673 3730 747 3764 sunm
760 3729 836 3780 posse
842 3715 871 3780 s.
995 3715 1028 3766 ¹3
1041 3714 1167 3765 sustineri
1179 3715 1208 3765 A
1217 3715 1244 3769 lt

119 3788 165 3853 (Ε)
174 3791 189 3838 b
198 3805 228 3851 c,
241 3791 373 3840 sustinere
386 3791 410 3840 lt
425 3790 482 3855 Cf.
622 3791 653 3843 lb
667 3791 775 3841 finitima
790 3790 904 3841 Vossius
912 3797 1029 3856 propter
1040 3793 1178 3857 inflatos-a
1189 3792 1243 3844 sibi

118 3881 271 3934 persuasum
285 3868 424 3919 habebant.
461 3868 518 3920 Sed
528 3869 565 3934 qs.
578 3871 603 3921 b.
617 3871 695 3934 Hicp.
709 3871 759 3932 22,
780 3869 797 3919 8
811 3870 904 3935 ‘neque
917 3870 967 3919 sibi
982 3869 1060 3921 ullam
1073 3885 1146 3935 spern
1158 3868 1245 3921 nieta-

118 3942 173 3993 riae
187 3945 342 4007 propositam
356 3945 472 3999 habera'.
607 3947 639 3999 ts
652 3946 728 4014 opus]
742 3954 842 4013 tempus
847 3950 873 4013 s
881 3952 908 3997 et
919 3963 972 3999 ssa.
985 3963 1020 3997 oa.
1032 3950 1061 3998 a'n
1074 3962 1165 4014 marg.
1178 3947 1204 3999 B
1214 3952 1246 4001 sl

115 4034 168 4086 pro
181 4033 242 4068 aar.
258 4019 321 4069 leot.
336 4025 401 4071 item
415 4024 443 4070 a'n
455 4035 545 4084 marg.
562 4021 591 4072 C.
696 4024 789 4089 plcnns
803 4025 867 4074 AC-
971 4025 1005 4079 20
1020 4024 1135 4076 timendo
1148 4023 1183 4076 A.

116 4097 148 4153 21
164 4102 192 4147 et
202 4097 237 4150 22
248 4097 359 4173 consilio
371 4098 395 4146 A
403 4096 458 4147 BD
467 4096 513 4159 (ld)
526 4112 553 4160 e,
568 4099 742 4166 eonciliosst
753 4115 791 4151 m.
803 4115 856 4151 seo.
871 4099 904 4150 B.
1025 4102 1060 4157 22
1072 4117 1130 4153 cum
1143 4101 1169 4153 in
1185 4110 1243 4154 tan·

120 4182 174 4225 tum
188 4174 244 4227 CI)
254 4188 277 4225 c.
397 4173 571 4239 opinationem
582 4192 619 4225 nr.
630 4192 675 4242 pr.
688 4177 725 4230 A.
829 4180 862 4233 25
874 4178 1021 4246 subportari
1035 4181 1125 4248 Bos.

118 4252 151 4305 26
165 4250 290 4302 eiusmodi
304 4251 457 4302 dicebantur
469 4253 612 4304 sentcntiae
625 4255 650 4304 b.
