2684 4694
520 138 820 248 ..pp-

111 353 178 418 eius
193 351 352 417 immunem
374 371 443 416 esse
457 350 606 432 iusserat,
630 352 697 417 lura
720 352 862 436 legesque
882 351 1054 417 reddiderat
1074 361 1164 436 atque
1179 352 1236 439 ipsi

110 453 252 519 Morinos
261 454 676 535 attribuerat’dis'cernnntnr,
693 474 768 538 quae
784 454 896 519 ciuitati
912 455 1098 535 acciderunt,
1112 466 1144 519 et
1157 476 1235 540 qnae

110 557 169 641 ipsi
185 553 340 633 Commi03
358 565 455 639 neque
469 558 528 621 duo
543 557 645 641 priora
660 558 813 637 membra,
837 577 912 640 quae
927 579 980 641 pro
1003 577 1063 621 uno
1085 569 1173 637 aaut,
1197 558 1235 622 ob

112 678 271 723 ascensum
293 660 329 721 ad
353 660 495 723 maiorem
517 679 581 722 rem
604 661 711 743 copula
725 659 960 744 coniunguntur.
1005 657 1114 742 Neque
1137 661 1236 724 minus

110 760 252 845 bipertita
267 771 338 823 sunt
353 761 442 823 baec:
460 760 490 823 b.
509 761 570 824 cin.
585 757 613 837 Ι,
629 761 663 840 Ι,
680 760 701 826 d
718 762 906 826 ‘indiciorum
918 773 1029 839 metus,
1046 763 1177 826 adulatio
1192 773 1238 826 at·

111 883 168 945 qne
184 862 348 926 ostentatio
362 864 408 926 sni
425 873 455 927 et
469 862 649 947 potentium’
672 866 755 946 (nam
778 863 1050 947 extremigenitini
1072 864 1108 928 ad
1124 876 1237 928 nuum-

111 984 170 1048 que
183 959 293 1028 nomen
305 984 359 1047 per
376 967 485 1054 ‘atque'
502 965 677 1049 particulam
684 966 881 1050 coniunctum
893 965 1059 1050 pertinent)
1072 977 1104 1030 et
1113 966 1144 1030 b.
1154 963 1234 1031 Gall.

111 1065 155 1145 V,
172 1064 226 1144 39,
245 1064 265 1129 3
281 1065 466 1142 ‘Eburones‚
482 1065 604 1145 Neruii,
622 1067 769 1131 Aduatuci
785 1079 874 1152 atque
891 1069 997 1133 borum
1016 1071 1146 1133 omnium
1161 1070 1236 1134 socii

112 1181 143 1233 et
156 1167 307 1247 clientes'‚
323 1168 374 1232 nbi
390 1170 472 1253 prius
488 1169 650 1233 membrum
666 1181 714 1234 est
728 1170 923 1254 tripertitum.
970 1169 1055 1236 llaec
1070 1171 1162 1255 igitur
1175 1191 1237 1236 non

112 1271 208 1354 magis
224 1271 386 1350 offendent,
403 1292 490 1354 quam
506 1291 582 1355 quae
598 1271 739 1356 leguntur
758 1272 789 1336 b.
807 1270 888 1336 Gall.
915 1269 950 1351 Ι,
974 1271 1018 1337 bd
1038 1274 1082 1337 in.
1102 1273 1237 1360 ‘equitet

112 1373 262 1438 Ariouisti
279 1374 399 1458 propius
415 1376 558 1439 tumulum
573 1377 719 1440 accedere
735 1374 809 1438 etad
823 1385 944 1438 nostros
960 1374 1146 1457 adequitare,
1163 1375 1238 1458 lapi-

115 1477 169 1541 des
185 1476 303 1560 telaque
317 1477 349 1540 in
364 1488 482 1541 nostros
498 1476 647 1542 conicere'
663 1473 752 1543 etto
773 1478 817 1540 in.
836 1472 971 1540 ‘Caesar
985 1498 1008 1541 a
1023 1477 1131 1541 castris
1147 1478 1238 1542 utris·

113 1599 173 1663 que
187 1579 289 1662 copias
310 1599 380 1643 snas
403 1578 509 1643 eduxit
529 1580 705 1665 paulumque
726 1602 745 1643 a
760 1577 921 1643 maioribus
937 1579 1044 1643 castris
1060 1599 1238 1665 progressae

113 1682 208 1746 aciem
223 1681 385 1760 instruxit,
403 1679 538 1746 hostibus
554 1681 701 1767 pugnandi
717 1678 1013 1767 potestatem'iecit'¹
1031 1679 1082 1744 nbi
1098 1682 1182 1765 plura
1197 1702 1239 1746 ex

113 1785 218 1850 codem
233 1796 346 1870 genere
361 1785 503 1868 ascripsit
519 1781 735 1850 Scbneiderns.
767 1780 873 1848 Potest
887 1792 985 1846 antem
1002 1782 1145 1866 particula
1171 1782 1238 1847 ‘et‘

112 1887 164 1951 nel
179 1887 238 1951 ‘ao'
254 1887 319 1950 sine
336 1886 446 1969 ‘atque'
463 1908 523 1950 nno
538 1887 606 1952 loeo
621 1887 789 1971 interponi,
813 1907 879 1950 oum
902 1883 1069 1967 aequalitas
1089 1885 1240 1949 membro-

112 2011 182 2054 rum
197 1987 298 2074 aliqua
312 2008 354 2050 ex
368 1998 452 2070 parte
468 1989 599 2053 tollitur:
627 1991 705 2073 quod
720 1990 752 2053 lit
768 1987 820 2052 uni
835 1987 1020 2070 potissimum
1037 1987 1169 2052 membro
1185 1987 1239 2052 uti·

112 2111 174 2175 qna
189 2110 225 2155 re
239 2089 354 2152 adiecta
370 2099 421 2151 aut
436 2091 566 2172 pluribus
582 2110 631 2170 eo,
648 2112 734 2174 qnam
750 2088 972 2173 superioribus,
996 2087 1086 2154 rebus
1102 2109 1240 2174 compre·

113 2191 232 2258 beusia.
263 2188 310 2255 Ita
326 2190 356 2252 b.
376 2188 457 2255 Gall.
476 2187 537 2269 Vl,
561 2191 600 2271 2,
623 2193 688 2257 3in
704 2190 775 2256 Par.
794 2213 840 2276 pr.
857 2202 889 2255 et
903 2189 1037 2273 plurimis
1053 2191 1138 2257 codd.
1158 2188 1237 2256 Ond.

113 2304 199 2360 recte
221 2294 362 2377 scriptum
385 2303 433 2356 est
456 2292 628 2372 ‘Neruios‚
652 2293 830 2358 Aduatucos
852 2314 887 2358 ae
908 2289 1071 2377 Menapios
1092 2292 1239 2356 adiunctis

116 2396 303 2462 cisrbenanis
319 2391 509 2474 Germanis'‚
534 2397 679 2479 siquidem
696 2394 843 2460 Germani
865 2417 932 2460 eum
949 2393 1098 2479 Menapiis
1120 2393 1240 2478 potissi-

116 2519 194 2562 mum
211 2497 362 2561 coniuncti
380 2496 472 2561 inisse
488 2497 644 2563 dicontur:
670 2508 701 2564 ct
717 2500 845 2564 eandem
856 2498 1004 2563 rationem
1022 2499 1095 2562 baec
1110 2496 1237 2561 babent:

115 2600 146 2664 b.
164 2601 224 2664 eiu.
241 2595 306 2673 ΙΙΙ,
330 2599 370 2677 d,
394 2596 416 2661 li
433 2597 656 2677 ‘Macedones‚
681 2599 846 2664 Thessalos
862 2621 898 2664 ae
911 2601 1091 2684 reliquarum
1107 2598 1240 2683 gentium

116 2714 149 2766 et
163 2702 351 2777 ciuitatinm’,
369 2702 465 2765 eiusd.
482 2702 535 2766 lib.
554 2701 606 2780 12,
623 2701 644 2765 4
662 2698 876 2781 ιΙΙιιΙΙὶιΙΙειιεοε,
893 2701 1047 2766 Amantini
1063 2713 1094 2765 et
1107 2702 1240 2782 reliquae

116 2805 259 2869 linitimae
274 2803 442 2882 ciuitates’,
467 2804 495 2866 b.
514 2802 584 2867 arr.
601 2801 664 2882 2⁰,
686 2803 710 2868 2
733 2803 916 2889 ‘sagittariis
931 2801 1082 2888 Ityraeis,
1106 2800 1194 2887 Syris
1210 2813 1243 2866 et

116 2909 262 2990 cuiusque
277 2905 418 2989 generis’,
442 2904 497 2980 70,
515 2904 535 2969 b
559 2905 695 2971 ‘circiter
710 2902 793 2972 CCC
809 2907 941 2982 amissis,
959 2905 1059 2968 multis
1076 2903 1241 2967 uolneratis

117 3030 153 3074 ac
167 3009 295 3073 delensis
310 3008 450 3072 instando
467 3007 625 3071 omnibus'.
671 3007 771 3089 Atque
787 3020 821 3072 nt
835 3006 961 3071 similem
986 3026 1049 3070 rem
1074 3005 1174 3069 statim
1191 3005 1243 3068 ad-

116 3111 249 3196 iungam,
265 3112 370 3175 eadem
384 3131 456 3174 usos
472 3106 651 3174 Caesariani
667 3109 836 3192 ignorantia
853 3112 892 3174 de·
903 3110 934 3172 b.
953 3106 1033 3171 Gall.
1051 3104 1130 3186 vlt,
1151 3107 1206 3182 54,
1224 3107 1241 3171 l

117 3212 150 3276 in
164 3212 353 3297 interpolatis
370 3211 456 3276 codd.
475 3211 617 3293 scriptum
634 3221 699 3276 eat:
719 3211 772 3274 ‘ibi
786 3233 805 3275 e
819 3210 1010 3276 Viridomaro
1025 3221 1113 3293 atque
1129 3207 1244 3293 Epore-

118 3313 224 3398 dorige
238 3312 375 3379 Haeduis
397 3312 563 3396 appellatus
585 3311 672 3375 discit
693 3332 760 3375 cum
776 3313 857 3376 omni
872 3313 1005 3397 equdmu
1018 3310 1188 3378 Litauicum
1206 3312 1244 3377 ad

118 3416 322 3480 sollicitandos
346 3414 488 3480 llaednos
509 3416 674 3499 profectum
700 3434 769 3478 esse
791 3435 864 3498 opus
884 3435 952 3479 ease
972 3425 1004 3479 et
1025 3414 1107 3498 ipsos
1122 3426 1244 3480 antece-

120 3517 193 3582 dere
206 3519 244 3582 ad
259 3518 489 3582 confirmandam
506 3517 679 3595 ciuitatem',
697 3538 763 3581 cnm
779 3516 811 3580 in
826 3517 949 3600 reliquis
959 3516 1049 3580 vcodd.
1066 3529 1149 3583 reete
1164 3517 1245 3601 lega·

118 3628 168 3682 tur
185 3627 272 3702 ‘opus
287 3639 355 3684 esse
370 3619 473 3702 ipsos’‚
492 3620 547 3683 bac
562 3620 724 3698 sententia,
741 3630 793 3697 nt,
823 3640 889 3683 oona
905 3616 1064 3683 Litauicns
1079 3619 1117 3684 ad
1133 3620 1246 3684 solliei-

120 3722 239 3785 tandam
255 3722 407 3786 ciuitatem
424 3723 574 3804 proiectus
586 3722 637 3798 sit,
654 3742 723 3786 sese
735 3721 772 3785 ad
789 3722 1018 3789 confirmandam
1030 3721 1177 3804 proticisci
1195 3721 1246 3784 de·

120 3823 193 3889 bere
210 3823 420 3890 Viridomarus
437 3834 467 3887 et
482 3823 674 3908 Eporedorix
689 3824 800 3886 dicant.
845 3821 965 3888 Etenim
982 3826 1049 3887 ‘et’
1070 3823 1245 3906 particulam

121 3924 253 4010 (deqna
269 3936 304 3992 re
320 3928 396 4010 apud
412 3924 591 3990 Ciceronem
608 3925 737 3989 nondum
753 3933 895 3988 constare
909 3924 996 4007 scio)
1017 3945 1114 4006 neque
1129 3919 1247 3990 Caesar

121 4048 217 4111 neque
232 4027 349 4094 Hirtius
365 4029 396 4093 in
412 4027 587 4092 intentendo
604 4047 657 4110 pro
675 4027 786 4090 ‘etiam'
803 4038 977 4111 posuerunt.
1023 4024 1103 4089 Nam
1114 4027 1144 4090 b.
1164 4026 1244 4092 Gall.

120 4126 148 4207 Ι,
166 4128 220 4211 15,
236 4129 257 4195 3
273 4138 342 4214 ‘qno
358 4131 472 4215 proelio
488 4129 597 4192 sublati
612 4126 744 4192 lleluetii
759 4129 900 4193 audacius
915 4128 1081 4193 subsistere
1100 4150 1247 4195 nonnum·

123 4253 211 4317 qnam
225 4244 258 4300 et
272 4234 437 4300 nouissimo
452 4231 572 4318 agmine
587 4229 700 4317 proelio
716 4241 835 4297 nostros
850 4232 1002 4296 beeaaere
1018 4230 1197 4316 coeperunt’
1216 4238 1249 4295 et
