2684 4694
495 224 796 292 —15—
912 232 952 325 ᾖ

85 396 195 460 cedere
224 394 424 461 confitendum
446 404 513 474 est,
537 397 591 461 sed
620 415 658 460 ea
678 396 710 459 in
731 396 795 459 sola
817 397 1032 481 compositione
1055 411 1206 465 uersatur.

84 497 194 581 Neque
217 517 292 561 uero
315 517 411 580 genus
427 498 580 563 scribendi
597 497 749 562 diuersum
764 506 830 577 est,
853 499 925 577 sed,
947 521 1015 564 cum
1029 510 1158 586 uterque
1172 503 1210 567 li·

84 600 141 663 ber
161 597 364 664 narrationem
385 621 486 666 rerum
508 610 662 686 gestarum
679 600 787 664 nudam
803 599 912 664 babeat
926 613 1015 685 atquc
1029 603 1208 689 simplicem,

85 702 236 785 posterior
263 703 421 766 uenustior
449 714 497 767 est
524 704 679 787 magisque
708 703 871 787 perpolitus
893 713 924 766 et
945 702 1091 768 alacriore
1110 706 1210 770 auimo

86 804 225 889 scriptus.
256 802 323 869 Eae
338 813 439 868 autem
452 825 503 869 res
518 826 704 888 nequaquam
718 806 852 883 obstant,
867 827 924 889 quo
939 805 1038 870 minus
1054 807 1209 872 abeodem

86 909 215 992 scriptus
236 907 287 972 sit.
318 904 401 972 Nam
423 907 534 971 bomini
557 908 587 971 in
611 907 770 972 scribendo
791 929 853 971 non
868 909 1026 972 admodum
1042 911 1210 973 exercitato

87 1013 195 1093 (solum
210 1019 313 1075 autem
327 1008 540 1074 Anticatonem
556 1007 673 1073 Hirtius
693 1020 763 1073 ante
777 1008 832 1072 bos
848 1009 941 1073 libros
957 1010 1077 1074 uidetur
1091 1033 1211 1096 compo·

86 1113 201 1199 suisne)
215 1112 304 1177 lacilc
320 1111 487 1186 accidebat,
510 1122 556 1189 ut,
579 1133 638 1195 quo
647 1112 773 1202 longius
788 1111 1040 1196 progrederetur,
1053 1133 1089 1177 eo
1105 1114 1134 1177 ei
1149 1133 1211 1178 me·

87 1216 145 1279 lius
165 1214 303 1279 cederet·
327 1214 444 1298 etipsa
465 1214 592 1278 materia
613 1214 739 1279 alterius
755 1214 841 1291 libri,
865 1234 930 1276 cum
946 1215 1095 1279 ιιιίοῑιιο
1111 1236 1211 1279 rerum

86 1339 121 1380 ac
142 1318 278 1381 locorum
300 1314 504 1398 bellorumque
525 1316 731 1402 magnitudine
754 1313 939 1398 aliquantum
962 1327 1150 1400 praestaret,
1182 1329 1212 1382 et
1257 1333 1260 1339 “

85 1421 215 1485 animum
234 1417 395 1483 scribentis
417 1420 514 1503 magis
537 1419 731 1505 permonebat
752 1429 783 1483 et
805 1418 1004 1482 delectatione
1019 1420 1150 1483 studium
1165 1430 1211 1483 at·
1238 1419 1242 1426 '

86 1543 141 1605 quc
157 1521 340 1605 diligentiam
355 1519 493 1587 addebat.
524 1518 562 1585 ln
580 1517 681 1606 priore
696 1521 766 1587 libri
780 1508 882 1604 parte,
906 1540 982 1605 quae
1005 1531 1053 1585 est
1067 1522 1104 1584 de
1119 1521 1211 1586 rebus

85 1623 292 1688 Alexandriae
313 1624 425 1707 gestis,
456 1625 546 1688 etiam
570 1620 712 1689 Caesaris
743 1625 908 1689 narrationi
932 1623 1068 1688 nonnihil
1093 1624 1211 1688 uidetur

86 1727 294 1806 tribuendum,
316 1749 374 1811 qua
389 1725 448 1792 sibi
462 1724 581 1790 Hirtius
596 1748 644 1811 ep.
662 1727 700 1791 ad
714 1723 801 1790 Balb.
821 1726 849 1807 §-
866 1725 888 1788 8
910 1725 966 1789 boo
982 1725 1090 1789 bellum
1106 1737 1210 1790 notum

88 1850 157 1893 esse
185 1828 302 1893 scribit.
339 1825 444 1911 ltaque
471 1829 580 1893 librum
609 1831 645 1893 dc
673 1829 751 1893 bello
773 1826 983 1892 Alexandrino
1005 1847 1100 1911 aeque
1120 1840 1210 1916 atque

87 1942 227 1995 octauum
243 1927 372 1996 debello
388 1928 505 1995 Gallico
520 1931 614 1996 ldirtii
629 1931 804 1995 existimare
821 1951 881 2015 uon
896 1930 1107 2021 dubitabimus.

172 2032 244 2095 Alia
258 2052 351 2095 causa
365 2042 413 2096 est
427 2034 551 2096 duorum
566 2035 745 2116 reliquorum
761 2033 1055 2098 commentariorum.
1084 2031 1164 2098 Nam
1180 2035 1210 2097 in

88 2135 166 2198 libro
187 2135 223 2198 de
246 2133 326 2197 bello
345 2135 493 2198 Africano
514 2136 640 2217 primum
660 2157 712 2200 res
733 2147 837 2219 gestae
860 2135 976 2219 plenius
997 2146 1069 2199 sunt
1082 2136 1208 2214 relatae,

89 2258 177 2320 quam
199 2245 253 2301 aut
272 2255 292 2299 a
314 2230 450 2301 Caesare
472 2247 525 2302 aut
544 2237 582 2303 ab
597 2236 698 2302 Hirtio
719 2238 749 2301 in
770 2236 975 2321 superioribus
990 2239 1211 2302 commentariis

89 2339 199 2402 factum
214 2349 279 2403 est:
296 2349 409 2405 etcum
424 2340 468 2405 illi
483 2341 592 2406 seriem
608 2340 792 2404 narrationis
806 2341 847 2405 ita
861 2341 1056 2420 instituerint,
1074 2349 1118 2414 ut,
1135 2360 1211 2422 quac

88 2462 123 2505 re
146 2442 305 2505 coniuncta
325 2453 432 2521 erant,
455 2453 688 2528 componerent,
712 2443 761 2508 hio
782 2443 945 2507 secuudum
968 2443 1111 2528 temporis
1131 2443 1213 2506 ordi·

88 2564 159 2607 nem
173 2543 316 2607 distrama
329 2546 430 2611 omnia
444 2547 590 2610 uidemus.
622 2542 689 2624 lta,
713 2555 749 2608 ut
765 2565 860 2629 pauca
874 2550 1118 2624 commemorem,
1143 2567 1210 2610 cum

88 2646 159 2709 inde
188 2667 206 2709 a
235 2666 262 2708 c.
288 2644 331 2711 12
350 2667 444 2730 nsque
473 2647 512 2710 ad
540 2669 569 2711 c.
595 2644 636 2710 19
664 2667 765 2732 pugna
794 2648 937 2730 quaedam
967 2661 1090 2713 narrata
1116 2660 1209 2727 esset,

88 2769 117 2811 c.
133 2746 189 2825 21,
211 2746 234 2811 2
252 2748 397 2813 interrae
413 2750 500 2832 plane
514 2749 652 2814 diuersas
667 2750 800 2813 refertur
814 2746 981 2815 Labienum
996 2772 1087 2828 suos,
1114 2753 1164 2835 qui
1180 2751 1213 2814 in

89 2871 126 2914 ea
147 2871 247 2935 pugna
268 2852 388 2914 fuerant
401 2853 545 2929 sauciati,
569 2851 711 2936 plaustris
726 2849 924 2916 Adrumetum
945 2853 1137 2936 deportasse:
1162 2873 1212 2916 res

89 2974 108 3015 a
137 2949 228 3016 Sittio
252 2963 356 3036 gestae
378 2954 577 3039 particulatim
600 2955 780 3018 interiectae
800 2965 872 3017 suut
893 2977 921 3017 c.
938 2953 992 3016 25.
1017 2953 1071 3031 36,
1093 2955 1126 3017 4.
1151 2951 1209 3018 95ι

90 3078 116 3119 c.
132 3052 190 3133 32,
216 3053 236 3120 3
259 3051 423 3121 Caesarem
440 3053 586 3120 Gaetulos
604 3058 745 3138 perfugas
760 3054 797 3116 ad
812 3055 989 3119 seditionem
1006 3057 1212 3120 concitandam

89 3158 121 3220 iu
143 3178 268 3241 regnum
292 3156 383 3222 lubae
408 3157 577 3234 dimisisse,
602 3177 631 3220 c.
656 3154 698 3219 55
720 3156 841 3220 eosdem
864 3157 1039 3241 peruenisse
1061 3169 1092 3222 et
1107 3179 1124 3222 a
1139 3179 1213 3242 rege

91 3261 246 3344 populares
269 3281 341 3324 suos
358 3259 515 3324 diduxissc
530 3270 682 3323 narratur.
712 3256 795 3323 lllira
810 3260 932 3342 quadam
948 3260 1102 3346 diligentia
1118 3262 1213 3325 hono·

90 3382 140 3426 res
162 3363 349 3449 singulorum
372 3361 523 3425 bominum
544 3374 753 3447 praeterquam
776 3381 897 3440 eorum,
929 3364 979 3448 qui
1009 3375 1096 3428 eraut
1118 3363 1212 3428 uotis·

89 3464 177 3542 simi,
201 3465 297 3528 notati
318 3475 409 3540 aunt,
439 3485 537 3547 neme
561 3465 657 3529 solum
680 3486 755 3548 quos
777 3486 842 3528 cum
858 3465 988 3528 mammo
1003 3465 1147 3549 gerebant
1163 3465 1212 3546 (id

91 3568 202 3649 quoda
218 3561 352 3631 Caesare
366 3588 482 3650 quoque
498 3580 529 3632 et
544 3566 657 3645 llirtio,
680 3569 776 3632 sedet
792 3568 886 3631 multo
901 3568 1018 3652 parcius
1034 3587 1128 3649 neque
1145 3567 1212 3630 siue

89 3669 198 3735 idonea
213 3691 307 3734 causa
322 3670 430 3733 lactum
446 3674 520 3750 est),
544 3691 648 3734 uerum
665 3671 807 3734 etiamad
822 3689 907 3752 quem
919 3670 1044 3752 gradum
1060 3668 1213 3753 dignitatis

92 3782 312 3854 peruenerant,
336 3792 394 3854 quo
420 3793 460 3836 ex
481 3793 594 3856 genere
610 3783 682 3836 sunt
696 3795 724 3835 c.
740 3770 830 3851 28,1
855 3767 906 3835 ι(1.
924 3769 1078 3855 Vergilius
1094 3779 1215 3853 praeto·

91 3873 185 3952 rius',
208 3872 262 3954 33,
286 3874 307 3940 3
330 3870 382 3939 ‘C.
400 3871 533 3940 Messius
556 3874 692 3939 aedilicia
708 3877 827 3938 iunctus
843 3873 1018 3958 potestate',
1044 3872 1097 3950 34,
1120 3868 1211 3935 2⁴0.

92 3970 246 4040 Decimius
267 3978 485 4061 quaestorius‘,
512 3976 575 4055 85,
599 3976 620 4039 7
649 3975 780 4041 ‘Tullius
802 3976 900 4040 lluius
923 3975 1134 4057 quaestorius’.
1165 3973 1214 4038 De

12 4147 19 4159 ³
92 4076 227 4141 consiliis
249 4074 393 4145 Caesaris
413 4099 577 4165 permagna
598 4081 744 4143 modestia
764 4100 782 4143 a
806 4078 953 4161 scriptore
975 4079 1136 4142 iudicatum
1152 4089 1211 4155 est,

93 4188 127 4241 ut
147 4179 287 4246 arbitrari
309 4204 343 4248 se
365 4188 407 4267 (c.
424 4182 458 4260 7,
475 4181 510 4264 d)
533 4183 583 4245 uel
605 4181 781 4244 existimare
802 4178 849 4262 (9,
866 4180 902 4261 2)
917 4200 982 4242 eam
999 4200 1118 4243 causam
1135 4177 1213 4242 Cae-

93 4282 154 4345 sari
175 4283 223 4347 rei
243 4285 369 4352 alicuius
391 4284 547 4350 sumendae
561 4283 655 4349 fnisse
670 4284 795 4348 diceret.
827 4280 863 4349 ln
878 4280 1084 4375 Pompeianus
1097 4290 1224 4371 praeter
