2684 4694
532 225 837 293 ...13--2

122 406 302 490 scriptorum
317 402 453 487 proprius
470 409 528 464 est.
561 394 695 462 Sublatis
710 397 789 462 enim
805 395 977 481 quibusdam
992 397 1181 464 librariorum
1196 419 1245 465 er-

122 509 259 586 roribus,
283 505 387 590 quibus
410 503 523 568 relictis
546 502 646 566 nullus
670 502 798 586 scriptor
820 502 868 564 sui
890 501 995 564 similis
1017 502 1094 578 crit,
1119 502 1193 566 nihil
1212 503 1246 566 in

122 612 177 675 hoo
192 629 305 693 genere
321 607 475 671 inuenitur
489 607 520 668 in
536 605 582 668 his
598 602 833 681 commentariis,
849 604 928 686 quod
943 602 1105 670 abhorrere
1121 625 1139 669 a
1154 601 1245 671 Cice-

123 713 206 777 ronis
227 721 259 775 et
273 705 416 774 Caesaris
437 707 651 772 consuetudine
672 706 768 770 uideri
783 706 890 791 possit.
922 705 967 768 At
979 707 1105 790 reliquis
1121 729 1162 773 ex
1177 729 1246 792 par-

125 815 200 878 tibus
221 815 248 878 si
270 812 325 877 hos
346 811 439 874 libros
460 831 527 873 cum
550 806 694 875 Caesaris
720 809 943 873 commentariis
966 830 1189 892 comparamus,
1212 811 1245 874 iu

123 927 228 979 octauo
250 912 327 977 libro
350 912 478 977 debello
495 910 611 976 Gallico
628 911 832 975 desideramus
849 923 880 976 et
895 910 1062 995 elegantem
1077 912 1158 975 illam
1173 911 1246 976 faci·
1301 949 1303 953 ι

124 1019 237 1082 litatem
259 1025 290 1080 et
312 1016 448 1100 uigorem
470 1024 560 1097 atquc
582 1014 784 1090 alacritatem,
809 1015 908 1095 queis
925 1014 1014 1077 nullis
1030 1013 1245 1078 artificiisora·

123 1121 209 1183 toriis
232 1117 371 1181 adhibitis
388 1116 516 1181 naturali
532 1116 644 1200 ingenii
661 1115 803 1178 lelieitate
821 1126 969 1198 tamquam
985 1127 1176 1201 praesentem
1191 1138 1245 1180 ex-

124 1222 234 1306 pressit
255 1242 356 1284 rerum
380 1230 533 1303 gestarum
556 1218 727 1301 imaginem.
758 1215 982 1280 Leutitudinem
1005 1219 1084 1283 enim
1100 1220 1245 1301 quandam

123 1335 154 1388 et
171 1323 406 1387 mediocritatem
427 1322 618 1404 agnoscimus
638 1320 705 1383 sine
727 1329 872 1396 metuet,
896 1322 974 1403 qnod
988 1321 1129 1386 maxime
1144 1342 1246 1405 repre·

123 1427 254 1504 luendas,
279 1425 345 1490 sine
367 1423 525 1488 uarietate.
557 1421 637 1485 Nam
656 1421 813 1484 immodice
829 1442 864 1484 ea
880 1422 1097 1505 compositione
1111 1443 1184 1485 usus
1199 1433 1247 1486 est

123 1526 260 1604 Hirtius,
284 1533 318 1588 ut
347 1525 480 1610 protasia
511 1546 564 1609 per
588 1523 676 1587 ‘cum'
706 1523 882 1608 particulam
903 1524 1094 1607 incipientem
1121 1527 1246 1607 apodosi

123 1629 343 1713 praemitteret,
375 1628 573 1710 coniungeret
595 1637 693 1690 autem
716 1626 882 1690 sententias
906 1647 960 1709 per
982 1647 1146 1709 pronomen
1167 1629 1245 1691 rela-

122 1733 234 1810 tiuum‚
259 1751 384 1813 quarum
413 1750 515 1794 rerum
545 1729 596 1793 illa
619 1729 708 1813 longa
731 1729 793 1791 iere
815 1727 966 1790 enuntiata
990 1730 1094 1807 efficit,
1119 1732 1263 1814 utraquc'

124 1833 237 1897 tardam
258 1846 290 1894 et
311 1842 393 1896 motu
410 1843 562 1896 carentem
578 1833 756 1895 orationem.
787 1829 887 1912 Atque
904 1841 936 1893 nt
952 1831 1046 1895 forma
1062 1832 1245 1916 complexio·

124 1956 194 1998 num
223 1934 373 1997 uarietate
396 1944 497 2011 caret,
527 1933 570 1996 ita
591 1934 665 1998 ordo
686 1943 803 2016 quoquc
826 1933 988 1996 uerborum
1010 1936 1132 1998 nimium
1155 1955 1245 2019 saepe

125 2037 202 2100 idem
222 2035 373 2111 recurrit,
397 2034 475 2097 huno
498 2035 580 2113 dico,
604 2045 638 2099 ut
658 2055 752 2118 pauca
773 2036 903 2118 exempli
923 2057 1014 2100 causa
1030 2058 1155 2121 ponam:
1182 2038 1245 2121 ‘qni

125 2139 251 2224 primum
267 2138 430 2200 aduentum
447 2146 604 2220 potuerant
621 2137 749 2222 ellegere
766 2133 981 2200 llomanorum'
997 2138 1045 2220 (3,
1063 2138 1113 2219 3),
1140 2140 1247 2223 ‘legio-

124 2261 191 2304 nem
216 2260 257 2305 ea
279 2239 413 2304 hibernis
435 2251 542 2304 euocat
556 2260 660 2303 rursus
676 2239 869 2302 undecimum'
886 2236 932 2318 (6,
950 2236 1004 2324 3),
1031 2242 1149 2305 ‘stultas
1165 2242 1247 2326 cogi-

126 2344 252 2408 tationes
267 2342 411 2406 incitabat
425 2342 629 2406 harbarorum'
646 2341 714 2420 (10,
729 2339 787 2422 4),
813 2347 867 2403 ‘ex
884 2340 968 2404 siluis
985 2341 1131 2407 instructa
1147 2343 1246 2406 multi·

125 2447 196 2509 tudo
217 2446 351 2530 procedit
375 2446 523 2530 peditum,
548 2464 622 2527 quae
645 2454 767 2508 nostros
791 2443 891 2528 co'c'git
904 2445 1011 2508 cedere
1033 2446 1158 2529 equites'
1175 2444 1245 2525 (10,

123 2547 170 2630 2).
180 2573 190 2582 ’
202 2544 270 2628 Quo
294 2568 336 2612 ex
354 2568 466 2631 genere
482 2547 538 2610 etsi
554 2546 681 2630 plurima
696 2546 755 2609 iam
771 2545 966 2629 legebantur,
991 2547 1075 2631 plura
1091 2560 1190 2612 tamen
1205 2569 1245 2612 ex

125 2649 276 2713 codicibus
305 2651 442 2735 ponenda
471 2651 602 2712 fuerunt.
639 2647 805 2727 Taedium,
836 2648 912 2729 quod
936 2649 1025 2713 allent
1046 2651 1152 2715 creber
1175 2671 1248 2715 usus

125 2752 290 2837 particulae
314 2752 420 2829 ‘cum',
445 2751 531 2815 leniri
555 2760 689 2835 poterat,
710 2749 736 2812 si
758 2748 835 2812 aliae
857 2771 917 2812 nou
937 2762 1040 2814 essent
1055 2772 1178 2834 prorsus
1194 2772 1249 2817 ne-

125 2852 258 2939 glectae:
289 2853 331 2916 ita
356 2851 534 2937 ‘postquam'
559 2872 597 2915 ue
619 2850 718 2915 semel
740 2851 857 2933 quidem
881 2852 1008 2936 positum
1032 2862 1098 2930 est,
1132 2855 1187 2917 ‘ut'
1211 2856 1247 2919 de

125 2955 319 3040 temporabis
335 2952 409 3034 (30,
436 2954 453 3018 1
471 2965 500 3019 et
515 2952 575 3032 35,
600 2951 652 3035 5),
678 2952 748 3015 ‘uhi'
765 2963 812 3016 ter
827 2952 901 3034 (15,
926 2954 958 3017 7.
991 2950 1051 3030 36,
1068 2954 1100 3017 4.
1125 2954 1178 3034 48,
1195 2954 1246 3040 6),

125 3059 178 3122 sed
207 3059 267 3134 ita,
298 3068 332 3121 nt
359 3077 478 3140 semper
506 3056 609 3119 eadem
642 3056 731 3118 uerba
760 3065 907 3140 ponantur
931 3056 1021 3138 ‘quod
1043 3055 1093 3119 ubi
1116 3058 1247 3122 accidit'.

126 3159 205 3223 Nam
221 3182 248 3223 c.
266 3158 327 3237 48,
351 3157 392 3234 7,
416 3157 466 3219 ubi
487 3156 586 3219 editur
608 3158 696 3238 ‘quod
720 3158 768 3220 ubi
789 3159 897 3220 malum
920 3159 981 3220 dux
1007 3159 1073 3240 equi
1090 3160 1250 3226 uelocitate

127 3262 267 3338 sudauit,
289 3260 425 3344 grauiter
446 3258 622 3322 uulneratus
644 3262 831 3342 praelectus,
856 3271 889 3322 ut
911 3261 991 3323 uitae
1007 3262 1170 3344 periculum
1186 3262 1249 3325 adi-

127 3375 212 3427 turus
228 3364 398 3439 uideretur,
421 3361 551 3424 retertur
572 3359 603 3423 in
625 3360 751 3439 cestra'‚
775 3382 815 3424 ex
830 3363 1006 3445 optimorum
1023 3362 1156 3425 codicum
1173 3363 1250 3462 squi-

127 3477 211 3550 ptura
228 3466 369 3530 efficitur:
397 3459 496 3544 ‘Quod
517 3463 626 3525 malum
648 3463 711 3526 dux
726 3463 794 3546 equi
810 3464 968 3527 uelocitate
985 3464 1128 3529 euitauita
1153 3485 1189 3527 ac
1204 3463 1250 3528 sic

128 3568 241 3652 proelio
256 3567 388 3632 secundo
402 3565 539 3651 grauiter
553 3564 590 3628 ab
605 3585 641 3628 eo
654 3563 827 3628 uulneratus
837 3566 1015 3650 praelectus'
1031 3576 1118 3646 cett,
1132 3567 1163 3629 id
1171 3567 1250 3649 quod

128 3692 168 3733 ex
190 3680 276 3754 parte
298 3669 356 3732 iam
379 3689 395 3731 a
411 3667 536 3731 Dauisio
555 3677 586 3730 ct
601 3664 814 3751 Oudendorpio
829 3669 1067 3732 animaduersum
1085 3680 1142 3733 est.
1175 3666 1250 3732 Fre·

129 3782 254 3855 quanter
276 3772 416 3854 leguntur
437 3769 600 3853 particulae
617 3769 696 3831 ‘etsi'
715 3767 764 3832 uel
788 3771 930 3833 ‘tametsi'
945 3806 987 3819 -
1011 3772 1132 3835 ‘tamen'
1150 3769 1198 3851 (0,
1214 3769 1248 3836 2.

130 3870 290 3951 10,461ε.
317 3872 369 3950 16,
394 3872 423 3936 1.
451 3869 502 3948 19,
518 3872 551 3935 7.
574 3867 678 3948 20,1.
703 3870 758 3946 27,
775 3867 805 3931 3.
830 3870 884 3950 28,
901 3871 933 3934 4.
958 3870 1062 3949 29,1.
1089 3872 1142 3949 50,
1160 3872 1195 3958 3)
1219 3885 1251 3938 et

132 3976 329 4059 ‘quamquam’
352 4013 395 4022 -
417 3973 539 4038 ‘tamen'
561 3975 666 4057 (praei.
683 3969 715 4035 8.
739 3971 793 4051 42,
817 3972 848 4036 3.
874 3973 927 4051 52,
951 3973 984 4036 3.
1008 3972 1062 4049 55,
1079 3975 1131 4051 2)ε
1164 3999 1251 4039 num-

132 4099 219 4160 quam
242 4077 333 4142 ‘licet'
357 4087 408 4140 aut
430 4074 601 4159 ‘quamuis'.
635 4072 835 4158 ‘Priusquam’
856 4077 998 4160 scriptum
1020 4087 1067 4139 est
1088 4075 1169 4155 3,1.
1195 4076 1248 4157 13,

132 4178 164 4241 3.
190 4179 241 4259 14,
259 4181 291 4243 2.
317 4176 369 4258 50,
387 4176 424 4241 3:
449 4196 607 4259 numquam
624 4179 816 4261 ‘antequam'.
849 4175 1008 4262 ‘Repente’
1023 4178 1150 4262 legimus
1166 4178 1198 4253 5,
1216 4179 1248 4242 1.

131 4278 165 4358 e,
190 4279 221 4344 1.
247 4280 299 4360 12,
316 4279 347 4345 3.
371 4281 423 4358 15,
440 4279 472 4345 7.
496 4276 551 4360 20,
567 4279 589 4347 2
603 4278 660 4344 bis.
682 4278 736 4362 27,
753 4281 786 4349 2.
809 4279 866 4364 20,
887 4278 920 4348 1.
940 4276 1000 4361 36,
1015 4279 1051 4346 4.
1074 4279 1186 4360 tufa.
1207 4278 1270 4359 ts„
