2692 4688
503 182 826 251 ——llb—

101 373 187 427 extro
210 359 391 426 munitiones
406 378 574 443 egressum,
599 368 698 421 eostre
715 358 877 422 secundnm
893 377 989 435 mure,
1012 365 1046 420 ut
1061 354 1156 421 libere
1172 377 1226 442 po,

99 451 312 549 bulari‘posset
326 483 381 525 neo
396 462 494 525 minus
502 461 614 524 aditum
625 460 754 525 nauibus
764 460 899 539 baberet,
916 460 1226 525 commutantium

99 569 182 645 belli,
206 567 344 651 quonism
362 563 544 648 propositum
561 584 620 626 nnn
637 573 792 641 tenuerat,
816 564 902 626 inxtn
915 559 1089 646 Pompeium
1106 562 1226 627 munire

98 667 208 734 iussit'.
232 666 293 731 llio
307 667 432 751 primum
448 666 548 729 uerbis
566 672 676 729 ‘eostre
692 667 854 729 seeundum
869 667 973 742 more',
991 667 1109 729 etiamsi
1125 686 1225 751 perse

97 772 234 856 suppleto
252 766 537 834 ‘animaduertisset’
553 779 638 832 reete
648 770 831 845 dicerentur,
850 782 949 834 tamen
961 769 1148 832 ndieiendum
1158 779 1226 834 eret

99 875 199 948 ‘eius'‚
216 885 250 936 ut
264 871 399 957 Pompeii
414 882 514 935 rostro
529 871 587 934 diei
603 872 840 955 intellegeretur.
866 869 928 935 Sed
943 882 978 934 ut
992 870 1048 934 bno
1063 873 1224 953 toleretur,

97 978 129 1042 in
144 977 291 1042 extremis
305 986 389 1039 uerte
403 974 504 1038 uerbis
521 975 619 1038 ‘iusto
634 973 808 1058 Pompeium
825 974 941 1038 munire
955 973 1053 1037 inssit'
1069 974 1225 1041 desidem·

97 1091 147 1143 tor
168 1088 336 1145 rostrorum
358 1078 613 1141 eommemorutio.
644 1076 726 1142 Nom
749 1097 846 1160 neque
868 1076 933 1140 solo
954 1076 1108 1140 muniendi
1126 1076 1224 1143 uerbo

97 1193 264 1246 nestrorum
286 1181 411 1244 munitio
434 1180 602 1257 iudicetur,
630 1200 727 1263 neque
743 1200 784 1244 ex
799 1180 1005 1264 superioribus
1019 1180 1083 1244 illis
1107 1185 1224 1247 ‘oestro

97 1283 259 1348 secundun
275 1281 367 1347 more'
385 1284 508 1367 primu·
525 1282 699 1348 uoenbulum
717 1284 764 1347 bie
779 1284 955 1369 intellegere
972 1283 1053 1360 lieet,
1070 1303 1137 1345 oum
1151 1282 1223 1365 quie

97 1387 185 1451 nimis
208 1387 301 1450 multo
323 1396 396 1449 sunt
416 1386 589 1463 interieeto,
615 1396 675 1450 tum
699 1387 776 1468 quod
798 1387 838 1448 ibi
861 1387 937 1450 uilius
953 1396 1054 1450 costra
1067 1395 1158 1468 etque
1171 1384 1222 1449 biu

96 1490 315 1574 significentur.
353 1488 439 1552 llnen
464 1489 649 1552 incommodo
678 1489 721 1552 ito
744 1489 880 1552 nonnulli
901 1488 1052 1551 declinere
1076 1487 1136 1551 sibl
1160 1486 1222 1551 nisi

97 1604 186 1669 sunt,
212 1604 243 1656 ut
265 1592 357 1655 uerba
381 1602 498 1655 ‘eostre
522 1593 683 1655 seeundum
706 1612 788 1655 neore
809 1592 895 1654 iuxta
911 1588 1086 1674 Pompeium
1102 1588 1222 1653 munire

96 1696 195 1760 iussit’
218 1696 436 1778 coniungerent
460 1695 619 1777 omniaque
641 1707 673 1759 et
694 1695 768 1757 bueo
789 1707 821 1758 et
835 1695 1014 1778 interpositu
1030 1694 1067 1756 de
1083 1688 1221 1757 Coeum

96 1798 154 1861 dini
169 1799 375 1883 opinarentur.
402 1796 514 1861 l'erum
531 1818 566 1860 en
582 1798 700 1861 ratione
716 1799 840 1881 primum
857 1808 916 1859 tam
932 1806 1070 1861 oontortn
1090 1794 1222 1859 ellinitur

96 1901 205 1978 oratio,
223 1899 339 1983 qualem
354 1922 442 1963 nemo
457 1902 488 1963 iu
503 1900 663 1963 seribendo
678 1901 869 1964 mediocriter
879 1911 1016 1962 uersutus
1024 1897 1217 1963 instituisset.

94 2001 173 2066 Nom
190 2003 283 2067 uerbo
300 2011 495 2067 ‘eonrmutnto
509 2004 626 2067 ratione
641 2003 722 2080 belli,
739 2001 878 2085 quonium
895 1999 1080 2085 propositum
1096 2020 1157 2063 non
1170 2008 1219 2063 te·

95 2108 213 2168 nnerot’
230 2106 402 2169 neeessnrio
417 2107 622 2190 subiungeuds
639 2118 726 2170 erent
739 2106 799 2169 illis
817 2104 1002 2188 ‘Pompeium
1017 2114 1105 2166 extro
1120 2102 1219 2167 mutri-

94 2208 192 2271 tiones
207 2209 382 2293 egressum,
401 2218 432 2272 et
446 2209 514 2290 quin
531 2230 598 2272 enm
615 2210 660 2273 bis
676 2209 827 2273 sententio
843 2208 1004 2271 noninnetn
1019 2215 1107 2281 sunt,
1131 2216 1162 2270 et
1176 2226 1218 2271 ue

93 2311 207 2394 reliquo
224 2311 382 2376 turboreut
396 2322 485 2393 etque
500 2312 712 2375 discinderent.
737 2310 865 2388 Deinde,
883 2311 959 2392 quod
974 2309 1054 2373 illam
1066 2309 1216 2373 rotionen

94 2412 182 2495 plene
197 2414 327 2489 euertit,
351 2414 443 2477 nerbu
466 2422 521 2476 ‘ut
541 2415 635 2478 libero
650 2414 783 2498 pubulnri
797 2423 901 2497 posset
915 2432 972 2475 nee
986 2412 1086 2476 minus
1100 2412 1216 2477 editum

93 2513 220 2577 nonibm
243 2513 378 2577 boberet’
398 2515 448 2578 nni
472 2518 655 2580 conueniunt
672 2512 825 2600 Pompeio.
857 2512 888 2578 ls
903 2515 981 2578 enim
997 2514 1214 2581 munitionibus

91 2635 109 2678 n
133 2611 268 2680 (laesere
288 2618 489 2681 eireumdatus
503 2638 617 2681 summo
640 2618 739 2703 pabuli
760 2617 861 2701 inopia
883 2627 947 2679 eret
970 2617 1095 2681 ollertns
1117 2638 1214 2703 mque

90 2718 156 2801 ipsu
172 2720 313 2785 derauso
329 2721 502 2805 erumpendi
518 2721 674 2787 eonsilium
691 2731 813 2804 oeperut
827 2717 894 2797 (58,
904 2718 951 2801 l):
970 2714 1214 2785 Caesariueluso

89 2818 234 2905 Pompeio
250 2844 346 2905 neqrte
362 2824 551 2907 pabulatione
566 2824 718 2907 prohiberi
734 2832 853 2908 poterut
866 2832 908 2898 et,
926 2822 951 2884 si
964 2842 1029 2885 enm
1040 2822 1213 2887 leeultnton

89 2924 223 2989 retinere
238 2927 395 3001 uoluisset,
419 2948 479 2990 non
494 2926 581 2989 iuxta
596 2922 768 3009 Pompeium
784 2934 883 2989 eastra
900 2944 1029 3009 ponere,
1053 2926 1106 2988 sed
1121 2945 1212 3008 qun·

88 3025 262 3111 longissime
277 3029 433 3092 discedere
449 3026 585 3103 debebat,
603 3049 641 3091 ne
649 3027 783 3111 Pompeii
803 3029 934 3111 equitatu
950 3027 1039 3110 longe
1053 3028 1212 3110 superiore

87 3129 292 3212 impediretur·
323 3130 433 3214 Neque
455 3152 550 3194 nones
566 3128 709 3195 Cuesnris
732 3130 811 3194 ullus
831 3131 958 3193 oderunt
970 3132 1097 3213 (pauses
1112 3130 1206 3211 enim,

87 3250 160 3313 qnos
175 3230 260 3295 (lrioi
276 3242 307 3294 et
321 3231 406 3297 Lissi
422 3234 577 3311 babuerat,
594 3254 612 3297 ιι
627 3229 688 3296 Cn.
705 3229 849 3316 Pompeio
863 3233 925 3296 fibo
938 3234 1078 3295 innensns
1093 3251 1164 3295 ense
1177 3252 1207 3297 e

80 3330 130 3423 ,td
150 3333 277 3397 relntum
301 3336 376 3417 est),
400 3347 432 3398 et
453 3336 490 3401 de
504 3333 617 3399 ltnlieis
632 3336 846 3400 oomrneatibns
868 3335 976 3399 dodum
993 3334 1210 3419 despereusrnt

85 3433 154 3515 (tu,
170 3434 217 3518 3).
245 3434 350 3519 ltnque
365 3440 558 3522 transpositis
573 3439 671 3522 potius
686 3439 789 3502 uerbis
807 3446 919 3501 ‘oestro
934 3437 1098 3502 seeundum
1114 3434 1209 3503 mere’

85 3535 159 3599 lunen
173 3537 215 3599 ito
232 3539 436 3603 eonstituends
453 3541 576 3604 eensuis
603 3536 683 3621 ‘Qui
707 3538 827 3625 nngnitn
849 3539 1029 3603 detrimento
1052 3560 1120 3603 eun
1142 3540 1210 3605 uni·

84 3637 294 3703 maduertisset
303 3637 478 3725 Pompeium
494 3654 583 3707 extro
599 3643 780 3707 munitiones
795 3662 981 3725 eggressum,
999 3652 1034 3705 ut
1048 3642 1143 3707 libere
1155 3664 1210 3727 μ·

82 3737 179 3802 bulari
202 3754 304 3824 posset
325 3765 382 3807 nee
404 3745 502 3809 minus
523 3747 633 3809 aditum
656 3746 782 3809 nauibus
799 3744 935 3823 baberet,
961 3754 1143 3808 commutata
1157 3766 1210 3809 rs·

84 3840 165 3903 tione
187 3840 274 3922 belli,
302 3847 438 3928 quoniam
462 3848 644 3932 propositum
668 3868 729 3913 nnn
752 3860 903 3927 tenuerat,
926 3856 1027 3913 oestro
1042 3847 1208 3912 secundun

82 3962 165 4005 more
179 3946 266 4011 iuxtn
281 3945 453 4033 Pompeium
469 3952 585 4015 munire
600 3952 709 4015 iussit'.

167 4042 205 4111 C.
223 4047 277 4128 lili,
293 4052 315 4114 2
329 4063 398 4115 unte
410 4049 654 4137 Oudendorpium
670 4056 713 4118 sio
728 4054 887 4119 edebatur:
906 4051 1133 4136 ‘Superioribus
1143 4050 1210 4117 die-

81 4147 137 4211 bus
151 4172 232 4216 nonu
242 4149 385 4217 Cnesnris
395 4153 487 4239 legio,
504 4177 571 4218 eum
587 4176 620 4218 se
636 4154 993 4240 obiecissetl'ompeienis
1009 4156 1104 4238 sopiit
1114 4164 1208 4238 utque

81 4273 184 4335 opere,
201 4264 234 4317 ut
247 4255 532 4334 demonstrauimus,
549 4258 804 4337 oiroummnniret,
827 4269 928 4322 eastra
943 4280 980 4321 eo
996 4259 1064 4322 loon
1080 4258 1205 4340 posuit'p
