2692 4688
477 226 562 237 —-
609 184 802 253 tto-

81 383 115 427 se
130 363 277 448 augustiis
288 362 334 427 rei
349 362 564 426 frumentariae
578 362 736 427 adductum
747 359 901 424 diseedere
910 356 1210 440 simulaniseeueqne

82 466 172 549 longe
194 486 383 551 progressum
405 486 521 530 omnem
542 471 709 530 exereitum
731 466 762 528 in
785 464 902 528 insidiis
922 463 1100 527 collocasse.
1131 457 1209 525 lude

84 587 159 650 quae
174 568 338 652 excipiunt,
355 568 399 633 ita
415 569 553 632 eduntur:
573 566 686 653 ‘Scipio
702 568 739 631 ad
754 567 936 651 sequendum
951 574 1075 650 paratus
1089 563 1210 646 equita·

82 678 144 732 tum
161 691 356 756 magnamque
378 684 494 756 partem
509 673 585 737 leuis
601 682 770 737 armaturae
784 672 822 735 ad
837 669 1054 755 explorandum
1069 665 1130 731 iter
1144 663 1211 731 llo-

83 772 158 835 mitii
180 783 210 836 et
233 776 471 859 cognoscendum
494 774 658 860 praemisit.
691 770 750 855 Qui
772 794 839 837 enm
860 781 965 836 essent
977 769 1131 855 progressi
1147 768 1212 855 pri·

83 894 206 958 maeque
228 886 343 940 turmae
364 876 489 941 insidias
510 876 727 952 intrauissent,
755 896 797 940 ex
816 874 935 939 fremitu
957 893 1101 956 equorum
1123 871 1212 936 illata

83 978 254 1061 suspicione
269 979 306 1043 ad
322 999 392 1043 euos
409 1000 443 1042 se
459 981 595 1064 recipere
610 989 786 1064 coeperunt,
802 978 912 1061 quique
927 977 982 1040 hoa
991 975 1209 1060 sequebantur,

84 1079 214 1145 eelerem
230 1101 334 1145 eorum
349 1093 501 1166 receptum
514 1082 678 1165 conspicati
690 1081 880 1145 restiterunt.
905 1078 1013 1143 Nostri
1022 1078 1155 1164 cognitis
1162 1080 1212 1145 in-

84 1181 181 1261 sidiis,
200 1204 237 1246 ne
253 1185 363 1249 lrnstra
377 1185 508 1269 reliquos
524 1194 739 1267 expectarent,
762 1184 836 1247 duas
851 1183 932 1246 niati
949 1183 1078 1246 hostium
1094 1192 1211 1247 turmae

85 1287 293 1369 exceperunt'.
319 1286 432 1353 Verum
448 1289 540 1353 uerba
554 1289 608 1353 illa
630 1288 715 1351 ‘leuis
730 1287 917 1351 armaturae'
940 1286 973 1348 in
994 1284 1076 1349 nullo
1090 1284 1210 1363 entiae,

87 1384 123 1449 de
138 1408 197 1469 quo
213 1389 330 1470 quidem
345 1400 475 1467 constet,
500 1389 658 1471 leguntur:
683 1390 714 1452 in
734 1388 921 1454 Louauiensi
943 1410 997 1473 pro
1019 1388 1059 1453 iis
1077 1388 1211 1474 positu

87 1497 132 1550 est
150 1490 340 1553 ‘exereitus'.
358 1491 468 1575 Neque
484 1492 579 1569 iniis,
597 1502 859 1574 qnaeseqnuntnr,
878 1491 955 1557 aliae
969 1492 1075 1575 copiae
1090 1502 1214 1575 praeta·

87 1589 201 1670 equites
217 1605 499 1657 commemorantur.
532 1589 636 1676 ltaque
660 1592 812 1676 ‘equitnm
828 1614 965 1678 magnam
981 1594 1111 1677 partem’
1135 1593 1214 1659 seti-

87 1701 168 1775 ptnn
185 1694 258 1773 luit,
276 1706 308 1759 et
322 1707 485 1782 peruagata
501 1717 606 1760 errore
622 1698 731 1760 laetum
748 1705 806 1775 est,
831 1707 863 1760 ut
880 1718 919 1761 ex
937 1697 1093 1781 ‘equitum’
1107 1698 1211 1763 eldea·

86 1804 173 1859 retur
189 1797 386 1880 ‘equitatum'.
411 1796 529 1863 Deinde
544 1799 581 1862 ad
597 1798 832 1881 coniungendam
841 1799 1008 1864 orationem
1017 1800 1214 1883 sequentium

87 1897 188 1962 uerbis
210 1900 314 1984 copula
338 1901 454 1965 adiecta
478 1912 541 1967 eet..
567 1898 655 1983 Quod
679 1912 776 1964 antem
800 1902 878 1965 iulra
899 1901 998 1966 editur
1019 1903 1109 1968 ‘duaa
1129 1904 1212 1969 neoti

88 2000 217 2065 lrostium
239 2002 376 2080 turmas’‚
400 2003 473 2067 illud
498 2003 665 2067 ‘hostium'
688 2004 718 2067 in
736 2004 872 2068 omuibus
894 2005 980 2069 eodtl.
1005 2004 1212 2089 superioribus

88 2103 191 2167 uerbis
208 2106 356 2190 ‘cognitis
377 2106 510 2170 insidiis'
534 2108 742 2192 interpositum
763 2118 821 2170 est.
860 2104 951 2170 Falso
972 2107 1065 2190 igitur
1086 2108 1128 2172 ibi
1148 2128 1214 2173 na·

88 2204 184 2288 sister
206 2208 431 2286 deelaranerat,
457 2210 541 2273 euius
556 2209 685 2273 insidiae
700 2210 839 2294 cognitae
853 2208 1044 2289 dicerentur,
1068 2222 1214 2297 reeteque

88 2306 286 2375 Vasensauns
301 2311 397 2375 etalii
415 2312 516 2375 hostes
533 2311 696 2376 eiecerant.

174 2408 233 2474 Cn.
251 2413 413 2497 Pompeius
435 2414 526 2493 lilius,
544 2436 610 2478 enm
627 2412 663 2476 ad
679 2409 803 2479 Oricum
819 2434 885 2476 eum
902 2414 1000 2480 elusae
1017 2417 1166 2497 uenisset,
1182 2428 1215 2483 et

89 2533 196 2577 nauem
212 2515 242 2577 in
257 2516 382 2580 introitu
397 2529 500 2602 portus
516 2518 642 2602 positam
658 2516 842 2601 expugnauit
858 2526 887 2579 et
903 2518 1007 2583 eodem
1024 2530 1158 2603 tempore
1172 2540 1215 2585 ex

88 2615 184 2679 altera
207 2629 293 2700 parte
315 2621 442 2684 nauibus
465 2621 543 2684 mole
564 2621 689 2704 quadam
711 2618 845 2684 traiectis
866 2619 897 2684 in
922 2628 1037 2701 portum
1061 2623 1212 2706 peruenit.

88 2714 192 2782 Verba
207 2742 236 2783 e,
253 2717 307 2795 ll),
323 2719 357 2798 d,
374 2722 480 2805 quibus
497 2721 646 2808 posterior
660 2740 710 2785 res
726 2721 907 2798 declaretur,
934 2722 965 2785 in
981 2723 1078 2788 tribue
1093 2724 1215 2808 optimis

89 2822 270 2907 totidemque
286 2824 483 2889 deterioribus
499 2823 636 2888 eodd.ita
652 2825 764 2908 scripta
780 2832 871 2887 sante
890 2825 1065 2909 ‘eodemque
1079 2836 1215 2911 tempure

88 2944 131 2987 ex
145 2924 242 2989 altera
256 2937 339 3012 parte
354 2928 461 2991 molem
478 2927 575 2992 tenuit
589 2927 755 2990 naturalem
771 2926 937 3005 odientem,
965 2948 1043 3010 qnae
1058 2948 1153 3012 paene
1168 2928 1215 2993 ia·

87 3026 184 3090 sulam
205 3031 344 3114 oppidum
366 3029 525 3108 effeoerat,
549 3026 595 3093 lV
610 3029 739 3092 biremes
761 3028 903 3092 subiectis
924 3029 1050 3093 aentulis
1071 3028 1216 3115 impulsae

88 3131 227 3195 ueetilus
248 3133 280 3196 in
304 3133 477 3198 interiorem
500 3143 613 3215 partem
637 3131 799 3195 traduxit’.
832 3126 929 3194 Situm
951 3131 1057 3195 horum
1079 3132 1216 3197 toeurun

88 3240 171 3293 reete
185 3231 351 3298 deelarauit
364 3232 558 3300 Ciaeeoniuu.
589 3232 642 3297 Ex
656 3229 801 3298 Caesaris¹
822 3233 900 3296 eni·
918 3233 1021 3297 uerbis
1036 3234 1218 3319 perspieitlr

89 3331 276 3415 peninsulam
297 3356 315 3398 a
337 3337 511 3403 continente
533 3339 773 3422 proeuourrisse‚
796 3336 838 3398 ita
854 3345 889 3398 ut
903 3345 991 3419 eaput
1006 3334 1083 3414 eius,
1109 3336 1140 3399 in
1155 3356 1216 3420 quo

89 3435 225 3518 oppidum
234 3434 358 3501 Oricum
373 3441 501 3523 positum
517 3452 593 3518 erat,
610 3438 775 3503 eontinenti
791 3455 896 3500 rursus
903 3438 1169 3521 appropinquaret,
1186 3446 1221 3503 et

89 3534 209 3600 obieeta
223 3540 397 3622 peninsulae
413 3553 516 3628 portus
532 3551 661 3627 angusto
677 3540 803 3603 introitu
819 3539 1001 3603 efficeretur.
1027 3536 1130 3604 Prima
1145 3560 1218 3624 part

89 3638 277 3722 paeninsulae,
295 3665 353 3729 qua
366 3645 532 3710 continenti
539 3643 732 3718 cohaerebat,
750 3641 844 3705 moles
859 3638 1021 3705 aCaesare
1035 3644 1216 3726 appellatur.

88 3737 314 3810 confirmantur
329 3747 403 3811 haee
417 3744 506 3812 Plinii
523 3747 595 3812 list.
610 3756 672 3809 nat.
686 3742 729 3822 ll,
746 3741 801 3827 89,
817 3740 882 3808 204
899 3742 1083 3828 ‘Epidaurus
1098 3756 1130 3810 et
1144 3742 1221 3810 Ori·

88 3862 155 3907 enm
184 3846 300 3914 insulae
328 3870 396 3914 esse
418 3850 601 3928 desierunt',
631 3867 707 3931 quae
728 3846 824 3910 uerba
850 3842 1034 3910 Ciaeeonins
1060 3848 1216 3932 useripuit.

88 3940 121 4008 ls
143 3966 237 4028 nero,
270 3972 337 4014 eum
366 3952 467 4037 inepte
488 3953 646 4029 ederetur,
679 3961 713 4012 nt
733 3948 894 4012 etiamnum
915 3948 967 4024 fit,
1003 3955 1092 4030 ‘qnae
1120 3968 1220 4033 patae

88 4045 216 4113 insulam
239 4064 347 4118 eontra
368 4054 505 4140 oppidum
529 4053 691 4130 effecerat',
716 4051 891 4115 oonieetura
911 4050 941 4113 id
963 4049 1062 4133 ipsum
1084 4050 1217 4129 inuenit,

88 4150 165 4232 quod
181 4173 221 4216 ex
236 4156 354 4240 optimis
369 4159 455 4223 eodd.
472 4156 676 4243 supraposui,
700 4154 760 4218 nisi
775 4154 852 4236 quod
868 4163 950 4215 reete
964 4162 1123 4235 praeterea
1139 4154 1220 4218 ‘eill-

89 4249 196 4318 uieltat'
218 4255 374 4344 legendum
398 4258 836 4349 dixiterlusqnamperleotum
859 4255 937 4317 euim
960 4255 1091 4339 positum
1106 4266 1155 4319 est
1178 4255 1217 4321 alt
