2692 4688
55 218 120 286 att
449 213 508 281 nte
529 212 674 282 BELLO
697 210 889 282 eunucu

113 412 154 455 ex
171 387 279 454 castris
294 387 482 466 uiderentur,
500 396 585 452 tanta
599 397 762 471 tempestas
778 387 876 451 subito
891 396 996 450 coortu
1011 395 1079 463 est,
1103 386 1236 451 utnulla

114 513 217 558 carum
234 512 350 554 cursum
368 502 472 555 tencre
487 500 601 574 posset,
626 490 680 553 sed
695 490 773 553 aliae
788 491 914 568 eodem,
930 489 1009 553 unlc
1025 498 1112 553 erent
1136 489 1236 573 prole

114 605 194 671 otae,
211 594 410 669 referrentur,
428 592 548 657 aliacad
563 592 735 657 inferiorem
745 605 860 678 partem
875 591 1004 670 insulae,
1021 600 1154 674 quaeest
1168 611 1238 674 pro·

79 695 180 781 3pius
195 695 269 759 solis
285 714 436 773 occasum,
453 715 562 778 magno
579 695 625 756 soi
642 715 707 757 oum
724 696 856 778 periculo
872 694 1080 772 deicerentur3
1100 714 1176 777 quae
1192 703 1239 758 ta·

113 819 184 862 men
199 798 319 862 ancoris
333 798 421 861 iactis
437 819 502 861 curn
518 795 654 861 lluctibus
670 796 902 881 complerentur,
919 797 1091 861 necessario
1107 797 1235 863 aduersa
1258 810 1273 860 5

58 901 103 972 29
119 911 207 964 nocte
222 900 254 964 in
270 901 361 964 altum
376 910 537 984 prouectae
549 899 754 963 continentem
770 901 932 983 petierunt.
957 897 1069 963 Eadem
1082 909 1172 963 nocte
1187 920 1238 964 ao-

115 1002 206 1080 citlit,
230 1013 264 1066 ut
278 1014 359 1066 esset
373 1002 444 1065 luna
460 1003 566 1086 plena,
593 1004 643 1086 qui
665 1004 729 1067 dies
744 1002 908 1066 maritimos
924 1010 1025 1065 aestus
1041 1001 1190 1066 maximos
1205 1001 1239 1065 in

77 1104 100 1170 2
116 1101 241 1169 Oceano
256 1106 374 1169 efficere
390 1109 560 1184 consueuit,
578 1105 749 1187 nostrisque
764 1105 793 1168 itl
809 1115 877 1169 erat
890 1104 1087 1187 incognitum.
1114 1101 1160 1168 lta
1176 1126 1240 1169 nno

115 1217 250 1291 tempore
266 1217 296 1270 et
311 1207 417 1290 longas
433 1228 537 1284 naues,
555 1207 661 1291 quibos
671 1203 960 1271 Caesarexercitum
976 1207 1241 1290 transportandum

117 1319 279 1373 curauerat
293 1329 427 1393 quosque
439 1309 470 1372 in
487 1309 602 1372 aridum
617 1309 824 1386 subduxerat,
848 1319 950 1373 aestus
964 1309 1186 1394 compleuerat,
1208 1320 1242 1375 et
1264 1321 1299 1376 te

117 1412 284 1488 onerarias,
303 1433 380 1494 quae
396 1413 433 1475 ad
449 1432 576 1476 ancoras
593 1422 679 1476 erant
694 1411 859 1494 deligatae,
876 1421 1039 1494 tempestas
1053 1395 1237 1490 adflictabat,

115 1533 212 1596 neque
227 1512 284 1576 ulla
302 1513 414 1576 nostris
437 1512 563 1575 facultas
585 1524 637 1577 aut
659 1513 883 1577 administrandi
900 1524 952 1577 aut
967 1514 1133 1578 auxiliandi
1149 1512 1240 1579 daba-

81 1612 102 1677 3
118 1624 178 1677 tur.
200 1609 410 1698 Compluribus
427 1614 552 1677 nauibus
568 1615 672 1678 fractis
687 1616 819 1698 reliquae
835 1636 901 1679 oum
918 1627 1021 1679 essent
1035 1616 1169 1692 funibus,
1185 1636 1241 1681 an·

118 1717 198 1780 coris
214 1716 395 1799 reliquisque
411 1716 605 1779 armamentis
620 1715 740 1780 amissis
756 1718 792 1780 atl
809 1719 1009 1802 nauigandum
1023 1718 1161 1797 inutiles,
1177 1738 1241 1782 ma·

118 1840 194 1902 goa,
218 1820 248 1882 id
272 1819 349 1902 quod
364 1839 489 1882 necesse
504 1829 572 1883 erat
585 1819 741 1898 accidere,
765 1821 857 1883 totius
881 1819 1034 1884 exercitus
1058 1820 1241 1904 perturbatio
1266 1831 1299 1885 ta

81 1920 103 1984 4
118 1924 197 1985 facta
212 1935 269 1985 est.
295 1919 490 2003 Nequccnim
506 1941 599 1986 naues
609 1932 697 1985 erant
711 1921 799 2000 aliae,
817 1921 923 2004 quibus
938 1923 1087 2008 reportari
1103 1933 1240 2008 possent,

118 2033 150 2087 et
164 2024 264 2086 omnio
279 2024 425 2101 deerant,
443 2043 520 2105 quae
534 2024 572 2087 ad
587 2024 764 2088 reficiendas
781 2045 874 2088 naues
890 2035 977 2089 erant
992 2026 1078 2105 usui,
1096 2037 1146 2104 et,
1162 2025 1242 2109 quotl

118 2126 255 2191 omnibus
271 2124 427 2189 constabat
449 2126 574 2189 biemari
589 2127 620 2189 in
636 2124 733 2190 Gallia
749 2138 907 2210 oportere,
936 2128 1115 2192 frumentum
1139 2127 1186 2191 bis
1207 2127 1243 2191 in

61 2228 108 2301 30
122 2229 197 2293 locis
212 2230 242 2292 in
260 2227 386 2292 hiemem
401 2229 553 2312 prouisum
569 2251 629 2293 non
646 2239 723 2293 erat.
771 2227 887 2310 Quibus
909 2229 999 2294 rebus
1015 2230 1141 2313 cognitis
1155 2228 1239 2312 prin·

117 2331 199 2417 cipes
214 2329 404 2410 Britanniae,
422 2331 471 2414 qui
488 2341 555 2415 post
570 2331 712 2415 proelium
727 2332 764 2394 ad
780 2327 943 2395 Caesarem
960 2339 1174 2409 conuenerant,
1190 2329 1239 2394 in·
1261 2340 1302 2395 2⁰

117 2443 165 2496 ter
180 2454 213 2496 sc
229 2435 400 2511 conlocuti,
417 2454 481 2495 curn
498 2433 613 2515 equites
629 2442 660 2496 et
675 2454 768 2497 naues
784 2445 814 2498 et
830 2436 1009 2499 trumentum
1023 2433 1173 2499 Romanis
1187 2432 1240 2497 tle·

118 2554 186 2597 esse
201 2534 414 2617 intellegerent
435 2544 466 2597 et
488 2535 668 2617 paucitatem
693 2535 818 2599 militum
834 2557 875 2600 ex
890 2548 1057 2602 castrorum
1071 2536 1241 2621 exiguitate

120 2646 349 2718 cognoscerent,
368 2656 443 2718 quae
459 2636 515 2700 boc
530 2648 617 2701 erant
632 2638 721 2701 etiam
737 2640 923 2723 angustiora,
941 2640 1019 2722 quod
1035 2638 1102 2703 sinc
1116 2638 1240 2723 impodi-

82 2736 228 2802 2mentis
244 2734 361 2802 Caesar
374 2739 509 2824 legiones
524 2750 802 2825 transportouerat,
826 2743 968 2825 optimum
990 2737 1072 2806 laetu
1095 2761 1166 2807 csse
1186 2740 1240 2805 tlu-

118 2852 231 2905 xerunt
246 2842 409 2906 rebellione
434 2843 512 2905 lacta
535 2845 683 2907 frumento
704 2854 927 2927 commeatuque
942 2854 1064 2908 nostros
1080 2842 1242 2928 probibere
1262 2852 1299 2909 2⁵

119 2954 150 3009 et
163 2965 226 3007 rem
241 2944 273 3008 in
290 2943 415 3009 hiemem
432 2947 613 3029 producere,
639 2946 717 3028 quod
739 2947 784 3010 bis
800 2948 949 3031 superatis
964 2957 1018 3009 aut
1031 2946 1130 3011 retlitu
1145 2946 1241 3010 inter-

119 3048 211 3111 clusis
226 3047 374 3112 nemiuem
399 3058 504 3131 postea
522 3048 592 3113 belli
608 3048 755 3112 inserendi
771 3070 863 3112 causa
877 3050 909 3113 iu
925 3047 1113 3114 Britanniam
1128 3047 1241 3113 transi-

119 3159 218 3213 turum
235 3149 434 3214 confidebant.
480 3147 584 3235 ltaque
606 3172 711 3216 rursus
726 3152 932 3216 coniuratione
947 3154 1026 3216 lacta
1041 3151 1183 3236 paulatim
1197 3168 1241 3214 ex

263 3283 275 3334 l
291 3283 377 3333 subito
392 3290 530 3349 tempestas
544 3283 569 3333 b.
699 3284 827 3348 quoborta
840 3283 935 3334 deletio
949 3299 983 3349 qn
995 3288 1048 3334 otc
1059 3296 1184 3349 cupreae.
1198 3281 1239 3345 B,

119 3368 176 3412 orta
190 3363 215 3411 b.
322 3362 500 3412 brelereotur
513 3362 545 3413 B.
652 3365 751 3429 propio,
764 3378 887 3429 suprasc.
902 3378 990 3430 prope,
1004 3363 1038 3414 Α.
1151 3363 1241 3414 leuat

119 3442 234 3508 periculo
248 3441 288 3491 sui
294 3440 323 3506 s.
430 3440 1021 3506 queicerooturADEs)deieceranturBO.
1133 3441 1240 3490 banco-

118 3519 156 3569 ria
168 3521 194 3569 A
199 3520 223 3569 B
230 3557 238 3582 ,
253 3517 375 3568 anchoris
389 3532 416 3566 u.
539 3519 553 3568 6
567 3517 750 3583 petiueronts.
884 3517 916 3569 lb
929 3517 1105 3585 compleuerat
1116 3517 1168 3567 Ao
1179 3518 1243 3582 (qut

118 3596 266 3646 coeundum
281 3595 348 3646 uuo.
360 3610 405 3660 pr.
419 3611 455 3645 m.
469 3593 536 3657 om.)
550 3595 679 3657 nonu,
695 3595 842 3663 complebat
855 3596 975 3663 bedas.
1082 3595 1109 3648 ll
1127 3610 1241 3648 ancoras

118 3672 184 3723 Ab.
288 3672 606 3738 adflictabatAllClls.
711 3672 953 3740 ltnequaullall.
1069 3672 1243 3741 lbcompla-

119 3750 350 3816 ribosABCcs.
460 3750 644 3815 comninos.
750 3753 931 3804 ancorisAB.
1032 3752 1064 3804 ll
1078 3753 1242 3820 reliqulaqoo

119 3841 173 3877 cm.
188 3829 212 3878 b.
318 3831 349 3881 to
363 3830 389 3880 itl
402 3846 454 3880 om.
468 3829 496 3894 s.
606 3826 637 3879 ll
652 3842 732 3878 nouos
745 3837 821 3880 erunt
833 3829 904 3896 usui]
917 3844 961 3881 cas
974 3829 1032 3879 usui
1045 3838 1107 3881 sunt
1120 3831 1240 3899 bedas.

228 3908 259 3959 ts
273 3907 380 3958 hiemari
393 3909 516 3972 abeas,
531 3907 646 3957 hiemare
660 3906 770 3972 reliqui.
893 3909 924 3961 lb
938 3909 963 3958 in
978 3907 1062 3958 bieme
1076 3908 1131 3959 Cb.

118 3984 152 4041 2⁰
165 3991 224 4051 post
235 3986 361 4051 proellum
377 3986 472 4035 luctum
486 3986 518 4035 od
532 4000 578 4049 ca,
592 4000 659 4051 quae
674 3985 789 4037 iusserat
802 3984 913 4051 Caesar,
929 3986 1049 4037 lacteola
1063 3993 1245 4039 conuenerant

120 4063 237 4129 bedas.
341 4064 371 4117 21
389 4063 652 4130 conlocutiABCs.
764 4066 1009 4132 comotoqultess.
1126 4065 1244 4134 23qnae

117 4138 179 4207 boo]
192 4139 252 4206 quia
265 4139 366 4206 liaeus.
498 4139 716 4207 inpedimentias.
853 4142 886 4192 ll
902 4142 998 4193 lactum
1011 4143 1036 4193 B
1043 4142 1132 4195 ΟΜ.

118 4218 152 4273 20
165 4217 206 4270 bia
217 4217 280 4282 ΒΛ·
293 4215 343 4268 biis
355 4217 381 4267 1)
388 4253 398 4279 ,
411 4215 444 4267 iia
458 4216 494 4281 (A
501 4216 534 4278 B)
544 4218 574 4267 t‘.
698 4218 731 4271 27
744 4217 885 4269 britaniam
898 4221 930 4269 Β.
1037 4222 1071 4276 28
1084 4222 1247 4275 confitebant

117 4310 155 4347 aa.
166 4310 210 4365 pr.
224 4295 258 4347 B.
364 4306 465 4344 rursum
481 4293 513 4344 C·
1119 4326 1122 4333 ,
