2684 4694
493 214 817 282 —sst-

86 387 177 452 stlnis
193 385 355 461 resideret,
365 387 414 470 qui
429 388 588 472 repentino
602 387 763 453 latrocinio
775 397 864 474 utque
876 391 989 477 impetn
1003 416 1109 463 eorum
1124 413 1213 466 erunt

86 488 249 574 oppressi'.
278 486 314 552 ln
328 488 453 572 reliquis
467 490 611 573 seriptum
626 502 675 556 est
690 492 815 576 ‘impetu
829 493 947 559 inoolse
961 496 1087 563 illoron'
1104 501 1214 569 leniter

86 592 120 657 in
135 591 311 674 quibusdum
333 592 431 656 medio
453 593 599 657 uocabulo
620 605 774 678 eomnpto.
812 593 910 661 lleote
937 598 995 662 ism
1018 599 1212 672 Vssoossuns

85 695 193 760 eiectis
207 694 316 758 ineolis
330 695 423 759 edidit
439 695 561 779 ‘impetn
577 697 718 761 illorum‘.

175 793 461 861 altilianum
485 799 571 862 eodd.
594 799 749 882 utriusque
770 800 902 865 familiue
923 801 967 866 sie
988 806 1131 890 seriptum
1147 821 1211 874 ests

88 895 175 963 ‘Nou
189 899 358 964 intermittit
373 901 492 965 interim
507 900 656 965 ootidiena
671 900 783 985 proelis
798 902 829 965 in
845 916 1007 989 eonspeetn
1021 918 1215 994 umerumque

85 1011 274 1081 nestrorum,
298 1005 375 1087 quie
395 1003 433 1068 sd
445 1004 526 1068 uude
539 1003 746 1087 transitusque
761 1004 871 1071 debent
891 995 1028 1092 putoris.
1062 1006 1096 1074 Id
1117 1012 1213 1096 ipsum

87 1105 209 1189 probari
229 1107 351 1189 nequit:
374 1128 443 1171 num
465 1105 542 1189 qnod
564 1103 794 1191 Oudendorpius
817 1103 980 1173 Caesarem
1011 1112 1125 1193 proelia
1154 1135 1215 1180 non

86 1206 286 1272 intermisisse
301 1207 434 1292 intellegi
449 1228 538 1291 posse
553 1208 710 1293 opinetur,
728 1228 826 1291 neque
841 1211 917 1275 udeo
931 1213 1127 1297 neglegenter
1140 1217 1215 1281 seri·

87 1307 286 1394 psitllirtins,
302 1320 333 1374 et
347 1310 473 1374 interius
489 1310 935 1377 ‘fiebunt'demonstrutoertsm
951 1334 1109 1399 personum
1125 1317 1162 1382 uls
1177 1338 1214 1384 eo

89 1432 150 1475 non
165 1432 233 1477 esse
247 1413 455 1497 significatum.
483 1410 657 1476 Ponendum
673 1423 751 1490 erut,
768 1415 845 1496 qnod
860 1416 892 1478 in
907 1413 1009 1480 llsuu.
1026 1439 1072 1503 pr.
1088 1420 1212 1504 legitur,

89 1513 325 1579 ‘intermittam’-
352 1513 383 1578 tt
400 1514 502 1580 eodem
519 1515 607 1579 modo
621 1516 700 1580 dixit
714 1510 830 1581 Caesar
844 1516 874 1579 b.
892 1514 973 1581 Gull.
990 1515 1016 1596 l,
1034 1518 1088 1599 38,
1106 1520 1126 1584 5
1143 1529 1215 1606 ‘qua

88 1614 384 1680 flumenintermittit'
397 1614 511 1680 etSen.
529 1618 617 1703 epist.
635 1614 828 1700 111,8(ttt),
845 1616 866 1681 7
893 1618 986 1683 ‘uitia
1001 1621 1083 1699 eius,
1108 1623 1212 1688 etism·

88 1718 191 1784 sinon
207 1719 359 1797 excidero,
376 1718 537 1797 inhibebo,
562 1719 589 1783 si
605 1740 665 1783 non
681 1720 829 1797 desinent,
846 1719 1066 1785 intermittents
1084 1725 1214 1791 iurtssss

87 1832 187 1885 sutem
204 1834 235 1885 et
250 1822 404 1899 desinent,
428 1821 456 1886 si
477 1820 693 1886 intermittendi
709 1821 955 1886 consuetudinem
977 1824 1127 1888 leserint'.
1165 1823 1215 1891 ltu

87 1925 169 1988 enim
186 1924 280 1987 uerba
296 1933 369 1986 ‘non
393 1923 548 2000 desinent,
573 1924 599 1986 si
619 1922 827 1988 intermittent'
852 1924 1032 2010 corrigendo
1051 1927 1212 1992 uideotnrs

87 2026 223 2111 ineptule
245 2025 324 2088 enim
346 2020 464 2088 Seneou
482 2025 513 2087 id
535 2035 684 2108 umquem
709 2035 823 2089 eertum
844 2039 989 2110 poneret,
1013 2026 1090 2112 qnod
1111 2030 1214 2095 statim

87 2128 201 2193 mutari
218 2147 309 2211 posse
324 2125 487 2210 subiungit.

176 2226 216 2294 C.
236 2228 287 2308 14,
305 2228 449 2292 diuisum
466 2248 525 2290 non
542 2233 627 2305 erst,
652 2229 729 2311 quod
744 2226 973 2314 Oudendorpins
993 2230 1024 2294 in
1043 2233 1137 2316 prima
1151 2234 1214 2299 edi·

88 2335 173 2399 tione
189 2342 328 2418 posuerat
342 2356 350 2393 ι
370 2327 430 2393 ‘ltu
444 2351 511 2394 oum
528 2330 664 2415 paludem
678 2331 882 2416 impeditsms
902 2333 1012 2397 sostris
1027 2345 1126 2398 eustru
1140 2336 1215 2401 diui·

90 2436 164 2500 dere
192 2442 282 2518 (qnae
305 2432 481 2497 transeundi
503 2432 662 2497 difficultas
684 2434 868 2500 celeritatem
896 2434 1073 2521 insequendi
1095 2439 1215 2503 tardere

88 2542 207 2624 posset)
222 2548 311 2622 atque
324 2537 355 2600 id
370 2539 492 2621 iugum,
515 2537 592 2619 qnod
608 2545 691 2599 truns
706 2536 842 2620 potorem
857 2557 953 2621 prens
966 2541 1004 2603 ed
1019 2539 1148 2605 hostium
1164 2561 1216 2605 es·

89 2651 154 2705 stra
168 2641 350 2724 pertineret,
368 2639 512 2704 mediocri
527 2638 635 2703 uelles
652 2639 761 2703 esstris
776 2658 881 2703 eornm
896 2639 1070 2706 intercisum
1084 2642 1214 2706 animum

90 2741 275 2815 aduertere,
293 2741 431 2826 pontibus
446 2742 551 2826 pslude
566 2751 720 2805 constratu
735 2739 872 2826 legiones
886 2743 1038 2806 trudurs't‘.
1069 2742 1106 2807 ln
1119 2745 1215 2808 omni-

89 2843 145 2909 bus
165 2854 273 2908 tumen·
288 2844 373 2908 eodd.
398 2844 540 2928 seriptum
562 2853 610 2908 est
632 2843 750 2927 ‘palude
771 2842 934 2928 impeditu’,
950 2854 983 2908 et
998 2845 1166 2911 ‘diuideret'
1182 2845 1215 2908 in

89 2946 184 3012 Voss.
201 2967 247 3030 pr.
265 2944 354 3032 Egm.
372 2943 462 3010 Leid.
479 2967 524 3029 pr.
543 2942 627 3010 stat.
645 2941 751 3011 Cuiuu.
768 2944 928 3027 antrisque
943 2944 1154 3010 deterioribus.
1177 2943 1215 3010 ln

90 3047 190 3134 llong.
210 3070 256 3136 pr.
274 3049 348 3112 bueo
362 3048 406 3111 its
420 3049 574 3131 leguntur:
593 3046 649 3109 ‘itu
670 3045 777 3127 palude
792 3045 935 3130 impedite
955 3047 1096 3110 neustrie
1115 3058 1216 3114 esstm

90 3152 159 3217 dnm
176 3151 312 3229 nideret'3
329 3151 360 3214 in
377 3147 449 3213 Par.
466 3170 512 3233 pr.
533 3147 587 3211 ‘its
602 3167 668 3210 enm
684 3146 789 3228 palude
803 3146 945 3229 impedite
960 3168 978 3210 s
993 3149 1100 3213 nstris
1115 3160 1217 3214 eastre

90 3254 159 3319 dnm
175 3252 345 3331 diuideret’3
370 3254 400 3315 in
424 3249 526 3315 Haun.
544 3271 591 3335 pr.
609 3249 666 3312 ‘itu
682 3245 788 3332 palude
809 3249 948 3333 impedita
969 3259 1068 3313 usstru
1090 3252 1215 3317 eastris·

90 3376 149 3441 que
165 3356 350 3420 dimitterent
364 3355 431 3417 dnm
448 3353 614 3430 diuideret3
632 3371 674 3415 ex
687 3347 760 3414 Par.
778 3370 840 3414 see.
857 3350 1133 3417 Aeheintriusliuee
1146 3375 1216 3438 pro-

90 3460 178 3523 tulit:
199 3459 327 3522 ‘itsonm
344 3459 452 3543 palude
465 3454 605 3540 impedita
620 3463 720 3518 oestro
736 3452 845 3517 eastris
861 3452 1047 3518 dimitterent
1054 3454 1123 3521 dnm
1139 3456 1215 3520 dini·

90 3562 232 3640 deretnr',
251 3561 399 3645 passinum
416 3558 623 3623 ‘diuideretur’
639 3576 681 3620 ex
703 3556 760 3620 hoe
781 3575 877 3637 seque
898 3556 992 3630 laiso,
1016 3567 1050 3620 ut
1069 3556 1213 3638 arbitror,

89 3675 179 3749 atque
202 3663 279 3751 qnod
300 3663 377 3725 idem
400 3661 429 3724 in
445 3659 518 3724 Per.
535 3681 580 3745 pr.
598 3659 659 3743 legi
681 3658 770 3722 dixit.
807 3655 865 3721 llis
887 3656 1094 3742 discrepandis
1117 3669 1216 3723 motus

90 3764 322 3850 Oudendorpius
336 3763 368 3826 in
384 3762 478 3826 alteru
493 3761 625 3826 editione
641 3772 701 3825 tres
717 3759 885 3823 deteriores
901 3761 987 3824 oodd.
1004 3771 1125 3826 seeum
1141 3761 1215 3826 huso

89 3869 207 3952 posuit:
226 3870 281 3932 ‘itu
297 3887 361 3930 eum
379 3865 484 3949 palude
499 3864 639 3949 impedito
652 3884 671 3927 u
686 3861 796 3926 sustris
812 3871 910 3926 eastre
925 3862 1150 3941 diuiderentur’,
1164 3884 1216 3927 es·

89 3971 216 4054 demque
233 3967 402 4046 Whittins,
429 3967 487 4030 nisi
502 3966 578 4049 quod
595 3964 685 4027 ‘oum‘
700 3963 875 4047 perticulam
898 3974 967 4048 post
981 3965 1103 4028 ‘susus'
1118 3976 1215 4030 retru-

87 4072 147 4136 xit.
190 4070 273 4135 llaee
294 4072 331 4134 nd
354 4071 440 4133 oodd.
458 4089 516 4132 non
533 4066 652 4152 propius
675 4065 820 4130 secedunt
839 4088 926 4149 qnam
947 4086 1003 4144 ea,
1026 4087 1106 4149 quse
1128 4069 1214 4132 initio

87 4175 187 4259 posui,
205 4186 234 4238 et
251 4174 306 4237 hoc
322 4171 441 4236 nomine
459 4171 568 4234 uitiosa
582 4177 663 4244 sunt,
682 4168 758 4251 qnod
774 4169 869 4253 primo
884 4169 1048 4231 enuntiatio
1064 4189 1105 4232 ex
1119 4168 1214 4234 Hirtii

88 4277 240 4342 sententis
254 4276 393 4363 ponitur,
418 4294 484 4339 eum
502 4269 709 4337 ooniunotiuus
724 4270 856 4336 adiuncti
871 4270 1017 4335 enuntiati
1033 4276 1121 4350 ‘ques
1137 4271 1213 4332 diffi-

963 4371 1006 4435 3«
