2692 4688
488 210 632 282 CAPVT
652 215 782 283 8-12.
1193 217 1259 287 723

77 387 168 452 nione
184 387 274 450 tertia
288 384 391 469 uigilia
405 387 556 470 profectus
571 385 726 451 castellum
742 405 914 470 oppugnare
928 387 1037 470 coepit.
1062 385 1139 453 Cum
1150 389 1236 474 ap·3

19 499 23 504 ’
42 527 45 532 -
77 491 346 576 propinquassent,
372 488 503 552 clamore
524 489 681 571 repentino
696 486 882 572 telorumque
896 488 1085 555 multitudine
1099 492 1197 558 iactus

77 593 178 656 lacere
195 601 377 675 coeperunt,
395 590 439 654 uti
453 611 591 675 magnam
608 602 720 675 partem
736 591 889 655 bominum
904 591 1078 656 uulneribus
1092 593 1200 659 adiice-

77 705 158 758 rent.
191 688 260 775 Quo
275 703 395 776 peracto
416 714 483 756 cum
499 714 540 757 ex
554 692 680 758 castello
695 712 864 777 repugnare
879 693 1063 778 coepissent,
1079 695 1238 761 maiori-4

42 808 59 861 ὅ
81 795 198 880 busque
220 794 328 859 castris
344 790 471 860 Caesari
493 797 616 860 nuntius
632 806 715 861 esset
729 795 854 873 allatus,
880 816 947 859 cum
968 805 1003 859 nt
1031 796 1201 881 legionibus

78 909 127 963 est
140 898 309 982 proiectus,
335 909 369 961 ut
382 897 585 963 laborantibus
600 907 795 963 succurreret
810 898 923 962 nostris
936 921 946 976 3
964 909 1076 962 etcum
1092 900 1129 963 ad
1145 921 1197 964 eos
1212 898 1233 965 ll

78 1000 362 1085 adpropinquasset,
387 1001 457 1085 fuga
477 1001 628 1085 perterriti
643 1001 729 1064 multi
751 1010 821 1064 sunt
841 1000 1008 1075 interiecti,
1033 1002 1201 1085 complures

78 1104 168 1186 capti,
186 1103 339 1185 inquibus
355 1104 412 1167 duo
429 1149 437 1166 .
457 1148 465 1165 .
483 1102 567 1167 multi
582 1113 736 1188 praeterea
752 1103 843 1193 mmis
858 1102 944 1166 exuti
957 1104 1109 1188 lugerunt,
1127 1124 1200 1187 quo·

78 1225 146 1268 rum
161 1216 248 1268 scuta
263 1215 334 1268 sunt
348 1205 444 1269 relata
459 1215 569 1269 Lxxx.
601 1202 776 1288 Insequenti
790 1206 858 1270 luce
874 1205 1040 1288 Arguetius
1056 1226 1094 1269 ex
1109 1203 1197 1270 Italia
1211 1205 1256 1275 ill

22 1316 56 1370 to
77 1328 145 1371 cnm
161 1307 293 1390 equitatu
307 1307 401 1371 uenit.
433 1305 465 1371 Is
480 1307 568 1391 signa
583 1304 819 1390 Saguntinorum
834 1308 938 1370 retulit
953 1308 1100 1389 quinque,
1125 1328 1201 1390 quae

78 1409 115 1472 ab
131 1409 286 1493 oppidanis
300 1411 391 1494 cepit.
416 1407 478 1474 Suo
495 1410 561 1474 loco
577 1409 770 1494 praeteritum
786 1421 844 1487 est,
863 1410 940 1493 quod
955 1410 1069 1491 equites
1086 1430 1126 1474 ex
1141 1407 1201 1473 lta·
1215 1409 1237 1473 2

78 1511 120 1574 lia
141 1533 207 1574 cum
229 1511 399 1596 Asprenate
420 1513 458 1576 ad
474 1507 638 1576 Caesarem
661 1512 828 1576 uenissent.
859 1509 907 1574 Ea
930 1520 1019 1575 nocte
1040 1508 1238 1595 Pompeius3

79 1624 180 1678 castra
194 1634 249 1678 sua
264 1613 395 1678 incendit
411 1624 443 1679 et
455 1615 493 1679 ad
503 1610 673 1679 Cordubam
690 1634 797 1678 uersus
812 1615 872 1678 iter
884 1615 984 1677 lacere
996 1613 1106 1697 coepit.
1130 1611 1239 1678 ttcxt

80 1717 200 1781 nomine
215 1713 308 1796 lndo,
333 1717 384 1800 qui
399 1738 465 1780 cnm
480 1718 615 1800 equitatu
631 1737 702 1782 suas
717 1717 819 1800 copias
835 1717 1019 1794 adduxerat,
1037 1716 1103 1779 dum
1120 1717 1203 1799 cupi·

24 1829 57 1881 tu
79 1818 146 1883 dius
161 1839 269 1903 agmen
284 1819 525 1883 aduersariorum
540 1819 720 1900 insequitur,
738 1839 756 1881 a
772 1818 942 1882 uernaculis
957 1817 1131 1901 legionariis
1148 1839 1202 1880 ex-

80 1930 185 2003 ceptus
206 1931 254 1982 est
275 1928 306 1981 et
326 1919 515 1982 interfectus.
546 1918 676 1984 Postero
699 1920 746 1984 die
769 1920 883 2003 equites
907 1920 1000 1983 nostri
1023 1919 1140 2002 longius
1162 1919 1199 1983 ad
1218 1917 1257 1988 ll

82 2017 253 2084 Cordubam
275 2039 381 2082 uersus
403 2020 556 2104 prosecuti
579 2031 651 2082 sunt
671 2040 743 2096 eos,
770 2021 819 2105 qui
835 2032 1018 2085 commeatus
1040 2021 1076 2084 ad
1100 2031 1201 2085 castra

80 2119 216 2206 Pompeii
239 2142 280 2184 ex
302 2121 407 2204 oppido
429 2120 599 2204 portabant.
632 2119 684 2184 Ex
708 2121 754 2185 bis
777 2123 855 2206 capti
877 2135 898 2185 L
921 2145 986 2187 cnm
1009 2124 1149 2187 iumentis
1165 2125 1203 2187 ad

81 2236 187 2290 nostra
201 2221 320 2287 adducti
334 2231 406 2285 sunt
420 2232 529 2286 castra.
562 2220 677 2286 Eodem
694 2222 741 2287 die
757 2219 798 2303 Q.
815 2220 967 2300 Marcius,
992 2225 1127 2288 tribunus
1149 2226 1203 2289 mi·
1218 2225 1239 2289 2

22 2338 57 2394 2⁰
79 2327 165 2391 litum
180 2327 229 2411 qui
244 2325 351 2390 fuisset
364 2321 501 2408 Pompei,
518 2324 555 2388 ad
571 2346 625 2389 nos
642 2326 821 2408 transfugitq
839 2334 870 2389 et
884 2325 980 2388 noctis
998 2327 1086 2389 tertia
1102 2327 1204 2411 uigilia

79 2430 111 2494 in
127 2429 232 2511 oppido
248 2429 394 2493 acerrime
409 2438 570 2512 pugnatum
586 2437 649 2505 cst,
666 2427 825 2513 ignemque
841 2429 965 2492 multum
981 2429 1138 2507 miserunt,
1156 2430 1200 2493 sic

81 2540 115 2596 ut
129 2551 217 2594 omne
232 2551 327 2615 genus
345 2578 353 2594 .
373 2579 381 2593 .
402 2577 409 2594 .
429 2576 437 2592 .
457 2530 537 2613 ignis
552 2550 606 2614 per
627 2531 723 2594 iactus
738 2531 845 2595 solitus
860 2542 908 2595 est
923 2530 1010 2595 mitti.
1035 2529 1102 2595 Hoc
1118 2531 1239 2617 prae-3

82 2634 171 2699 terito
195 2644 329 2718 tempore
344 2630 440 2697 Gaius
455 2630 650 2711 Fundanius,
668 2654 760 2715 eques
775 2632 947 2710 Romanus,
972 2656 1012 2697 ex
1028 2635 1136 2698 castris
1152 2636 1204 2700 ad·

80 2737 282 2801 uersariorum
305 2735 342 2799 ad
364 2756 419 2799 nos
443 2736 585 2820 confugit.
615 2732 742 2799 Postero
767 2735 813 2798 die
838 2756 879 2799 ex
902 2736 1020 2817 legione
1043 2737 1203 2800 uernacula
1220 2736 1261 2807 12

23 2849 57 2902 2⁵
80 2838 189 2902 milites
211 2850 282 2903 sunt
304 2840 381 2923 capti
404 2837 441 2903 ab
457 2838 606 2922 equitibus
621 2839 734 2901 nostris
750 2847 791 2913 n,
816 2837 866 2919 qui
881 2837 1025 2900 dixerunt
1046 2857 1079 2898 se
1095 2858 1200 2901 seruos

82 2961 162 3006 esse.
195 2935 271 3004 Cum
288 2942 442 3019 uenirent,
468 2941 579 3025 cogniti
595 2950 666 3005 sunt
680 2960 698 3003 a
713 2939 874 3017 militibus,
892 2939 941 3021 qui
958 2948 1048 3000 antea
1064 2959 1128 3001 cum
1143 2937 1202 3003 Fa·
1216 2938 1238 3004 2

80 3041 130 3106 bio
152 3053 184 3105 et
197 3040 291 3106 Pedio
314 3045 434 3107 luerent
455 3053 486 3106 et
498 3042 652 3107 Trebonio
676 3041 943 3126 [transfugerant].
974 3038 1031 3104 Eis
1055 3041 1092 3103 ad
1113 3042 1200 3124 igno·

80 3144 223 3208 scendum
245 3143 325 3206 nulla
342 3143 468 3206 facultas
484 3154 532 3207 est
546 3144 634 3221 data,
659 3155 690 3207 et
710 3165 728 3206 a
751 3143 892 3206 militibus
915 3142 1027 3206 nostris
1049 3142 1200 3208 interiecti

193 3350 311 3417 decepit]
320 3357 350 3402 ut
362 3349 541 3402 laborantibus
553 3357 719 3401 succurreret
732 3351 814 3401 nostri
826 3349 890 3402 add.
902 3349 979 3400 codd.
991 3356 1020 3401 et
1032 3349 1092 3401 edd.
1104 3349 1135 3400 P.
1142 3349 1204 3405 232.

192 3427 364 3480 deducerent
375 3444 402 3478 a.
514 3427 529 3477 l
543 3432 618 3491 pacto
630 3441 647 3475 a
663 3426 736 3477 ‘msa
751 3424 785 3478 3⁹.
896 3424 1086 3491 maioribusque
1098 3441 1115 3475 n
1130 3425 1205 3476 ‘mrr.

84 3505 119 3569 3³,
134 3513 161 3556 ct
173 3505 315 3556 maioribus
328 3521 356 3556 u.
469 3506 526 3556 bat
539 3503 717 3554 laborantibus
731 3513 898 3555 succurreret
912 3504 1007 3555 nostris
1021 3520 1073 3555 om.
1088 3503 1166 3554 ruald.
1180 3509 1208 3555 et

83 3584 143 3635 edd.
158 3581 221 3634 Vid.
235 3582 272 3632 nd
283 3598 310 3633 u.
323 3582 348 3634 1.
488 3583 503 3634 t
516 3580 751 3649 adpropinquasset
763 3598 789 3631 c.
926 3583 942 3633 8
956 3582 1084 3632 lacunam
1096 3585 1208 3632 notauit

86 3661 299 3727 Oudendorpr'ua.
428 3661 443 3713 9
456 3657 631 3724 Vargunteius
646 3661 702 3712 ‘uir
714 3659 828 3712 doctas’.
841 3661 886 3710 Aa
899 3661 1036 3725 Arquitius
1050 3663 1086 3721 (r.
1100 3660 1144 3724 23,
1158 3660 1208 3725 8)1

194 3740 222 3792 11
234 3739 405 3807 praeteritum
412 3740 562 3802 Dauirr'ur5
576 3739 736 3807 praeteritus
748 3756 766 3790 a
778 3738 829 3790 cod
841 3737 916 3802 Vra,
927 3739 1101 3804 praeterritus
1115 3739 1140 3802 b,
1151 3753 1208 3805 per·

85 3816 193 3867 territas
208 3814 321 3866 ‘reterrb
334 3815 365 3865 P.
379 3814 424 3871 27.
574 3815 605 3867 11
619 3815 684 3867 Vido
699 3816 724 3865 b.
868 3815 899 3866 18
912 3816 953 3866 bis
966 3817 1017 3881 ns,
1032 3815 1065 3865 iis
1079 3814 1167 3866 Aldus
1177 3831 1207 3867 u.

193 3894 226 3947 20
234 3892 337 3960 Pompei
350 3908 377 3943 α.
478 3893 600 3957 monus
611 3909 629 3944 a
642 3893 657 3943 b
671 3909 694 3957 c,
705 3909 787 3957 genus
800 3895 893 3959 quibua
906 3911 935 3946 u.
945 3894 1085 3945 Lacunam
1099 3909 1148 3960 ego
1160 3910 1208 3947 rto·

86 3973 157 4023 wal.
271 3969 352 4033 mitti]
366 3978 536 4023 exerceretur
548 3987 606 4021 cum
619 3971 636 4024 2
649 3971 715 4022 dett.
730 3970 794 4021 odd.
808 3987 835 4021 ar.
952 3974 985 4026 23
999 3972 1080 4024 Gaius
1093 3988 1119 4036 a,
1134 3972 1163 4025 C.
1177 3990 1207 4026 rr·

194 4048 228 4102 21
239 4045 357 4112 confugit
368 4063 385 4098 α
398 4048 423 4112 b,
438 4047 580 4113 transfugit
592 4064 619 4099 u.
735 4049 768 4101 25
782 4062 830 4113 que
843 4064 869 4098 a.
986 4049 1019 4101 211
1032 4047 1111 4099 Fabio
1127 4049 1208 4099 Glan-

85 4126 215 4192 ἀωρίαις
230 4123 310 4175 bebio
323 4141 340 4175 a
353 4124 412 4176 eod.
427 4123 500 4187 Vre„
509 4125 589 4175 Badio
603 4124 627 4175 b.
733 4124 766 4176 27
776 4123 904 4175 Trebonio
917 4141 942 4188 r,
958 4140 1015 4175 cum
1029 4123 1160 4175 Trebonio
1175 4127 1206 4187 b‚·

84 4222 102 4259 e
114 4205 246 4258 Trebonio
258 4221 286 4256 rr.
389 4203 587 4270 transfugerant
599 4219 648 4270 ego
661 4203 769 4254 inclusi.
784 4203 816 4256 P.
828 4204 889 4259 233.
995 4205 1030 4257 28
1042 4202 1161 4251 tacattu
1170 4210 1219 4248 est.

87 4281 313 4352 samosaten.
327 4279 499 4348 Saloatum,
512 4277 801 4337 ostdatelacnltasu.
1030 4347 1099 4412 w
1194 4318 1198 4323 .
