2692 4688
490 195 792 262 -30-

83 389 144 432 non
160 376 404 432 commemorato.
436 361 473 430 C.
488 366 532 432 27
546 367 617 431 inde
631 388 648 431 a
665 369 694 451 ἓ.
713 365 733 431 3
749 378 780 432 ει
795 388 822 430 o.
841 364 884 432 28
899 365 942 430 in.
960 365 1124 431 subiectum
1141 388 1208 433 sae·

82 492 119 555 pe
140 479 272 534 mutatur
293 469 375 532 nulla
397 467 521 533 alterius
542 490 689 552 personae
705 470 924 554 significatione
940 470 1047 554 posita.
1081 465 1119 534 C.
1136 466 1209 550 8,6

81 584 113 638 ει
129 572 169 639 17
183 573 227 638 in.
246 572 404 636 durissime
419 592 438 634 a
451 572 657 655 superioribus
672 573 709 635 ad
723 572 867 637 interiora
883 573 1039 636 transitur.

169 675 226 738 llis
241 674 330 738 rebus
347 675 576 737 commentarios
593 675 629 737 de
644 674 723 738 bello
733 674 879 738 Africano
896 687 928 738 et
938 672 1131 756 Hispaniensi
1148 696 1208 738 non

82 779 177 843 solnm
194 798 255 841 non
270 775 307 840 ab
324 775 443 852 Hirtio,
466 779 518 840 scd
541 796 579 839 ne
594 777 675 859 ipsos
691 777 808 859 quidem
825 778 861 840 ab
877 777 980 841 eodem
998 776 1116 840 bomine
1131 777 1207 840 scri-

82 892 148 965 ptos
165 900 232 944 esse
247 879 380 942 iudicare
396 879 543 959 cogimur.
569 874 647 941 Cum
663 878 813 942 Hirtianis
829 878 906 942 enim
924 879 1009 942 libris
1024 879 1110 962 plane
1126 880 1208 942 nulla

82 982 129 1046 bis
145 981 308 1045 similitudo
323 980 503 1057 intercedit,
520 980 579 1043 nisi
595 982 674 1045 lorte
690 992 830 1044 octauum
845 981 951 1044 librum
968 981 1096 1045 debello
1112 978 1209 1044 Galli·

82 1106 119 1148 co
134 1106 170 1148 ca
186 1104 227 1146 ex
243 1093 327 1168 parte
343 1081 510 1165 comparari
526 1102 614 1165 posse
638 1083 881 1161 existimantur,
906 1084 983 1165 qnod
1004 1083 1068 1167 ipse
1091 1103 1209 1165 quoque

82 1185 231 1249 uarietate
247 1196 362 1250 careat.
408 1180 495 1264 Quae
510 1204 560 1247 res
577 1185 707 1248 omnium
722 1184 915 1248 mediocrium
931 1184 1112 1267 scriptorum
1129 1206 1209 1248 com·

82 1288 180 1351 munis
196 1288 241 1370 (in
257 1288 361 1350 eodem
377 1287 457 1349 enim
472 1287 559 1365 nitio,
577 1298 610 1350 ut
623 1308 713 1350 unum
731 1307 850 1369 ponam,
869 1281 1029 1350 Cornelius
1041 1283 1145 1367 Nepos
1160 1307 1209 1350 re·

83 1389 313 1475 prehendendus
338 1391 403 1468 est)
427 1389 469 1451 ita
493 1399 608 1453 tantum
624 1398 806 1451 momentum
821 1388 852 1450 in
868 1387 923 1449 hac
939 1387 1114 1468 quaestione
1129 1388 1209 1450 lnce·

82 1501 142 1566 ret,
160 1491 185 1553 si
201 1488 296 1553 uerba
311 1501 362 1553 aut
376 1492 522 1554 orationis
538 1492 635 1554 formu
649 1490 681 1553 in
696 1489 834 1553 omnibns
849 1489 935 1553 libris
950 1488 1052 1551 eadem
1068 1489 1209 1571 frequen·

85 1603 220 1656 teretur:
244 1592 274 1655 id
295 1594 374 1678 quod
400 1594 531 1657 maxime
547 1594 731 1657 contrarium
748 1612 817 1657 esse
833 1591 971 1654 uidimus.
1017 1586 1132 1654 Contra
1149 1592 1209 1655 dis·

85 1693 212 1756 crimina
226 1695 358 1758 maxima
372 1707 454 1758 sunt.
485 1692 619 1759 Primum
635 1694 791 1779 dispositio
807 1694 968 1769 materiae,
993 1714 1068 1776 qnae
1089 1694 1120 1757 in
1137 1692 1210 1757 Hir-

84 1795 176 1859 tianis
192 1795 278 1859 libris
294 1807 362 1880 apto
376 1807 435 1874 est,
452 1797 483 1859 in
499 1797 545 1860 bis
559 1798 643 1860 rudis
659 1807 746 1878 atque
762 1796 842 1859 omni
858 1807 923 1860 arte
939 1797 1101 1873 destituta3
1127 1798 1210 1861 dein-

85 1898 123 1963 de
144 1898 295 1962 scribendi
315 1919 411 1983 genus
434 1899 463 1961 in
484 1890 544 1963 illis
564 1909 681 1963 rectum
704 1910 735 1961 et
757 1900 904 1982 simplex,
933 1899 964 1962 in
986 1898 1090 1962 borum
1113 1899 1209 1962 altero

86 2000 285 2085 granditatem
303 2011 417 2064 tumore
433 2013 574 2085 captans,
599 2002 630 2064 in
646 2003 743 2066 altero
758 2002 918 2081 abiectum,
935 2003 967 2065 in
984 2012 1112 2088 utroque
1128 2022 1210 2064 cras·

86 2124 153 2166 sum
166 2102 312 2188 longeque
335 2103 484 2187 elegantia
506 2104 653 2184 inlerius3
679 2106 806 2188 deniqne
831 2126 930 2169 sermo
951 2105 982 2168 in
1003 2104 1061 2168 illis
1082 2105 1210 2188 optimus

85 2216 117 2271 et
132 2206 325 2291 purissimus,
349 2207 381 2268 in
396 2206 442 2270 bis
458 2206 644 2287 antiquarius
659 2219 690 2272 ct
704 2207 850 2289 uulgaris.
875 2208 975 2289 Atque
991 2207 1095 2267 barum
1111 2225 1209 2266 rernm

86 2308 145 2373 duo
162 2320 299 2374 extreme
314 2320 395 2372 certe
412 2329 473 2371 non
487 2307 528 2369 ita
540 2318 711 2392 comparata
728 2318 809 2385 sunt,
826 2307 905 2370 utin
921 2305 1045 2369 eundem
1062 2305 1210 2370 bominem

86 2413 176 2475 etiam
191 2413 387 2494 neglegenter
400 2410 582 2472 scribentem
599 2420 641 2485 et,
659 2430 737 2491 quae
752 2419 857 2491 postea
866 2407 1076 2470 emendaturos
1085 2419 1143 2485 εει,
1160 2430 1211 2473 ca·

87 2515 170 2579 dant.
209 2510 291 2575 Nam
307 2513 338 2573 in
355 2512 429 2573 libro
455 2512 491 2574 do
514 2511 591 2573 bello
607 2510 752 2573 Africano
772 2509 912 2572 indicium
935 2508 971 2572 de
995 2512 1210 2594 compositione

85 2614 124 2679 ab
141 2612 280 2676 llirtiano
296 2612 383 2695 plane
399 2612 552 2675 diuersum
569 2612 834 2696 deprehendimus,
858 2631 954 2694 neque
971 2611 1079 2695 pingue
1095 2615 1211 2699 ingeni·

86 2737 154 2790 nm,
171 2715 257 2795 quale
274 2714 301 2775 is
317 2713 393 2776 liber
408 2713 611 2789 demonstrat,
629 2714 665 2776 ad
681 2714 902 2777 similitudinem
917 2715 1103 2798 superiorum
1119 2717 1211 2780 libro·

85 2838 151 2881 rum
168 2817 273 2880 limare
287 2836 321 2880 se
336 2827 367 2880 et
382 2815 595 2880 circumcidere
612 2817 723 2898 potuit:
748 2836 816 2879 nam
830 2817 877 2895 is,
894 2818 943 2898 qui
958 2817 1065 2881 librum
1082 2821 1118 2882 de
1133 2820 1210 2884 bello

86 2917 282 3003 Hispaniensi
297 2918 438 3002 scripsit,
464 2918 512 2981 nel
527 2919 644 2983 modica
659 2920 854 3002 componendi
871 2920 1012 2984 facultate
1028 2922 1210 2987 destitueba-

87 3031 149 3098 tur,
166 3023 253 3098 adeo,
270 3022 300 3084 id
315 3024 392 3104 quod
408 3021 445 3086 de
460 3019 660 3086 seVitrouius
677 3023 797 3099 fatetur,
815 3021 899 3086 nisus
916 3034 962 3087 εει
977 3023 1120 3088 scribere.
1143 3022 1210 3087 Ne·

87 3144 251 3207 queneto,
275 3124 327 3207 qui
350 3125 442 3208 polite
457 3135 487 3189 et
502 3125 615 3189 urbane
629 3124 709 3207 loqui
725 3125 828 3188 didicit
843 3126 932 3212 idque
948 3148 1042 3209 genus
1058 3125 1208 3210 probauit,

86 3247 224 3309 umquam
240 3225 326 3309 plane
342 3228 375 3290 in
389 3228 590 3312 antiquarium
604 3238 636 3290 et
649 3228 772 3313 uulgare
787 3227 913 3292 incidet:
932 3240 1037 3293 eontra
1052 3231 1211 3314 detergere

86 3330 192 3394 sordes
207 3328 298 3410 longe
313 3328 515 3394 difficillimum
531 3342 589 3393 est.
622 3327 739 3411 Quibus
754 3343 854 3396 autem
870 3332 987 3409 causis,
1012 3353 1049 3395 ne
1065 3334 1140 3397 dnos
1156 3355 1211 3398 ex·

87 3442 200 3496 tremos
216 3431 309 3495 libros
326 3428 425 3493 llirtio
441 3433 659 3505 tribueremus,
682 3435 754 3495 moti
775 3455 896 3509 smnus,
921 3433 1041 3497 eaedem
1058 3437 1113 3499 bos
1129 3437 1210 3520 ipsos

87 3555 106 3597 a
122 3534 251 3597 diuersis
265 3533 438 3597 auctoribus
453 3535 583 3617 scriptos
599 3533 751 3597 euincunt.
796 3532 876 3596 Nam
898 3533 1053 3616 dispositio
1068 3538 1211 3599 materiae

86 3657 200 3722 genero
217 3646 329 3699 tantum
346 3636 451 3699 similis
467 3646 531 3713 est,
554 3655 653 3699 sermo
669 3637 726 3699 nisi
742 3637 772 3697 in
789 3636 945 3718 perpaucis
960 3638 1050 3700 rebus
1066 3638 1152 3720 plane
1168 3639 1211 3701 di·

88 3759 209 3802 nersus.
241 3733 427 3820 Quamquam
444 3748 542 3801 autem
559 3749 686 3825 uterque
706 3739 783 3801 liber
805 3738 922 3822 pinguis
939 3751 986 3802 est
1001 3748 1031 3801 et
1046 3739 1207 3822 impolitus,

89 3851 189 3904 temen
204 3840 300 3903 multo
316 3838 389 3903 baec
405 3852 475 3904 sont
489 3840 521 3902 in
535 3840 612 3904 bello
624 3839 769 3905 Africano
784 3843 911 3905 minora.
936 3839 1074 3922 Denique
1085 3842 1210 3905 alterius

87 3941 246 4025 scriptoris
262 3941 436 4026 compositio
451 3943 537 4024 copia
552 3944 711 4007 uerborum
727 3946 873 4008 redundat
887 3957 919 4008 et
933 3943 1112 4022 effunditur,
1134 3947 1212 4010 alter

88 4064 151 4107 non
179 4044 319 4107 astrictus
345 4055 391 4108 est
413 4056 444 4107 et
465 4045 678 4126 circumcisus,
706 4050 758 4111 sed
779 4047 896 4125 inlans3
922 4046 972 4110 ille
994 4067 1089 4131 genus
1111 4058 1211 4112 tamen

87 4146 234 4229 quoddam
250 4147 401 4211 scribendi
416 4157 447 4209 et
461 4158 556 4210 artem
571 4148 642 4212 lieet
656 4150 758 4213 rudem
774 4151 929 4236 sequitur,
955 4148 1002 4213 bic
1023 4171 1061 4214 ne
1077 4151 1211 4235 aspirare

89 4249 206 4333 quidem
222 4251 260 4316 ed
275 4249 351 4314 bano
367 4271 468 4315 curam
484 4251 580 4336 potuit
593 4252 717 4317 inscitus
734 4264 813 4318 totus
829 4264 860 4317 et
874 4252 1001 4335 rigidus.
