2692 4688
81 222 147 290 658
474 214 605 282 suunt
626 214 931 283 aLExltNlttttNt

141 394 218 459 riter
239 389 384 473 correptis
406 387 556 453 Malacam
577 389 730 454 contendit
751 389 850 472 ibique
874 388 1004 452 aduerso
1025 397 1160 473 tempore
1181 390 1267 454 naui·

139 492 228 580 gandi
245 495 331 556 nauis
347 492 541 569 conscendit,
559 503 593 556 ut
606 492 671 575 ipse
686 491 893 576 praedicabat,
911 511 949 554 ne
964 511 997 554 se
1012 488 1130 575 Lepido
1146 502 1177 555 et
1189 490 1267 557 'lhe-

104 596 231 662 toenio
254 606 285 658 et
300 591 446 659 Marcello
468 594 685 672 committeret3
709 604 742 656 ut
757 594 844 657 amici
859 595 924 658 cius
940 592 1135 673 dictitabant,
1161 612 1199 658 ne
1212 616 1267 680 per

141 720 206 764 eam
229 696 414 782 prouinciam
435 697 552 760 minore
572 718 639 760 curn
662 696 806 780 dignitate
826 697 887 760 iter
902 697 1036 773 laceret,
1059 697 1144 761 cuius
1160 717 1266 784 magna

84 862 88 869 .
139 820 210 885 pars
232 797 269 863 ab
291 818 327 861 eo
350 799 517 877 deiecerat3
542 809 576 861 nt
596 799 690 863 ceteri
706 797 937 877 existimabant,
960 818 998 861 ne
1014 799 1141 884 pecnnia
1155 800 1208 864 illa
1222 813 1298 866 ext

107 901 268 966 binbnitis
288 900 402 984 rapinis
424 900 560 963 conlecta
581 901 613 963 in
634 910 810 984 potestatem
833 900 1005 983 cuiusquam
1026 902 1156 966 ueniret.
1188 900 1266 967 Pro-

141 1023 264 1088 gressus
293 1002 422 1066 secunda
450 1011 483 1065 ut
503 1001 627 1066 hiberna
651 1013 825 1086 tempestate
848 1023 915 1065 cuna
936 1002 968 1066 in
989 1002 1134 1067 lliberum
1156 1005 1265 1070 humen

140 1107 238 1169 noctis
266 1104 406 1168 uitandae
434 1124 527 1168 causa
554 1125 588 1169 se
609 1105 805 1181 contulisset,
835 1104 904 1168 inde
926 1107 1013 1189 patulo
1038 1107 1262 1171 uehementiore

139 1216 318 1289 tempestate
340 1205 432 1269 nihilo
454 1206 649 1289 periculosius
671 1226 706 1270 se
726 1206 937 1290 nauigaturum
962 1207 1088 1271 eredens
1109 1210 1263 1293 proiectus

141 1309 278 1372 aduersis
309 1308 444 1372 fluctibus
467 1309 694 1372 occurrentibus
717 1308 794 1372 ostio
814 1309 944 1372 lluminis
965 1310 996 1372 in
1018 1310 1091 1392 ipsis
1113 1309 1262 1389 lancibus,
1288 1320 1314 1374 tt

140 1430 208 1474 cum
236 1431 332 1493 neque
355 1411 475 1474 [lectere
498 1411 598 1475 nauiur
622 1421 744 1495 propter
765 1409 826 1474 uim
847 1410 977 1474 lluminis
999 1431 1095 1494 neque
1118 1411 1261 1475 directam

138 1512 232 1576 tantis
247 1512 384 1575 fluctibus
400 1523 504 1576 tenere
519 1523 632 1596 posset,
650 1514 786 1577 demersa
803 1533 880 1576 naue
895 1512 994 1596 periit.

83 1613 128 1684 65
225 1609 303 1676 Cum
319 1614 349 1675 iu
364 1610 483 1698 Syriam
500 1610 616 1679 Caesar
630 1635 671 1678 ex
681 1614 821 1701 Aegypto
836 1615 969 1678 uenisset
983 1622 1073 1695 atque
1088 1612 1191 1690 abiis,
1209 1616 1261 1697 qui

138 1713 236 1779 Roma
258 1726 406 1780 uenerant
427 1717 464 1780 ad
486 1737 573 1795 eum,
598 1731 796 1802 cognosceret
810 1717 973 1798 litterisque
987 1714 1108 1779 urbanis
1123 1715 1260 1780 animad-

139 1828 276 1882 uerteret
297 1820 390 1882 multa
404 1817 521 1883 Romae
543 1819 620 1883 male
635 1829 666 1883 et
680 1819 829 1883 inutiliter
843 1817 1041 1883 administrari
1056 1838 1154 1899 neque
1168 1817 1262 1882 ullam
1284 1828 1312 1882 tt

138 1929 253 2003 partem
268 1921 448 2004 reipublicae
464 1920 538 1985 satis
554 1923 707 1986 commode
722 1922 800 2005 geri,
810 1922 887 2005 quod
903 1931 934 1986 et
948 1919 1190 1984 contentionibus
1205 1921 1260 1986 ui-

138 2021 265 2085 bunieiis
287 2023 476 2106 perniciosae
497 2023 659 2088 seditiones
682 2035 858 2102 orerentur,
883 2035 914 2087 et
934 2023 1095 2087 ambitione
1111 2033 1197 2105 atque
1212 2023 1259 2086 in·

138 2123 501 2208 dulgentiatribunorum
523 2125 648 2190 militnm
670 2126 772 2209 etqui
796 2125 964 2210 legionibus
987 2134 1146 2210 praeerant
1164 2123 1258 2188 multa

138 2238 244 2292 contra
259 2248 371 2291 morem
387 2229 692 2311 consuetudinemque
707 2229 864 2293 militarem
878 2231 995 2307 herent,
1008 2249 1083 2312 quae
1093 2226 1258 2292 dissoluen-

138 2330 193 2395 dae
209 2329 383 2414 disciplinae
397 2330 627 2413 seueritatisque
643 2342 757 2410 esseut,
775 2352 869 2414 eaque
884 2331 982 2394 omnia
997 2332 1132 2415 flagitare
1147 2329 1257 2393 eduen·
1279 2336 1309 2390 tt

138 2443 200 2495 tum
215 2452 301 2494 suum
316 2432 451 2510 uideret,
476 2444 574 2496 tamen
590 2433 816 2517 praeferendum
832 2434 1035 2512 existimauit,
1054 2433 1173 2517 quasin
1189 2452 1257 2516 pro·

137 2532 253 2597 uincias
270 2534 467 2617 regionesque
482 2536 629 2613 uenisset,
643 2555 695 2598 cas
710 2536 752 2598 ita
768 2536 939 2619 relinquere
955 2538 1145 2613 constitutas,
1158 2544 1192 2598 ut
1205 2533 1257 2596 do·

136 2633 270 2700 mesticis
302 2635 538 2701 dissensionibus
568 2637 787 2718 liberarentur,
818 2639 885 2702 iura
908 2639 1050 2722 legesque
1072 2638 1255 2720 acciperent,

100 2737 122 2805 2
137 2749 333 2804 externorum
356 2739 483 2803 hostium
506 2751 616 2804 ructum
632 2741 827 2824 deponerent.
859 2738 943 2804 llaec
957 2741 987 2802 in
1003 2736 1113 2823 Syria,
1132 2735 1257 2815 Cilicia,

73 2856 79 2861 ·
136 2842 213 2906 Asia
228 2840 368 2906 celeriter
382 2861 416 2905 se
431 2842 632 2906 coniecturum
649 2843 806 2926 sperabat,
823 2842 901 2925 quod
916 2841 972 2904 bue
987 2840 1159 2923 prouinciae
1175 2839 1260 2903 nnllo
1280 2848 1311 2905 tt

136 2944 215 3008 bello
237 2944 466 3029 premebantur3
489 2945 521 3007 in
536 2942 680 3030 Bithynia
696 2965 730 3009 ac
745 2943 842 3009 Ponto
864 2943 929 3027 plus
944 2942 1046 3006 oneris
1062 2940 1183 3004 uidebat
1198 2943 1259 3006 sibi

100 3043 317 3129 dimpendere.
349 3045 423 3111 Non
447 3047 620 3112 excessisse
640 3049 719 3113 enim
735 3046 833 3112 Ponto
847 3043 1033 3110 Pharnacem
1047 3042 1187 3107 audiebat
1202 3065 1259 3110 ne-

136 3164 193 3228 que
216 3168 413 3213 excessurum
435 3150 576 3234 putabat,
600 3172 668 3214 cum
690 3152 823 3217 secundo
838 3150 952 3235 proelio
967 3147 1161 3213 uehementer
1175 3161 1259 3215 esset

99 3247 274 3328 diodotus,
301 3251 377 3332 quod
400 3261 506 3317 contra
527 3251 692 3317 Domitium
708 3250 868 3318 Caluinum
891 3255 1013 3317 lecerat.
1046 3247 1258 3317 Commoratus

136 3351 200 3415 iere
221 3352 252 3415 in
268 3352 404 3415 omuibus
420 3352 608 3431 ciuitatibus,
634 3377 709 3439 quae
724 3358 839 3421 maiore
854 3366 924 3420 sunt
938 3354 1100 3438 dignitate,
1125 3356 1259 3437 praemia
1278 3363 1311 3420 tt

136 3451 212 3516 bene
227 3454 341 3518 meritis
358 3465 389 3517 ot
404 3455 513 3520 uiritim
531 3467 561 3521 et
575 3457 689 3541 publice
706 3459 818 3537 tribuit,
830 3459 866 3522 dc
877 3456 1092 3522 controuersiis
1104 3456 1256 3521 ueteribus

240 3741 345 3792 2oauis
359 3757 375 3791 o
390 3742 414 3792 b.
538 3741 554 3792 d
568 3741 712 3793 intinitiunis
725 3758 752 3793 ιι.
885 3740 939 3792 lin
953 3740 1075 3792 Hiberum
1087 3755 1103 3788 a
1117 3744 1144 3789 et
1157 3743 1258 3792 omisso

132 3815 159 3864 ln
173 3816 188 3864 b
201 3830 224 3879 e,
238 3818 264 3866 ln
279 3817 381 3868 Iberum
394 3834 421 3867 ιι.
527 3821 543 3870 9
557 3819 621 3869 nibil
634 3835 650 3869 o
665 3819 688 3869 b.
796 3821 825 3872 11
840 3821 972 3871 derectam
985 3834 1002 3869 a
1016 3819 1039 3869 b.
1148 3818 1180 3869 12
1190 3833 1257 3870 nane

134 3907 151 3942 ιι
166 3891 237 3941 ιιιιιι.
253 3893 288 3952 3',
304 3897 364 3945 naui
378 3911 405 3945 ιι.
550 3898 582 3949 13
595 3897 636 3948 bie
649 3912 675 3947 a.
805 3899 836 3950 ld
850 3914 906 3965 rep.
921 3898 986 3950 satis
999 3895 1217 3960 commoda-egeri
1229 3914 1257 3950 ιι.

240 3967 384 4022 tribunitiis
398 3971 408 4034 (
427 3969 448 4033 l·
557 3972 588 4025 17
601 3979 739 4025 orerentur
751 3990 767 4024 u
779 3990 802 4038 c,
817 3975 949 4026 orirentur
960 3991 989 4026 u.
1093 3973 1259 4037 indulgentia

134 4042 159 4102 b,
173 4042 338 4107 indiligentia
349 4047 460 4110 ntique.
594 4051 627 4105 25
640 4050 769 4102 iacturum
784 4052 808 4102 b.
942 4051 976 4108 26
989 4050 1111 4118 Bptbinia
1123 4065 1149 4103 ιι.

132 4118 191 4185 plns
205 4133 257 4169 om.
273 4135 289 4169 ιι
303 4121 318 4169 b
331 4137 354 4170 o.
466 4120 500 4175 27
512 4127 659 4177 excessisse
671 4128 740 4179 enim
752 4143 770 4178 a
785 4129 857 4180 ‘mea
869 4127 1012 4194 plerique’,
1027 4127 1095 4177 eninr
1108 4127 1258 4178 excessisse

131 4211 159 4246 ιι.
283 4196 433 4249 Pharnacen
446 4200 505 4248 aine
517 4206 685 4255 oceetorttate
696 4220 724 4255 ιι.
854 4205 979 4256 audiebat
991 4220 1008 4254 a
1023 4205 1096 4256 ‘msa
1106 4201 1255 4269 plerique’,

129 4272 250 4324 audierat
262 4288 290 4327 u.
396 4273 429 4326 30
442 4283 519 4327 eraut
531 4276 556 4327 b.
