2692 4688
479 174 803 245 ...15⁸-

82 352 199 421 Contra
212 352 243 418 in
253 347 359 416 Cilieln
373 362 405 415 et
419 351 493 414 dnos
508 360 668 414 ueteranos
683 349 817 432 leglnoes
833 349 926 412 lnlsse
940 359 973 412 et
980 349 1203 431 infrequentes,

81 478 158 543 quse
173 476 263 521 croso
280 464 357 532 erst,
375 474 428 516 our
441 473 482 516 ex
497 451 610 517 ιιιιιιιιιι
626 472 685 516 noe
699 451 877 526 efficeretur,
895 468 936 514 ex
946 445 1013 514 Cic.
1028 450 1204 534 opslAtt.

82 558 131 638 V,
149 558 210 637 15,
228 558 246 621 l
263 565 400 630 constet,
422 556 473 636 qui
495 575 529 618 se
552 556 639 619 ‘duos
661 554 797 638 legiones
819 553 926 618 esilee'
950 554 1061 618 bebere
1083 552 1204 618 scribit·

82 659 179 726 Recte
194 662 287 744 igitur
302 655 494 722 ciacconius·

167 762 276 826 Eiusd.
293 784 322 825 e.
340 760 402 844 §.4
418 759 509 823 uerbo
527 757 729 842 ‘octingentos
744 779 785 822 ex
801 758 900 822 seruis
915 759 979 823 suis
995 769 1209 843 pastorumque

84 884 205 930 suorum
221 862 373 948 coegerol'
389 872 529 944 corrupto
545 881 613 924 esso
628 870 713 923 recte
725 860 1041 925 omnescooseotiootr
1057 860 1210 927 Nometsi

84 990 144 1032 non
160 989 265 1031 emises
281 977 416 1050 pastores
432 964 513 1027 serui
529 972 628 1039 erunt,
648 962 725 1043 qood
742 959 956 1046 Oudendorpin
972 965 1069 1028 nisum
1084 974 1145 1043 est,
1162 975 1211 1029 ts*

84 1090 152 1134 men
176 1090 230 1133 eos
246 1068 403 1132 facultates
418 1066 464 1129 rei
482 1064 637 1129 lomilioris
653 1072 713 1127 lem
729 1075 835 1131 mones
850 1065 990 1131 babuisse
1005 1064 1147 1151 opposui,
1174 1076 1211 1133 ιιι

84 1172 211 1236 ridicule
233 1192 274 1234 ex
295 1190 398 1234 eornm
421 1168 521 1233 seruis
536 1166 697 1250 Pompeios
720 1187 814 1250 seque
835 1180 927 1251 etque
947 1188 997 1230 ex.
1011 1168 1075 1232 sois
1089 1170 1210 1252 equites

85 1272 303 1358 conscripsisse
326 1273 451 1335 dicotur.
484 1267 547 1335 Setl
569 1269 738 1351 corrigendi
762 1271 895 1333 rationes
914 1270 1012 1334 selbun
1027 1268 1121 1334 initae
1134 1282 1210 1337 ιιιι

85 1397 189 1460 parum
205 1375 386 1460 probabiles,
396 1393 482 1455 qnos,
493 1394 531 1436 ne
546 1372 654 1455 longus
666 1372 734 1449 sim,
747 1393 807 1435 non
822 1373 1072 1437 commemorabo.
1096 1370 1209 1458 Neque

86 1479 165 1543 euim
189 1477 260 1540 mibi
283 1477 372 1539 aliter
390 1475 510 1538 uidetur
531 1473 621 1537 scribi
645 1475 779 1556 poluisse
794 1495 882 1557 quom
901 1475 956 1538 ltoo
972 1474 1078 1538 modos
1097 1476 1209 1543 ‘nerim

86 1588 195 1661 gentos
219 1597 260 1641 es
281 1577 380 1640 seroie
394 1576 624 1660 purioribusque
638 1576 702 1639 sois
717 1597 899 1659 suorumque
915 1575 1081 1660 eneporst'.
1113 1574 1210 1643 Simi-

86 1679 154 1742 liter
168 1701 217 1764 op.
235 1676 302 1744 Cic.
319 1679 356 1741 nel
373 1677 440 1741 so.
456 1674 517 1751 IX,
534 1677 585 1755 lb,
599 1676 619 1739 7
635 1677 806 1741 oberrotum
824 1688 872 1742 est
886 1679 917 1742 in
933 1679 1025 1743 bones
1044 1690 1116 1743 ‘nos
1128 1700 1208 1764 qnos

86 1793 220 1847 monstro
236 1783 347 1847 cotidie
361 1780 570 1863 intellegemus
586 1801 627 1843 ex
641 1779 692 1844 illo
708 1780 828 1858 libello,
852 1780 947 1863 quiin
963 1780 1122 1865 epistolem
1135 1794 1210 1849 bos*

85 1886 181 1948 iectus
197 1888 273 1962 est,
292 1899 358 1947 eom
373 1882 563 1947 scribendum
578 1893 663 1946 esset
679 1882 802 1946 ‘cotidie
816 1882 970 1966 legumus,
993 1884 1154 1969 intelleges
1167 1906 1210 1951 ιι

85 1988 137 2051 illo
153 1987 263 2051 libello'
280 1986 354 2049 eett'.

172 2086 210 2153 C.
225 2088 247 2154 6
262 2089 388 2174 optimos
403 2088 489 2151 coll.
507 2097 627 2151 secutos
643 2087 684 2151 ito
701 2089 862 2152 constitui:
881 2085 1022 2167 ‘Caesen
1037 2088 1210 2155 stomaco

87 2193 162 2257 oium
179 2193 280 2270 uenit,
303 2191 495 2256 contionatus
510 2191 587 2273 opuol
602 2190 713 2253 milites
728 2228 769 2241 -
785 2191 1040 2255 ennelumontibos
1055 2192 1207 2267 omnibus,

85 2296 260 2379 imperaret,
278 2295 354 2378 qnod
369 2292 473 2369 uellet,
492 2294 696 2374 quodcumque
712 2293 932 2376 imperooisset‚
950 2314 1094 2377 seoeqon
1109 2296 1210 2359 auimo

86 2418 154 2463 esse
170 2400 324 2473 faetores,
341 2393 369 2459 ll
384 2394 468 2459 Non.
484 2391 551 2457 lon.
569 2414 663 2457 nones
678 2395 781 2458 soluit.
806 2392 985 2477 Impositos,
1003 2407 1143 2479 utsupra
1158 2397 1210 2461 de·

86 2511 281 2564 monstratum
303 2509 369 2573 est,
391 2497 525 2581 legiones
541 2493 597 2561 Vl.
629 2492 781 2559 Postridie
796 2508 906 2561 terrum
922 2497 1022 2582 attigit
1037 2496 1208 2562 Germiuim

85 2623 165 2666 rom.
196 2599 281 2664 Sors
302 2602 382 2661 inter
396 2609 428 2661 et
442 2597 500 2661 elin
516 2598 581 2661 loeo
598 2598 766 2680 periculose
781 2600 911 2682 quietum
927 2611 1033 2663 noetus
1049 2602 1209 2667 stationem

87 2714 118 2767 et
133 2714 234 2788 portus
250 2722 355 2768 omnes
370 2702 496 2777 timens,
512 2700 590 2781 qood
606 2701 704 2764 teneri
719 2701 756 2763 nb
772 2702 956 2766 uoluersoriis
970 2702 1208 2783 arbitrabantur,

87 2807 123 2870 sd
139 2826 206 2871 eom
222 2805 341 2883 locum,
364 2805 415 2887 qni
430 2802 634 2888 appellabatur
647 2805 670 2884 †
685 2800 860 2882 Phoroneis,
877 2802 1014 2869 nonoribus
1031 2805 1157 2869 nauibus
1172 2807 1210 2871 etl

86 2930 176 2972 nuum
199 2906 397 2972 incolumibus
417 2907 527 2969 milites
551 2904 713 2988 exposuit'.
744 2904 911 2970 Numerum
935 2908 1086 2990 legionum
1102 2928 1212 2973 secun·

88 3012 155 3075 dum
171 3032 225 3090 eo,
251 3030 326 3094 quoe
348 3029 440 3092 supro
455 3009 624 3091 disputari,
642 3008 776 3072 correxi.
808 3006 869 3073 seo
885 3010 984 3074 editor
1000 3011 1108 3095 ‘pridie
1122 3009 1208 3077 Non.-

86 3110 154 3176 lon.
179 3135 273 3179 nones
295 3113 388 3177 soluit
411 3111 555 3196 impositis
570 3146 612 3159 -
627 3111 795 3193 legionibus
811 3109 902 3192 vtt’;
927 3112 958 3176 in
981 3113 1098 3197 optimis
1120 3114 1208 3177 collo

86 3218 230 3297 seriptum
254 3225 302 3278 est
325 3212 369 3277 ‘ll
383 3213 468 3277 Non.
486 3212 553 3277 lon.
577 3233 671 3276 nones
691 3214 812 3277 solonnt
835 3215 991 3299 impositos
1010 3252 1053 3265 -
1074 3216 1210 3301 legiones

87 3314 169 3380 Vll'.
201 3316 241 3379 Et
263 3318 388 3400 primum
411 3317 527 3397 quidem
551 3314 610 3379 (liei
631 3315 812 3398 signilieatio
834 3318 936 3381 eodem
957 3340 1007 3403 ep.
1024 3315 1092 3383 Cio.
1109 3338 1157 3403 ep.
1171 3316 1211 3383 sc

87 3416 176 3483 Brut.
194 3416 221 3496 l,
235 3417 275 3480 ll
290 3429 371 3481 extr.
384 3418 414 3480 in
426 3419 528 3482 codice
541 3416 694 3494 Medieeo,
703 3418 731 3481 b.
743 3417 909 3496 strom
924 3430 957 3482 et
972 3419 1057 3503 llisp.
1067 3418 1108 3484 39
1124 3431 1208 3487 extre

86 3522 119 3585 in
133 3518 205 3584 Por.
215 3538 294 3597 see,
306 3518 415 3582 ooo.
430 3519 512 3598 1o‚7
529 3519 572 3584 ‘ll
587 3522 616 3583 il.
627 3518 711 3587 Non.
726 3517 804 3586 luns‘
814 3521 957 3585 ineotlem
974 3523 1094 3606 legitur,
1104 3543 1212 3607 quse·

87 3622 234 3699 librariis,
251 3643 317 3685 enni
334 3622 451 3707 ‘pridie'
467 3623 667 3700 inuenissent,
684 3623 803 3687 inoeetn
818 3644 887 3689 esse
902 3644 1088 3711 nequequam
1103 3624 1212 3708 probs*

85 3724 146 3789 bile
158 3725 287 3803 uidetur,
299 3725 440 3789 eteodem
449 3726 480 3789 in
488 3726 731 3810 inscriptionibus
740 3727 869 3792 inueniri
880 3726 1139 3793 docuitMorioios
1147 3738 1208 3792 neto

85 3828 157 3890 lrst.
170 3827 277 3890 Arunl.
295 3850 324 3911 p.
335 3825 388 3889 50.
413 3824 530 3892 Deinde
548 3829 660 3893 ‘soluit’
676 3850 750 3893 sone
766 3832 969 3894 necessarium
982 3841 1039 3907 est,
1053 3831 1119 3908 sed,
1129 3830 1212 3913 quot

88 3928 275 3993 boouerbum
290 3948 307 3992 o
322 3929 450 3992 librariis
465 3952 518 4014 pro
533 3933 748 3997 consuetudine
764 3935 910 4016 proximis
926 3932 1027 3996 uerbis
1041 3952 1212 3997 ceconomo-

88 4032 188 4096 dotum
197 4043 256 4111 est,
267 4054 315 4111 en,
326 4053 403 4116 quoe
411 4043 586 4116 sequnntur,
597 4055 693 4117 oeque
701 4037 878 4120 corrigenda
889 4056 984 4119 neque
994 4056 1066 4099 uero
1075 4036 1214 4102 eiciendo

89 4155 169 4212 esse,
186 4136 216 4201 io
232 4137 307 4220 quod
324 4135 403 4199 otto
417 4132 559 4201 Monntio
572 4136 743 4212 uidebatur,
754 4139 895 4203 euincere
911 4149 1022 4223 potest.
1046 4136 1213 4223 Sequentia

89 4237 246 4305 Victorius
266 4239 310 4305 ite
332 4238 475 4316 moenis,
500 4250 532 4302 ιιι
554 4239 702 4304 scriberet
717 4246 841 4305 ‘terrem
865 4240 965 4325 attigit
980 4237 1213 4317 Cerroniorosn'
