2692 4688
440 184 581 257 codidi-
597 185 645 257 111
665 184 761 257 GAP.
774 189 928 259 aa-m.
1234 192 1299 263 ³25

121 360 262 430 senous
288 381 392 425 omnes
407 381 502 426 annos
518 362 637 426 lucrant
650 382 855 450 summamque
869 364 1026 428 scientiam
1041 364 1087 429 rei
1102 365 1241 431 militaris

122 464 233 532 babere
248 463 513 528 existimabantur.
560 462 601 527 lli
616 467 830 530 consuetudine
851 466 951 551 populi
967 464 1095 531 Romani
1110 467 1176 532 loca
1191 466 1277 534 omli

122 587 205 654 pere,
222 578 323 632 castra
338 568 466 645 munire,
486 568 699 632 commeatibus
715 578 836 632 nostros
851 569 1053 633 intercludere
1067 570 1239 635 instituunt.

122 668 210 754 Quod
225 671 276 734 ubi
292 668 423 735 Crassus
445 670 676 749 animaduertit,
706 689 778 735 suae
793 672 894 756 copias
909 683 1031 756 propter
1045 671 1240 757 exiguitatem
1254 672 1276 738 7

82 786 101 839 t
124 794 185 839 non
200 773 290 836 lacile
304 772 413 852 diduci,
431 772 545 836 bostem
562 783 593 836 et
608 773 712 856 uagari
728 785 759 837 et
774 773 986 838 uiasobsidere
998 784 1029 837 et
1043 774 1151 838 castris
1166 774 1242 840 satis

120 875 263 963 praesidii
277 875 468 958 relinquere,
493 874 531 937 ob
553 896 619 940 eam
643 896 763 941 causam
779 877 876 942 minus
892 878 1046 943 commode
1059 878 1241 943 frumentum

121 987 376 1061 commeatumque
387 978 447 1040 'sibi
463 979 652 1061 supportari,
680 980 712 1042 in
727 980 790 1043 dies
806 980 936 1043 bostium
952 1000 1106 1045 numerum
1122 980 1240 1065 augeri,

120 1101 183 1146 aon
196 1081 395 1145 cunctandum
412 1081 618 1159 existimauit,
645 1082 716 1164 quin
732 1103 832 1167 pugna
847 1084 1027 1148 decertaret.
1073 1083 1139 1148 llae
1153 1104 1188 1148 re
1203 1082 1240 1146 ad
1254 1081 1277 1149 8

120 1183 279 1247 consilinm
294 1182 404 1261 delata,
421 1183 472 1247 ubi
488 1182 677 1247 omnesidem
687 1185 801 1249 sentire
816 1185 979 1259 intellexit,
996 1197 1148 1271 posterum
1164 1185 1242 1250 diem
1261 1186 1264 1193 '

63 1297 98 1352 to
119 1306 238 1372 pugnae
260 1285 427 1349 coustituit.
472 1283 574 1349 Prima
596 1285 662 1349 luce
684 1287 835 1371 productis
858 1289 993 1353 omnibus
1016 1287 1109 1372 copiis
1132 1287 1240 1372 duplici
1253 1286 1298 1359 24

121 1389 187 1453 acie
201 1389 351 1467 instituta,
368 1388 489 1452 auxiliis
504 1389 535 1451 in
551 1388 677 1452 mediam
690 1391 783 1454 aciem
793 1391 948 1468 coniectis,
966 1392 1035 1474 quid
1052 1391 1154 1454 bostes
1169 1410 1241 1455 con·
1263 1390 1267 1401 '

119 1492 179 1558 sitii
193 1502 348 1575 caperent,
366 1491 556 1575 expectabat.
589 1489 648 1570 llli,
668 1493 726 1557 etsi
742 1505 863 1579 propter
877 1493 1095 1558 multitudinem
1111 1504 1143 1556 et
1156 1493 1276 1558 necet

120 1615 183 1660 rem
206 1594 278 1659 belli
300 1595 425 1678 gloriam
450 1595 687 1682 paucitatemque
710 1608 880 1660 nostrorum
903 1616 937 1659 sc
959 1604 1025 1660 tuto
1048 1597 1240 1660 dimicaturos

121 1696 355 1774 existimabant,
380 1706 480 1760 tamen
501 1699 594 1762 tutius
617 1719 684 1762 esse
699 1698 924 1763 arbitrabantur
938 1698 1071 1761 obsessis
1086 1698 1144 1761 uiis
1159 1716 1240 1761 com·

66 1810 98 1864 tt
119 1808 219 1865 meatu
233 1798 399 1863 intercluso
421 1799 487 1863 sinc
509 1800 568 1864 ullo
592 1801 718 1865 uulnere
740 1800 868 1866 uictoria
891 1801 979 1886 potiri
997 1809 1045 1877 ct,
1070 1800 1097 1863 si
1119 1794 1275 1883 propterd

119 1902 248 1985 inopiam
265 1901 310 1965 rei
327 1902 540 1966 frumentariae
555 1901 684 1966 Romani
701 1924 770 1967 sese
785 1905 920 1988 recipere
935 1902 1123 1985 coepissent,
1147 1901 1241 1986 impc-

122 2004 202 2067 ditos
224 2003 255 2066 in
277 2003 394 2087 agmine
417 2014 448 2068 et
462 2005 517 2067 sub
533 2004 661 2067 sarcinis
683 2005 846 2068 infirmiore
869 2005 968 2068 animo
992 2005 1104 2068 adoriri
1127 2004 1241 2087 cogita·

123 2104 209 2168 baut.
251 2103 316 2169 Hoc
331 2106 457 2170 consilio
474 2107 598 2192 probato
613 2106 651 2168 ab
666 2106 788 2169 ducibus
803 2106 953 2189 productis
970 2105 1174 2170 Romanorum
1189 2126 1240 2169 co·
1255 2103 1277 2169 4

121 2207 179 2293 piis
201 2227 272 2272 sese
292 2208 399 2272 castris
424 2209 577 2272 tenebant.
624 2207 691 2273 llac
714 2228 749 2272 re
771 2219 927 2292 perspecta
944 2204 1074 2272 Crassus
1096 2227 1164 2270 cum
1186 2203 1276 2270 suab

64 2319 98 2376 2⁰
118 2309 312 2375 cunctatione
325 2322 415 2394 atque
430 2311 570 2395 opinione
594 2310 709 2375 timoris
733 2310 835 2375 hostes
852 2321 973 2375 nostros
990 2309 1098 2372 milites
1113 2308 1241 2371 alacrio-

120 2431 172 2476 res
187 2413 224 2476 ad
244 2412 436 2498 pugnandum
451 2413 643 2493 effecissent,
670 2422 760 2497 atquc
782 2411 912 2476 omnium
936 2433 1028 2477 uoces
1050 2410 1239 2490 audirentur,

120 2515 275 2600 expectari
290 2515 403 2580 diutius
419 2536 478 2580 non
495 2527 654 2600 oportere,
678 2516 751 2599 quin
766 2517 803 2580 ad
819 2526 918 2581 castra
935 2517 1049 2594 iretur,
1066 2515 1241 2579 cohortatus

118 2637 190 2682 snos
207 2618 345 2682 omnibus
360 2619 545 2703 cupientibus
567 2619 603 2681 ad
627 2618 754 2682 hostium
777 2630 877 2683 castra
893 2619 1058 2683 contendit.
1103 2615 1150 2682 lbi
1171 2637 1239 2680 cam
1252 2615 1296 2687 25

118 2720 172 2784 alii
187 2722 286 2785 fossas
301 2721 497 2806 conplerent‚
521 2721 573 2784 alii
595 2720 693 2784 multis
716 2721 783 2785 telis
806 2721 948 2785 coniectis
971 2721 1145 2784 defensores
1161 2719 1240 2783 uallo

66 2830 96 2885 2⁵
117 2823 389 2907 munitionibusque
404 2823 599 2908 depellerent,
615 2824 851 2907 auxiliaresque,
870 2824 977 2907 quibus
989 2821 1026 2885 ad
1043 2840 1241 2903 puguamnon

118 2926 242 2989 maltum
258 2922 391 2990 Crassus
414 2926 598 3003 confidebat,
623 2926 768 3011 lapidibus
792 2927 918 3008 telisque
933 2921 1195 2988 subministrandis
1210 2929 1242 2985 ct

118 3028 157 3093 td
172 3048 315 3113 aggerem
339 3029 499 3112 cespitibus
524 3029 735 3112 conportandis
751 3028 880 3111 speciem
896 3036 985 3108 atque
1002 3022 1175 3109 opinioncni
1186 3043 1241 3108 pu·

116 3133 273 3215 wantiam
289 3130 487 3217 praeberent,
512 3152 579 3195 curn
595 3131 666 3194 item
681 3130 717 3193 ab
735 3129 872 3193 hostibus
887 3137 1061 3191 constanter
1076 3146 1111 3188 ac
1126 3146 1187 3188 nou
1203 3124 1241 3190 ti·

116 3233 196 3300 mide
210 3245 419 3321 pugnaretur,
441 3234 560 3318 telaque
585 3253 626 3297 cx
651 3232 717 3296 loco
743 3231 898 3316 superiore
923 3231 1016 3295 musa
1042 3250 1103 3292 non
1130 3228 1241 3294 frustra

224 3414 479 3468 2csestlmabautur
491 3414 527 3464 tati
540 3426 649 3466 suanm
660 3413 768 3480 superb
782 3416 816 3465 u.
917 3414 933 3466 ³
946 3413 1071 3464 insistunt
1084 3411 1154 3477 tos.

116 3494 240 3548 ddcdncl
251 3495 309 3546 Au
318 3496 387 3560 ct),
404 3493 554 3563 ‘plerique’,
571 3509 661 3544 omnes
674 3492 838 3543 Scinetdari
845 3496 960 3559 practer
970 3505 1054 3540 unum
1067 3487 1122 3538 det.

115 3573 338 3638 bastoneoagerl
351 3575 386 3626 b.
490 3571 893 3638 dexestlnranttll,putanitb.
1007 3566 1126 3620 norell.

115 3650 149 3702 ed
163 3666 217 3702 soc.
231 3666 268 3701 m.
280 3668 342 3717 sup.
356 3666 429 3702 uere.
443 3651 477 3703 B.
584 3649 615 3702 lll
628 3650 724 3716 duplici
737 3650 812 3701 aciae
824 3652 859 3701 B.
965 3647 993 3699 ll
1010 3645 1138 3699 conlectis
1152 3644 1175 3697 C
1184 3643 1237 3709 cd,

114 3727 236 3781 collectis
248 3728 427 3796 Anonos.
534 3729 780 3794 llexpcctabatli.
870 3734 897 3778 et
909 3734 1027 3779 ueterum
1043 3726 1080 3790 0,
1096 3732 1123 3775 et
1134 3731 1241 3792 propter

113 3812 232 3858 ueterem
246 3806 271 3857 b.
379 3807 411 3858 13
424 3813 479 3857 toto
490 3811 519 3857 et
531 3806 562 3858 tt
578 3807 657 3857 totins
670 3823 705 3857 m.
717 3823 763 3872 pr.
777 3808 810 3855 B.
900 3804 931 3856 15
945 3804 998 3854 alto
1011 3817 1064 3854 cm.
1080 3800 1129 3867 bs.

114 3885 148 3939 ΙῚ
159 3885 303 3938 infirmiore
316 3884 341 3936 A
347 3884 403 3936 ΒΕ
417 3884 543 3951 ‘prturtmi
553 3884 808 3950 uetusttsra'mr'quc'3
822 3881 949 3934 inferiore
962 3880 1061 3946 bede,
1083 3879 1239 3947 inferioris.
1283 3926 1289 3933 .

224 3963 259 4016 20
272 3970 350 4030 atquc
363 3964 454 4031 cm.s.
561 3963 697 4031 oppinlonc
709 3967 744 4016 A.
866 3962 969 4014 timoris
982 3961 1140 4026 Stephanus
1146 3999 1154 4025 ,
1171 3958 1237 4011 timi·

112 4039 202 4092 &ores
214 4041 294 4093 codd.
307 4042 337 4093 Ρ.
352 4042 395 4093 ⁷2.
515 4042 547 4096 21
562 4042 594 4092 ad
609 4043 756 4110 pugnatus.
895 4041 1045 4094 effecissent
1055 4044 1081 4093 A
1089 4040 1112 4091 B
1125 4039 1185 4104 (sed
1195 4038 1239 4087 blo

114 4117 180 4184 est>
194 4116 301 4184 θΜς
314 4118 488 4184 edecimata,
504 4117 649 4187 leoisscts.
759 4120 795 4174 22
807 4119 941 4185 expectari
953 4121 986 4169 u.
1074 4116 1107 4170 23
1123 4115 1167 4167 abi
1179 4127 1238 4164 cun

116 4192 203 4246 tosus
217 4194 268 4261 bs.
370 4197 407 4249 at
419 4195 572 4264 complerent
583 4195 617 4247 B.
739 4195 773 4251 26
787 4194 967 4263 lapidibusque
980 4201 1007 4244 et
1019 4192 1079 4244 telis
1095 4191 1126 4241 C.

112 4270 148 4325 27
160 4272 346 4339 conportandis
359 4272 391 4324 B.
