2684 4694
467 191 613 263 WV'P
633 192 798 270 40:244,
1182 193 1246 265 eet

68 366 245 449 plantisque
264 365 380 429 turritis
401 364 586 451 interpositis
609 363 810 446 aemulisque,
834 363 987 449 suppetias
1004 366 1049 431 iro
1064 378 1188 433 eonten-

69 468 120 532 ἂι
152 464 240 548 Quod
255 466 304 530 ulti
321 462 438 531 Caesar
452 465 675 544 animaduertit,
692 465 855 535 arbitratus,
864 460 1037 549 Scipionem
1050 468 1087 533 ad
1103 470 1187 535 dimi·
1202 469 1223 535 3

68 569 195 633 eundum
218 578 351 652 paratum
372 568 409 632 ud
429 588 465 632 se
483 578 567 633 nerto
581 567 681 633 animo
697 565 803 631 uenire
818 565 848 630 in
864 585 901 631 oo
915 566 1002 644 loco,
1027 586 1083 648 quo
1099 572 1186 652 paulo

67 682 137 735 unte
153 670 394 746 commemoraui,
415 680 485 733 ante
501 669 637 752 oppidum
653 668 788 733 eonstitit
804 712 917 732 ......
935 688 1078 751 suamque
1092 669 1186 737 aulem

31 783 46 832 tt
68 772 196 836 mediam
217 792 254 835 eo
275 770 381 855 oppido
403 771 499 846 texitp
524 771 663 835 dextrum
686 770 899 851 sinistrumque
921 790 1035 847 cornu,
1060 769 1110 835 nti
1124 771 1186 838 ele·

65 874 166 957 planti
183 883 284 949 oront,
300 874 331 935 in
348 883 509 955 conspeetu
525 873 636 954 patenti
652 871 892 937 aduersariorum
909 870 1074 936 constituit.
1106 868 1184 939 Cum
1199 873 1243 944 42

64 975 124 1038 iarn
148 993 238 1058 prope
260 974 333 1038 solis
355 994 493 1037 oceasum
510 970 627 1040 Caesar
646 973 869 1058 expeotuuisset
883 990 981 1054 neque
995 992 1087 1037 exeo
1102 974 1183 1052 loeo,

64 1097 125 1158 quo
145 1076 342 1152 constiterat,
368 1073 539 1158 Scipionem
562 1075 702 1159 progredi
725 1074 846 1158 propius
868 1092 902 1138 ee
924 1074 1185 1141 animaduertisset

64 1179 189 1259 locoque
204 1197 238 1239 se
254 1176 348 1259 magis
359 1177 532 1255 defendere,
550 1178 577 1243 si
592 1197 643 1241 ree
660 1176 822 1260 ootigieset,
839 1196 924 1258 quem
940 1176 972 1239 in
984 1196 1087 1260 eampo
1103 1197 1183 1241 eom·

7 1288 40 1341 to
63 1279 160 1342 minus
176 1277 342 1343 consistere
358 1279 487 1352 audere,
512 1300 571 1342 non
594 1289 641 1343 est
660 1278 730 1342 uiso
742 1277 823 1343 ratio
838 1277 958 1360 propius
973 1279 1131 1341 secedendi
1146 1279 1217 1345 eo2

63 1380 333 1463 desumptum,
358 1380 497 1462 quoniam
520 1381 560 1444 ibi
576 1379 755 1464 praesidium
771 1377 884 1460 grande
899 1376 1099 1442 Numidarum
1115 1399 1183 1449 osse

62 1493 248 1565 eognouerat
269 1483 429 1564 hostesque
452 1483 577 1546 mediam
601 1482 695 1545 aoiem
717 1498 800 1543 suam
824 1479 931 1563 oppido
948 1479 1063 1545 teruisse
1078 1490 1108 1547 et
1123 1479 1216 1546 sibi3

61 1584 178 1649 diffinito
199 1585 279 1648 laetu
302 1604 370 1648 esse
390 1583 542 1648 intellexit
564 1583 651 1647 simul
667 1592 700 1646 et
715 1582 850 1665 oppidum
866 1602 925 1645 uno
942 1591 1075 1664 ternpore
1090 1600 1181 1666 oppu-

61 1706 154 1768 gnare
173 1697 205 1749 et
225 1687 257 1751 in
277 1687 343 1751 soie
356 1686 388 1749 in
403 1705 497 1749 eornu
512 1685 620 1748 dextro
636 1706 673 1748 ae
687 1684 812 1749 sinistro
827 1703 866 1746 ex
882 1681 1029 1765 iniquiore
1045 1683 1112 1746 loeo
1127 1706 1180 1768 pu·

7 1797 37 1850 tt
59 1807 165 1870 gnare,
185 1787 362 1870 praesertim
378 1807 443 1849 eom
460 1785 568 1850 milites
583 1806 602 1847 a
616 1806 704 1852 mene
719 1785 777 1849 diei
792 1784 885 1849 ieiuni
900 1784 957 1848 sub
973 1784 1062 1849 armis
1077 1785 1181 1851 stetis-

58 1899 128 1953 nont
143 1887 339 1970 {defatigati}
380 1883 484 1968 ltaque
498 1886 630 1950 reductis
644 1887 708 1950 suis
723 1886 816 1971 oopiis
831 1886 863 1949 iu
879 1895 979 1949 eastra
992 1896 1114 1968 postero
1130 1887 1214 1953 diod

58 1987 179 2072 propios
202 2007 305 2051 eorum
325 1985 419 2052 uoiom
441 1987 572 2051 instituit
595 1988 793 2071 exporrigere
813 1987 1004 2051 munitiones.
1050 1984 1173 2057 luterim
1188 1989 1233 2059 43

60 2085 244 2165 Considius,
268 2087 318 2169 qui
332 2086 460 2151 Aoillanr
544 2099 574 2152 et
587 2097 646 2150 Vttt
661 2087 833 2151 ooluortibus
849 2088 1053 2171 stipendiariis
1068 2088 1178 2156 Numi-

58 2191 104 2256 dis
119 2188 314 2271 Gaetulisque
336 2188 511 2266 obsidebat,
533 2189 582 2252 ubi
598 2186 636 2255 C.
652 2186 789 2253 Messius
804 2189 882 2271 [qui]
898 2189 1070 2255 cohortibus
1091 2212 1178 2273 prae·

5 2302 35 2357 tu
57 2304 141 2370 erut,
166 2291 217 2355 diu
238 2289 423 2373 multumque
437 2301 580 2373 expertus
597 2290 771 2373 magnisque
786 2288 927 2372 operibus
943 2309 1033 2371 saepe
1047 2291 1176 2356 admotis

58 2404 90 2458 et
104 2393 150 2456 lrio
165 2393 201 2456 ab
217 2392 371 2476 oppidanis
386 2391 521 2459 inoeusis
535 2412 602 2457 oum
618 2391 777 2476 proficeret
790 2390 883 2466 nihil,
903 2390 1004 2457 subito
1018 2393 1124 2457 nuntio
1140 2393 1177 2458 de

56 2495 191 2578 equestri
214 2492 327 2577 proelio
352 2493 441 2559 alleto
464 2505 628 2559 eommotus
651 2495 819 2570 frumento,
843 2492 928 2556 onius
949 2492 981 2555 in
1001 2493 1111 2558 eastris
1126 2515 1176 2558 oo·

56 2597 134 2680 pioni
157 2596 321 2673 habuerat,
344 2596 489 2672 insenso,
513 2595 603 2674 adno,
626 2595 693 2660 oleo
717 2594 886 2676 ueterisque
907 2593 1016 2671 rebus,
1038 2616 1117 2678 quae
1137 2597 1177 2662 ed

54 2699 166 2763 nictum
182 2695 280 2781 pareri
295 2695 409 2783 solent,
424 2682 572 2780 eorruptis
587 2696 727 2772 tettan,
751 2714 838 2777 quom
855 2694 1020 2774 obsidebat,
1043 2697 1176 2763 deseruit

5 2812 32 2864 tu
54 2809 141 2882 atque
156 2800 265 2864 itinere
280 2819 333 2882 per
347 2820 474 2884 regnum
488 2795 582 2864 Iubae
597 2798 677 2865 tuoto
693 2796 793 2879 oopian
809 2816 875 2864 oum
890 2793 1032 2879 Scipione
1048 2798 1175 2881 partitus

56 2901 252 2966 Adrumetum
267 2922 302 2965 se
316 2901 442 2985 reecpit.

137 3004 255 3067 luteres
269 3003 449 3067 exsecando
460 3013 638 3081 nonnemo,
648 3021 735 3086 quem
749 2996 884 3067 &Sicilie
897 2999 1168 3081 mlmtldliettum
1185 3001 1231 3072 44

56 3105 142 3170 nouis
155 3124 228 3182 uno,
245 3104 344 3186 inqua
360 3101 506 3187 inermi).
518 3101 675 3171 Cominius
684 3099 764 3168 etlo.
774 3100 894 3179 Ticida,
904 3122 995 3185 eques
1003 3099 1171 3182 Romanus,

162 3307 332 3374 liopooitisd.
349 3322 375 3357 ¹.
438 3308 618 3360 deertomdo.
723 3307 871 3360 lloouoom
885 3310 1053 3371 monetam.
1069 3308 1170 3363 Pete.

59 3392 63 3399 ·
159 3383 395 3449 ddestromqueo.
500 3398 639 3441 cornone.
708 3383 922 3449 ¹dpueiootlo·
1029 3383 1172 3450 loxpoeto·

51 3460 137 3511 uisset
150 3473 177 3509 a.
279 3462 338 3513 See
350 3475 403 3511 om.
419 3461 443 3511 d.
556 3459 611 3511 lise
622 3457 705 3522 mis
716 3457 758 3524 (o)
772 3458 831 3509 edd.
844 3463 909 3510 eruto
923 3457 1033 3523 Graem,
1046 3458 1128 3526 mugio
1141 3476 1171 3513 se

53 3536 151 3590 Groeu.
166 3541 192 3588 ot
204 3541 263 3586 rino
276 3540 453 3588 annotatione
466 3552 493 3585 n.
624 3536 740 3587 eonium
753 3533 803 3599 (a).
943 3536 975 3588 tu
986 3536 1096 3588 auderet
1108 3541 1172 3589 erote

51 3629 123 3668 eorr.
136 3629 164 3665 a.
270 3614 408 3666 detexisse
421 3621 447 3664 et
460 3613 509 3663 sihi
522 3627 582 3678 ogo,
591 3611 721 3665 texissent
732 3610 782 3663 sibi
794 3626 811 3661 o
826 3612 840 3662 1
853 3629 884 3678 e,-
898 3614 996 3665 texisse
1009 3614 1110 3680 siblqno
1122 3615 1172 3665 At-

52 3695 103 3747 tius
115 3709 143 3744 a.
263 3692 294 3745 13
308 3691 404 3743 loetum
416 3706 433 3740 a
447 3692 461 3740 d
475 3707 497 3743 o.
611 3691 642 3742 ld
656 3688 816 3757 [defetigati]
829 3691 861 3740 Ρ.
876 3690 937 3747 213.
1048 3692 1104 3743 suis
1117 3695 1169 3743 int.

50 3785 122 3822 uere.
137 3771 162 3820 d.
299 3770 331 3821 18
344 3775 371 3820 et
383 3769 495 3837 reliqui,
509 3783 562 3820 om.
575 3769 593 3824 2
604 3768 672 3821 dett.
687 3786 715 3821 u.
728 3768 868 3819 Lacunam
881 3783 930 3833 ego
941 3772 1048 3820 notaui.
1061 3768 1094 3820 Ρ.
1107 3769 1169 3824 213.

157 3860 214 3898 vitu
226 3862 252 3909 o,
267 3861 294 3897 m
308 3846 323 3896 d
335 3861 359 3896 o.
463 3844 614 3897 ootortttos
628 3846 806 3912 stipendiariis
818 3848 835 3898 2
846 3845 925 3908 dote,
940 3846 1061 3896 cohortes
1072 3845 1169 3914 stipen-

50 3924 149 3979 diarios
161 3924 273 3988 reliqui.
397 3924 429 3976 ld
442 3924 486 3989 qui
497 3939 515 3974 o
528 3925 543 3975 d
555 3941 571 3975 e
581 3923 600 3974 d
611 3924 627 3977 3
639 3924 718 3990 dote,
730 3941 785 3977 om.
799 3924 897 3975 Aldus.
1019 3927 1052 3981 20
1064 3941 1128 3994 sepe
1139 3942 1167 3979 a.

157 4000 187 4055 21
203 4000 244 4052 ltls
257 4016 273 4052 o
287 4000 347 4052 edd.
361 4006 425 4052 onte
437 4001 512 4065 Aut,
527 4001 559 4052 iis
571 4000 658 4053 Aldus
670 4016 697 4050 u.
803 3999 973 4066 proficeretur
986 4018 1008 4066 c,
1020 4003 1169 4070 prodoieee-

51 4088 126 4133 retur
137 4097 163 4132 a.
268 4080 301 4132 et
314 4081 445 4146 correptis
457 4095 550 4131 erroro
562 4095 589 4130 te.
692 4079 726 4136 26
738 4077 897 4130 Adrimetum
910 4096 936 4130 e.
1040 4083 1073 4138 27
1083 4083 1116 4135 nd
1128 4080 1169 4133 Si·

50 4156 177 4209 oillemd.
292 4157 612 4222 dlienmmdlliunusut.
727 4153 941 4211 euconniiust.
1053 4158 1167 4223 Tirida,

51 4231 143 4285 Tioide
158 4235 180 4284 1,
288 4250 329 4301 oq.
344 4233 390 4286 llo.
406 4251 432 4284 o.
