2684 4694
510 201 830 269 -ttt—

105 372 215 438 ordine
234 369 415 457 ptooedant,
439 391 536 456 nequo
558 373 716 458 quicquan
736 375 924 440 interiectum
938 376 996 456 sit,
1012 378 1090 462 qnod
1105 378 1228 443 turbare

104 486 221 559 posset.
257 470 345 556 Quod
368 485 467 538 autem
483 474 613 542 Vossius
635 497 689 560 pro
712 478 900 562 contegendo
924 481 1092 562 ponendum
1108 481 1230 566 potabat

106 575 265 661 ‘collegit’,
281 576 402 659 probari
418 579 531 661 nequit,
549 600 616 643 cum
631 579 742 644 milites
754 601 814 643 non
830 578 1079 664 dispersiessent,
1095 584 1147 647 aed
1157 603 1230 648 eon-

104 680 212 744 inncti.
252 673 430 743 ‘Coniecit'
459 681 650 745 scribendum
677 702 745 746 csse
775 678 884 746 Morus
913 682 1005 746 uiditr
1037 684 1089 748 sed
1113 686 1230 770 reliqua

104 789 253 866 temptare
267 802 329 845 non
343 781 480 845 debebat.
515 781 611 847 Tecto
631 783 709 847 enim
731 783 877 848 coniectis
897 783 1039 848 celeriter
1056 787 1229 852 stramentio

106 882 306 949 tentoriorum
342 884 569 968 integendorum
605 886 702 972 gaba
739 887 927 950 inaedificata
966 897 1050 950 recte
1076 887 1228 966 dicuntur,

103 1005 284 1073 quamquam
299 987 388 1070 paulo
404 987 622 1072 neglegentius.
647 987 799 1053 decorate
813 989 856 1052 ita
870 988 1025 1053 dicendum
1041 999 1126 1068 erat,
1150 1000 1231 1054 tecta

102 1088 292 1152 inaedificata
307 1108 375 1153 esse
390 1090 528 1153 tentoriis
544 1089 648 1172 positis
664 1110 759 1173 eoque
773 1091 947 1154 stramentis
970 1091 1127 1155 coniectis.
1168 1087 1231 1156 Sed

105 1188 235 1269 Hirtius,
251 1201 492 1256 eumstramenta
507 1192 643 1257 coniecta
659 1211 728 1256 csse
742 1192 883 1270 dixisset,
900 1203 934 1256 ut
948 1193 1076 1257 teutona
1091 1203 1232 1277 tegeren-

104 1304 173 1372 tur,
199 1294 330 1357 tentoria
345 1303 436 1358 antea
450 1294 548 1378 posita
563 1313 630 1357 esse
646 1304 678 1358 et
690 1294 721 1358 in
738 1314 775 1358 ca
789 1303 954 1358 stramenta
973 1294 1127 1374 coniecta,
1151 1296 1229 1378 quod
1334 1336 1338 1343 ·

104 1414 160 1480 per
173 1416 208 1460 se
222 1396 461 1481 intellegebatur,
480 1396 597 1480 planius
611 1398 767 1462 declarare
782 1396 963 1480 supersedit.

192 1494 294 1563 Verba
310 1519 338 1561 c.
354 1495 388 1576 9,
406 1496 426 1561 3
440 1498 472 1562 in
486 1495 559 1562 Par.
576 1520 638 1583 pm,
656 1499 693 1563 dc
707 1520 766 1581 quo
782 1499 896 1563 errauit
910 1496 1117 1578 Acbaintrius,
1135 1512 1167 1566 et
1180 1520 1229 1567 ro-

103 1600 193 1687 liquis
207 1600 335 1684 integris
351 1600 452 1679 codd,
469 1612 526 1665 uta
536 1600 701 1665 minoribus
716 1600 891 1685 quibusdam
908 1601 1117 1685 discrepantiis
1132 1603 1229 1669 disoe-

103 1704 228 1783 danus,
252 1704 295 1767 ita
316 1704 427 1788 scripta
451 1715 539 1767 sunt:
567 1701 676 1769 ‘llaec’
700 1707 817 1786 (castra
838 1704 910 1769 dicit
932 1703 1066 1787 Hirtius)
1088 1705 1229 1788 ‘imperat

101 1805 183 1870 nollo
198 1806 304 1890 pedum
319 1805 473 1869 duodecim
488 1807 617 1883 muniri,
639 1804 792 1871 loriculam
809 1826 862 1890 pro
878 1805 934 1870 ltao
947 1806 1065 1871 ratione
1081 1805 1146 1872 eins
1161 1809 1230 1872 attt-

100 1907 216 1973 tndinis
230 1906 434 1984 inaedificari,
457 1909 569 1972 lassam
584 1908 729 1992 duplicem
745 1908 849 1993 pedum
866 1909 972 1973 denum
989 1909 1111 1993 quinum
1127 1910 1230 1974 lateri·
1253 1940 1254 1943 ¹

99 2010 160 2075 bns
176 2007 301 2091 deprimi
317 2008 457 2085 directis,
480 2020 579 2073 turres
603 2009 732 2073 excitari
747 2008 870 2073 crebras
890 2010 922 2072 in
937 2011 1122 2075 altitudinem
1138 2014 1228 2076 trium

100 2111 325 2187 tabulatorum,
352 2110 491 2192 pontibus
511 2111 646 2175 traiectis
670 2109 891 2192 constratisque
911 2112 1071 2196 coniungi,
1103 2134 1228 2196 quornm

101 2216 220 2279 frontes
239 2211 370 2275 uiminea
393 2210 517 2276 loricula
534 2212 739 2276 munirentur:
756 2221 790 2274 nt
804 2210 840 2275 ab
858 2211 993 2277 hostibus
1009 2213 1117 2299 duplici
1132 2217 1225 2296 lousa,

101 2314 212 2400 duplici
228 2323 482 2398 propugnatorum
499 2315 603 2379 ordine
619 2314 862 2391 defenderentur,
873 2335 998 2396 quorum
1013 2315 1092 2379 alter
1105 2336 1145 2381 ex
1156 2338 1228 2402 pon·

103 2418 202 2492 tbus,
219 2436 277 2499 quo
293 2415 387 2479 tutior
400 2416 558 2481 altitudine
573 2427 667 2496 esset,
687 2417 743 2480 boo
757 2415 899 2480 audacius
914 2417 1093 2503 longiusque
1107 2420 1229 2503 permit·

102 2530 184 2585 teret
198 2521 271 2596 tela,
288 2519 375 2597 alter,
401 2519 453 2601 qui
468 2521 588 2603 propior
603 2519 718 2583 bostem
733 2519 764 2583 in
779 2519 845 2603 ipso
860 2519 939 2585 uallo
952 2519 1115 2586 collocatus
1132 2533 1225 2602 esset,

101 2633 194 2708 ponte
209 2621 246 2683 ab
261 2620 460 2685 incidentibus
475 2622 544 2686 telis
560 2621 736 2707 tegeretur’.
779 2617 839 2686 Pro
862 2621 962 2687 uerbis
984 2623 1042 2688 illis
1062 2625 1228 2690 ‘loriculam

102 2746 158 2812 pro
180 2725 235 2789 bac
258 2723 376 2788 ratione
397 2723 462 2787 eins
485 2724 648 2788 altitudinis
663 2723 858 2788 inaedificari'
873 2713 911 2787 'in
934 2724 1123 2809 interpolatis
1139 2723 1225 2792 codd.

102 2828 178 2892 baec
194 2835 308 2892 tantum
324 2826 482 2911 leguntur:
503 2826 637 2890 ‘coronis
652 2824 862 2911 inactiumri‘,
877 2824 963 2891 llaec
977 2827 1046 2891 iude
1061 2839 1127 2890 orta
1143 2840 1225 2906 sunt,

102 2930 182 3013 qnod
198 2928 342 3011 magister
355 2927 387 2991 in
402 2928 537 3014 mergae
551 2929 587 2992 ad
603 2928 657 2991 illa
670 2929 764 2992 uerba
778 2936 979 2992 annotaoerat
995 2927 1152 3006 ‘coronis’,
1169 2950 1227 3012 qoo

102 3032 287 3118 signiticaret
309 3030 463 3093 loriculam
493 3049 626 3094 summae
653 3029 725 3093 ualli
753 3030 981 3114 praecincturas
1010 3028 1226 3096 inaedificatam

102 3152 182 3197 essa
223 3128 407 3215 Quamquam
423 3151 518 3214 neque
534 3130 731 3194 multitudinis
746 3150 872 3194 numero
887 3128 929 3192 uti
946 3128 1072 3194 debebat
1087 3152 1182 3215 neque
1197 3135 1229 3199 in

102 3245 224 3299 terreno
239 3235 318 3299 uallo
334 3236 370 3298 de
386 3253 497 3298 corona
514 3235 666 3318 cogitares
683 3232 761 3295 muri
771 3230 879 3317 lapidei
892 3252 1003 3297 corono
1015 3253 1229 3302 commemora·

103 3348 155 3402 tur
175 3338 254 3422 apud
277 3333 365 3401 Curt.
382 3332 442 3415 IX,
459 3336 491 3413 4,
509 3334 563 3414 30,
587 3335 734 3419 parietum
759 3355 889 3400 coronae
912 3354 1002 3419 saepe
1025 3339 1102 3418 apud
1122 3337 1227 3404 Vitru-

101 3441 196 3504 uinm.
220 3435 281 3504 Sed
296 3439 435 3504 librarius
451 3438 527 3503 banc
542 3457 630 3501 unam
646 3458 749 3502 uocem
766 3459 820 3522 pro
836 3438 971 3502 omnibns
984 3439 1044 3504 illis
1062 3440 1228 3504 ‘loriculam
1251 3462 1252 3466 ¹
1320 3474 1336 3485 ·

103 3565 157 3628 pro
179 3542 234 3606 boo
256 3544 373 3607 ratione
395 3543 461 3606 eius
483 3540 660 3605 altitudinis’
686 3541 851 3624 ponendam
873 3541 1072 3606 existimauit.
1114 3540 1228 3607 Verum

102 3646 178 3711 baec
194 3646 299 3724 uerba,
316 3645 557 3728 quemadmodum
573 3644 604 3709 in
620 3643 739 3728 optimis
754 3644 839 3708 codd.
853 3643 1006 3728 leguntur,
1022 3655 1106 3708 recte
1118 3645 1228 3711 babere

104 3770 164 3813 non
180 3758 318 3833 possunt.
341 3746 449 3830 Neque
464 3749 543 3811 onim
559 3747 653 3811 lorica
667 3747 757 3810 ullam
769 3755 888 3830 poterat
901 3746 1049 3811 rationem
1065 3746 1176 3810 babere
1190 3746 1229 3810 ad

103 3851 289 3916 altitudinem
310 3850 401 3926 ualli,
422 3858 474 3927 ut,
497 3870 556 3932 quo
570 3848 626 3912 boe
642 3858 725 3911 esset
736 3848 846 3924 altius,
871 3868 907 3912 eo
929 3849 994 3932 ipsa
1009 3868 1124 3932 quoquc
1138 3849 1228 3913 altior

103 3954 357 4018 inaedificaretur.
380 3948 461 4014 Nem
478 3971 543 4014 cum
559 3951 596 4013 ad
612 3968 665 4013 eos
681 3949 880 4014 ostendentes
895 3946 1113 4028 institueretur,
1129 3952 1227 4033 quiin

103 4057 184 4121 uallo
208 4055 346 4132 stabam,
364 4051 467 4116 militis
490 4050 638 4116 altitudini
660 4052 878 4116 accommodari
900 4052 1044 4128 debebat,
1069 4064 1103 4115 ut
1117 4065 1148 4115 et
1161 4054 1227 4136 ipsc

104 4170 259 4242 tegeretur
291 4169 322 4222 ct
352 4157 412 4219 tela
438 4155 565 4240 desuper
592 4155 692 4218 iacere
721 4164 753 4217 ct
781 4174 913 4239 pugnare
938 4154 1090 4218 commode
1111 4162 1225 4237 posset.

104 4257 205 4324 Multo
220 4261 317 4325 minus
333 4259 451 4324 Hirtius
466 4280 520 4345 pro
537 4257 593 4321 ltac
607 4255 724 4321 ratione
738 4254 902 4321 altitudinis
918 4256 989 4321 ualli
1004 4255 1127 4321 loricam
1143 4255 1228 4317 inae-

132 4360 226 4418 cactar,
241 4360 276 4406 ed.
292 4360 400 4420 Nipperd.
998 4356 1019 4418 8
