2692 4688
512 165 833 235 ..240-

107 343 197 429 legati
220 343 258 407 ad
280 341 416 426 oppidum
437 340 611 419 uenissent,
644 340 726 405 solos
741 338 955 405 Vrsaoneuses
975 356 1067 403 ausos
1089 341 1232 407 introire.

107 443 246 528 Quicum
261 445 408 510 mandatis
424 445 553 528 peractis
568 438 832 515 adCaesarianos,
850 441 898 524 qui
914 451 984 505 aute
1000 442 1136 526 oppidum
1148 464 1235 508 mau-

107 559 228 622 seraut,
245 547 390 620 redirent,
407 547 568 630 oppidanos
585 545 732 630 praesidio
747 545 902 609 insecutos
918 544 1035 626 legatos
1049 545 1233 611 trucidasse.

106 648 224 715 Deinde
239 649 313 714 haee
328 651 469 732 leguntur
483 650 512 732 ξ.
530 648 569 711 3:
596 645 677 711 ‘Duo
693 646 801 730 reliqui
817 666 856 711 ex
873 647 918 710 eis
936 647 1087 728 fugeruut,
1103 642 1235 714 Caesari

106 773 170 816 rem
185 762 299 836 gestam
315 752 486 815 detulerunt
501 761 532 814 et
545 751 749 833 speculatores
765 750 802 813 ad
818 749 957 833 oppidum
970 748 1121 832 Ateguam
1142 750 1236 816 mise-

106 865 187 919 runt.
228 851 288 936 Qui
310 875 376 918 cum
399 864 515 918 certum
530 852 749 936 comperissent
763 851 929 935 legatorum
944 871 1090 933 responsa
1103 852 1148 917 ita
1165 873 1236 919 esse

106 967 212 1041 gesta,
229 955 472 1040 quemadmodum
487 954 530 1018 illi
546 954 741 1032 retulissent,
765 955 802 1017 ab
818 953 973 1039 oppidanis
988 974 1139 1017 concursu
1154 955 1235 1020 laeto

108 1078 189 1133 eum,
206 1058 255 1142 qui
270 1059 385 1143 legatos
401 1057 582 1142 iugulasset,
600 1056 733 1141 lapidare
748 1056 823 1121 etei
838 1076 944 1120 manus
959 1056 1111 1121 intentare
1124 1076 1236 1141 coepe·

108 1160 200 1222 ruut'.
226 1157 342 1223 Verum
358 1171 494 1245 apertum
507 1169 554 1222 est
569 1179 629 1222 non
645 1160 719 1222 duos
734 1159 802 1222 illos
811 1159 927 1241 legatos
935 1158 1141 1240 speculatores
1156 1160 1235 1223 Ate·

106 1280 194 1346 guam
211 1261 329 1326 misisse
351 1264 425 1346 (quo
447 1261 516 1344 quid
532 1260 658 1344 cogitari
673 1261 803 1345 ineptius
818 1259 972 1342 potestl),
989 1259 1042 1322 sed
1056 1257 1234 1325 Vrsaonen·

108 1383 179 1441 scs,
201 1373 235 1426 ut
257 1374 369 1427 eertum
393 1362 613 1446 comperirent,
636 1382 707 1426 num
721 1361 842 1446 Ategua
857 1382 875 1423 a
891 1357 1024 1424 Caesare
1039 1370 1124 1445 caph
1137 1370 1233 1425 aset-

106 1461 213 1551 ltaque
228 1475 296 1548 post
310 1465 433 1528 uerbum
451 1462 645 1527 ‘detulerunt’
661 1465 804 1546 quaedam
821 1462 972 1527 excidisse
980 1463 1142 1526 notandum
1150 1472 1232 1527 erat.

108 1562 252 1630 Ceterum
268 1565 360 1630 uerba
376 1566 554 1648 ‘legatorum
570 1565 723 1648 responsa'
736 1561 873 1647 Scaliger
888 1565 1023 1629 eiciendo
1036 1562 1232 1647 significauit,

107 1668 205 1750 quod,
230 1667 302 1731 siin
323 1668 383 1731 alio
405 1666 553 1750 scriptore
574 1686 783 1744 uersaremnr,
805 1667 871 1730 siue
887 1665 948 1729 ulla
962 1665 1148 1730 dubitatione
1161 1684 1235 1751 pto·

107 1769 221 1834 barem.
254 1767 315 1835 Sed
337 1770 404 1835 aliis
419 1769 494 1833 locis
509 1790 568 1834 non
584 1771 679 1854 magis
695 1769 814 1857 proprie
830 1768 918 1831 huius
933 1768 1001 1832 libri
1016 1776 1173 1832 ancwrenn
1186 1767 1235 1833 lo·

107 1881 207 1935 cutum
223 1892 291 1936 esse
305 1895 339 1957 pr
353 1871 396 1936 26
411 1872 540 1936 ostendi.

193 1969 231 2037 C.
249 1973 302 2052 24,
319 1974 602 2058 sunaneganum
628 1973 807 2061 ‘Pompeius
827 1995 893 2038 cum
914 1971 1167 2036 animaduerteret
1182 1990 1234 2037 ea·

107 2075 194 2138 stello
216 2096 250 2139 se
272 2076 390 2140 excludi
408 2077 559 2162 Aspauia,
584 2078 661 2161 quod
683 2088 730 2142 est
752 2077 789 2141 ab
804 2075 903 2141 Voubi
926 2074 1008 2138 milia
1029 2093 1172 2156 passuum
1188 2070 1231 2152 V,

107 2176 181 2241 baec
197 2198 247 2242 res
263 2180 433 2243 necessario
449 2179 624 2257 deuocubat,
643 2189 676 2242 ut
690 2180 725 2243 ad
742 2179 938 2243 dimicandum
951 2177 1160 2253 descenderet,
1178 2194 1235 2241 ue·

106 2298 164 2361 qne
178 2290 277 2345 tamen
294 2301 389 2366 aequo
407 2281 473 2347 loco
488 2282 534 2346 sni
550 2291 726 2364 potestatem
743 2280 888 2357 faciebat,
912 2279 966 2343 sed
989 2298 1032 2342 ex
1052 2297 1160 2360 pruno
1174 2296 1235 2341 ex·

105 2380 219 2444 celsum
243 2383 384 2446 tumulum
409 2384 559 2467 capiebat,
586 2403 681 2465 usque
697 2403 745 2459 eo,
763 2394 796 2446 ut
810 2383 982 2446 necessario
997 2390 1160 2465 cogeretur
1171 2377 1233 2442 ini·

106 2502 197 2562 quum
212 2480 309 2545 locum
325 2483 448 2546 subire'.
475 2481 588 2549 Verum
604 2483 728 2567 primurn
741 2506 789 2559 eo,
806 2484 882 2569 quod
898 2481 1060 2566 Pompeius
1075 2479 1231 2544 excelsum

105 2581 249 2643 tumulum
265 2583 419 2666 capiebat,
438 2584 519 2647 nullo
534 2586 621 2648 ruodo
636 2587 711 2648 ellici
727 2596 854 2669 poterat,
872 2597 905 2648 ut
919 2586 983 2668 ipse
998 2594 1158 2666 cogeretur
1169 2581 1230 2645 ini·

105 2703 194 2766 qnum
210 2683 307 2747 locum
322 2685 444 2764 subire,
468 2707 553 2769 quani
569 2687 685 2750 remiis
701 2698 876 2751 euenturum
896 2687 988 2751 luisse
1010 2693 1154 2769 apparet,
1177 2683 1232 2767 qui

104 2780 277 2870 Pompeium
296 2788 436 2851 tumulum
452 2788 534 2851 illum
546 2788 728 2851 obtinentem
737 2790 984 2873 aggrederentur.
1006 2785 1135 2863 Deinde,
1151 2804 1232 2869 qnae

104 2888 205 2950 statim
220 2887 406 2952 adiciuntur:
430 2886 512 2971 ‘Quo
530 2889 566 2953 de
583 2890 660 2953 iacto
677 2910 742 2953 cunr
759 2901 951 2972 utrorumque
967 2889 1069 2973 copiae
1083 2888 1231 2951 turnulun

104 2989 300 3054 excellentem
309 2990 466 3074 petissent,
484 2991 625 3075 prohibiti
640 3013 659 3053 a
674 2992 785 3055 nostris
801 3005 883 3069 suut,
901 2991 1006 3055 deiecti
1022 2987 1167 3074 planitie',
1189 3008 1232 3053 ne

104 3092 221 3175 cepisse
236 3092 352 3174 quidem
370 3095 512 3158 tumulum
528 3090 700 3176 Pompeium
717 3094 943 3169 demonstrant,
966 3094 1019 3157 sed
1042 3110 1154 3176 capere
1174 3110 1232 3155 uo·

103 3191 215 3269 luisse,
233 3213 330 3275 neque
346 3194 374 3257 id
390 3217 457 3258 eum
473 3196 582 3259 fecisse
598 3214 639 3259 ex
654 3214 779 3278 grunno,
805 3195 882 3278 quod
897 3195 938 3258 ila
953 3195 1071 3258 demum
1085 3203 1170 3257 reete
1183 3191 1233 3257 di·

102 3304 232 3369 eeretur,
250 3294 277 3355 si
292 3295 422 3357 tumulus
437 3296 468 3358 in
483 3316 589 3379 grunno
604 3296 719 3380 positus
736 3296 859 3375 luisset,
876 3296 928 3360 sed
945 3316 986 3360 ex
1001 3295 1136 3380 planitie.
1167 3290 1232 3361 lta·

102 3416 160 3478 qne
185 3405 254 3480 post
276 3395 368 3458 uerba
385 3403 437 3460 ‘ex
452 3398 573 3480 grumo'
590 3399 733 3462 nonnulla
749 3398 865 3482 perisse
881 3397 1060 3481 significaui.
1090 3393 1233 3459 Fuerunt

102 3506 200 3560 autem
217 3517 252 3560 eo
268 3496 334 3559 loeo
350 3497 423 3560 haec
439 3501 502 3562 lere
516 3499 685 3563 declarata:
703 3501 783 3563 inter
797 3508 953 3582 utramque
968 3498 1063 3562 aciem
1070 3498 1231 3562 excelsum

102 3596 244 3661 tumulum
262 3596 373 3676 luisse3
393 3610 460 3663 uter
475 3622 542 3665 eum
559 3601 699 3686 cepisset,
717 3599 1231 3682 eumaduersariosiniquunrloenm

101 3699 201 3763 subire
217 3710 389 3764 coacturum
406 3702 510 3768 luisse.
540 3701 646 3767 llinsd.
663 3702 758 3786 c.§.5
774 3703 818 3766 sio
834 3703 931 3766 edidi:
951 3701 1104 3784 ‘Vndique
1119 3701 1230 3765 ceden-

99 3799 180 3864 tibus
195 3801 377 3866 aduersariis
394 3824 453 3866 non
470 3824 571 3887 parurn
588 3825 696 3889 magna
710 3806 741 3868 iu
758 3806 849 3868 caede
864 3805 1075 3868 uersabantur.
1108 3800 1229 3885 Qrubus

99 3924 197 3981 mous,
215 3925 274 3967 non
291 3904 388 3967 uirtus
405 3907 494 3969 saluti
511 3907 566 3970 luit
581 3907 725 3970 subsidio.
758 3904 846 3989 Quod
861 3906 921 3970 nisi
936 3907 1187 3988 aduesperasset‚
1209 3923 1230 3967 a

99 4005 288 4089 paucioribus
304 4008 416 4070 nostris
432 4009 513 4071 omni
528 4008 643 4073 auxilio
658 4009 767 4093 priuati
783 4005 908 4072 esseut'.
936 4005 1046 4070 Editur
1055 4005 1144 4089 uulgo
1156 4012 1228 4088 ‘quo

99 4106 233 4172 subsidio
243 4154 268 4194 ,ο
279 4107 337 4171 nisi
353 4110 601 4193 aduesperasset‚
625 4131 643 4173 a
666 4110 857 4194 paucioribus
878 4109 991 4172 nostris
1012 4106 1094 4171 omni
1110 4105 1229 4171 auxilio

99 4209 207 4293 priuati
223 4211 345 4275 essent'.
370 4209 485 4275 Verum
500 4213 549 4295 qui
564 4212 628 4276 beri
643 4222 754 4296 potest,
772 4223 804 4276 nt
817 4212 918 4277 uerbis
936 4208 1160 4294 ‘quosubsidio'
1175 4227 1228 4272 sn·
