2692 4688
448 198 588 271 comat.
605 200 621 269 1
636 200 730 271 CAP.
747 204 901 277 sr-·÷tt
1228 210 1299 287 did

119 370 238 437 Caesar
252 372 458 456 superioribus
471 372 576 437 diebus
585 385 830 458 consumpserat:
847 396 967 458 peoora,
983 377 1061 459 qarod
1075 379 1239 445 seeundum
1252 379 1275 445 u

117 485 237 560 peterat
250 494 320 539 esse
333 474 454 558 inopiae
468 474 653 554 subsidium,
675 488 798 560 propter
818 477 929 543 bellurn
943 478 1086 545 usia-ae
1099 481 1238 549 ciuitates

113 577 237 661 longius
252 587 456 641 remunerant.
488 576 549 660 Qui
570 590 658 643 erant
677 578 834 662 pabulandi
855 592 909 645 aut
931 581 1130 645 frumentandi
1144 582 1272 647 nausa?

116 677 284 764 progressi,
302 678 357 742 bos
371 678 447 743 leuis
462 691 632 745 armaturae
645 679 785 747 Lusitani
802 682 949 765 peritique
963 703 1065 747 aarum
1080 682 1238 766 regionum

79 795 96 845 t
118 780 229 845 cetrati
249 779 400 845 durioris
414 780 578 865 Hispaniae
591 783 862 862 eonsentabnntarr
886 784 994 866 guibm
1014 795 1082 849 erat
1103 784 1237 867 procliue

114 893 237 947 tranare
253 883 376 961 dumea,
393 883 472 965 quod
485 886 671 950 cousuetudo
685 906 788 951 eorum
804 886 935 951 omnium
950 896 1017 964 est,
1035 897 1067 949 ut
1080 887 1148 953 sine
1163 886 1237 951 utri-

112 985 170 1049 bus
184 985 223 1050 ad
237 983 408 1049 exereitum
429 1006 490 1049 non
505 997 585 1051 eant.
613 987 660 1053 At
680 989 835 1053 exereitus
849 988 958 1055 Afrani
980 988 1111 1053 omnium
1132 1008 1233 1051 rerum
1246 987 1292 1061 40

114 1086 288 1151 abundabat
301 1086 399 1170 eopia.
429 1085 560 1151 Multum
575 1100 642 1153 erut
655 1090 834 1155 [rumentum
851 1091 1003 1175 prouisum
1019 1099 1236 1155 eteonueetum

114 1188 322 1271 superioribus
335 1187 539 1272 temporibus,
563 1190 685 1255 multum
707 1213 748 1256 ea
763 1193 845 1257 omni
860 1193 1015 1276 prouincia
1027 1191 1234 1275 comportaba-

56 1301 93 1354 to
116 1299 185 1369 tura
200 1310 307 1375 magna
323 1290 410 1373 eopia
425 1290 524 1374 pabuli
538 1293 725 1375 suppetebat.
749 1293 866 1361 llaram
878 1295 1009 1361 omnium
1024 1315 1126 1357 rerum
1142 1293 1233 1359 laoni-
1248 1292 1279 1357 2·

117 1402 198 1455 tates
212 1391 278 1457 sine
291 1391 353 1457 nllo
367 1392 501 1476 perieulo
516 1414 592 1476 pona
606 1391 724 1463 Ilerdae
738 1396 897 1479 praebebat
912 1408 943 1461 et
957 1398 1024 1463 lora
1033 1395 1233 1461 transflumen

113 1493 253 1577 integra,
274 1514 334 1578 guo
348 1495 472 1559 omnino
486 1490 605 1559 Caesar
616 1497 702 1563 adire
716 1519 776 1563 non
792 1510 921 1580 potarat.
966 1496 1035 1563 ldae
1056 1515 1228 1580 permanse-
1243 1495 1290 1565 ab

111 1605 185 1658 runt
198 1600 294 1679 igua'e
308 1598 373 1661 dies
387 1595 566 1678 eumplures.
596 1592 735 1663 Conatns
756 1610 801 1665 est
818 1594 934 1665 Caesar
955 1599 1083 1663 relinere
1104 1608 1230 1681 pantena

113 1698 167 1761 aed
183 1718 239 1761 nee
253 1698 426 1783 magnitudo
439 1698 571 1763 fluminis
584 1701 786 1782 permittebat,
803 1720 898 1784 neque
913 1700 951 1766 ad
966 1701 1061 1783 ripam
1070 1700 1232 1783 dispositae

54 1811 91 1863 «tt
112 1800 254 1863 cobortes
274 1800 515 1865 aduersarlnruna
537 1803 639 1884 periei
658 1803 868 1886 patiebanturr
891 1803 971 1887 ιιιιοά
991 1801 1052 1867 illis
1074 1800 1268 1885 probibere2

111 1913 182 1965 erat
196 1903 285 1966 laeile
305 1922 373 1967 earn
392 1902 487 1986 ipsius
508 1903 637 1969 lluminis
658 1915 768 1971 natura
786 1917 877 1992 utque
897 1926 994 1987 aquae
1015 1903 1230 1986 magnitudine,

112 2015 178 2066 tnnn
193 2003 274 2086 quod
290 2022 331 2067 ex
346 2003 421 2071 lotia
430 2005 506 2089 ripis
519 2006 552 2069 in
567 2027 659 2072 unum
672 2017 763 2090 atque
778 2018 935 2091 unguntum
950 2008 1050 2071 lunum
1067 2007 1124 2071 tuln
1138 2005 1232 2071 iania-

111 2106 242 2184 bantur3
271 2112 362 2189 atque
380 2116 448 2173 erat
469 2109 587 2174 diffieile
607 2109 714 2173 endem
735 2120 867 2193 tempore
894 2109 1084 2190 rapidissimo
1111 2104 1267 2171 damined

113 2228 205 2292 spera
220 2210 364 2291 perlieere
378 2221 411 2275 et
424 2210 483 2275 tela
493 2213 602 2277 uitare.
618 2209 786 2277 Nuntiatur
799 2210 928 2275 Afranio
943 2228 1067 2292 magnos
1081 2228 1230 2271 commea·
1245 2206 1287 2276 51

53 2322 90 2375 tu
113 2322 174 2389 tus,
189 2311 240 2394 qai
254 2312 314 2377 iter
328 2311 478 2379 habebant
490 2315 529 2380 ad
543 2310 721 2392 Caesarem,
738 2314 774 2381 ed
789 2314 899 2377 llumen
914 2309 1099 2377 constitisse.
1130 2307 1232 2375 Vene-

113 2424 185 2477 rant
198 2434 236 2478 eu
249 2416 398 2497 sagittarii
414 2436 455 2479 ex
469 2416 619 2497 Rutenis,
637 2418 753 2499 equites
768 2437 810 2483 ex
825 2413 924 2481 Gallia
939 2436 1004 2479 eum
1020 2412 1120 2483 multis
1135 2411 1232 2475 carris

110 2516 289 2601 magnisque
302 2516 534 2599 impedimentis,
552 2531 586 2584 at
600 2522 657 2584 lert
672 2518 790 2585 Gallina
804 2518 1000 2587 eonsuetudn.
1032 2513 1132 2581 Erant
1146 2533 1232 2597 prae·
1246 2512 1268 2575 2

111 2628 194 2681 terea
209 2618 354 2700 ruinaque
367 2619 489 2702 pneris
502 2621 654 2686 bominum
667 2623 747 2687 milia
764 2622 888 2687 eirniter
900 2631 934 2685 vt
957 2640 1024 2685 enm
1045 2616 1144 2683 seruis
1158 2616 1232 2681 libe·

110 2718 234 2802 risqae3
250 2720 303 2783 sed
320 2720 419 2785 nullus
433 2723 529 2801 ordo,
546 2726 660 2789 nullum
672 2725 829 2809 imperium
844 2733 976 2798 uenam,
999 2742 1067 2783 curn
1081 2739 1136 2781 suo
1151 2718 1231 2799 quis·

54 2830 89 2886 2⁵
111 2840 170 2904 que
183 2822 311 2886 consilio
326 2834 481 2903 uteretur,
506 2837 594 2909 atque
616 2848 723 2893 omnes
743 2828 811 2895 sine
833 2826 941 2891 timore
961 2822 1021 2885 iter
1035 2822 1170 2883 lacerent
1182 2818 1228 2881 usi

109 2924 301 3007 superiorum
316 2934 482 3010 temporum
503 2940 591 3013 atque
605 2930 747 2995 itinerum
763 2928 897 2995 boemia
942 2923 1041 2989 Erant
1061 2919 1229 3001 complures
1243 2916 1264 2981 3

111 3027 468 3104 bonestiadulesoentrs,
485 3043 660 3097 aenatorum
673 3033 726 3097 lilii
740 3042 772 3096 et
778 3030 894 3095 ordinis
904 3024 1069 3109 equestris,
1086 3031 1173 3086 erant
1187 3020 1230 3085 le·

110 3129 250 3213 gatiunes
275 3129 453 3209 ciuitatum
477 3144 565 3197 urant
586 3134 677 3216 legati
692 3130 848 3198 Caesaris.
894 3128 961 3195 llos
983 3146 1087 3191 omnes
1109 3122 1230 3187 llumina

108 3232 316 3295 eontinebant.
347 3232 396 3296 Ad
418 3234 473 3297 bos
496 3235 703 3318 opprimendus
726 3256 794 3300 eum
815 3233 897 3297 omni
919 3231 1054 3315 equitatu
1074 3222 1264 3308 triumquet

52 3344 86 3397 td
110 3333 279 3416 legionibus
289 3335 432 3398 Afranius
449 3338 484 3399 de
500 3349 587 3402 nnete
604 3335 1063 3423 proficisciturinprudentesque
1078 3338 1146 3393 ante
1158 3327 1229 3388 mis-

112 3436 157 3499 sis
172 3434 320 3518 equitibus
336 3438 518 3524 adgreditur.
552 3438 703 3505 Celeriter
717 3462 786 3505 sese
802 3450 901 3501 tamen
911 3436 991 3499 Galli
1007 3433 1122 3517 equites
1138 3448 1229 3510 expe·

218 3649 235 3699 2
248 3647 400 3713 inopinatis
413 3662 491 3712 opere
503 3665 520 3698 a
536 3651 608 3699 ‘msa
623 3651 657 3699 ta,
826 3647 841 3696 d
856 3653 960 3696 tranare
972 3659 998 3704 ιι,
1014 3656 1067 3690 rum
1081 3648 1227 3690 transuere.

218 3740 307 3776 aarum
319 3731 383 3775 aute
395 3742 466 3776 rerr.
480 3743 509 3776 a.
614 3728 716 3777 utribus
724 3725 822 3787 Aldus,
837 3724 953 3786 atrisque
967 3737 983 3770 a
997 3730 1072 3769 ‘raam
1087 3716 1120 3767 ti'.

108 3804 125 3855 'l
133 3801 224 3853 Afrani
234 3817 261 3851 u.
368 3803 400 3853 ld
413 3803 524 3853 nnrninnr
537 3818 621 3853 rerum
634 3821 651 3853 u
661 3803 823 3867 Steplsarrus,
838 3815 922 3850 reruni
937 3795 1047 3845 omniurn
1056 3793 1227 3843 cateruardd.

220 3880 251 3932 ld
265 3894 322 3930 ennr
335 3881 381 3941 ud,
398 3887 450 3930 trun
463 3897 491 3930 ιι.
610 3883 640 3933 ll
655 3890 708 3931 tnrn
720 3896 774 3931 om.
787 3881 838 3929 ab.
955 3878 986 3928 tt
999 3878 1137 3925 comitatus
1150 3874 1227 3925 codd.

108 3958 139 4008 Ρ.
156 3958 215 4009 142.
350 3959 383 4010 23
396 3959 550 4022 libertisque
563 3959 743 4017 Hotomanus,-
756 3959 804 4007 aed
815 3958 914 4007 liberor
927 3960 1000 4007 reete
1011 3956 1139 4018 Apataioi
1151 3954 1229 4005 τέιιιά

108 4040 367 4099 interpr-statuent.
470 4038 504 4089 25
513 4035 634 4100 consiliu]
649 4036 788 4086 indicione.
798 4050 843 4102 pr.
853 4037 878 4086 b.
984 4051 1033 4087 usu
1044 4035 1119 4085 abd.

107 4112 141 4162 'll
155 4113 340 4163 adulescentes
351 4129 379 4164 a.
485 4115 601 4177 legieues
614 4120 679 4165 unte
691 4129 762 4164 rorr.
776 4130 804 4165 a.
909 4116 942 4168 2⁹
956 4122 984 4166 et
996 4113 1080 4165 lrlbus
1094 4115 1118 4164 b.

108 4190 142 4240 bd
154 4189 377 4256 lnrprudentisqae
391 4191 406 4240 b
418 4192 498 4258 (inpr.
511 4191 549 4255 u).
672 4190 704 4243 31
717 4191 871 4254 adgreditur
882 4206 909 4241 ιι.
1028 4208 1088 4242 sesa
1102 4199 1185 4243 tauruu
1198 4203 1224 4250 a,

109 4275 193 4318 minen
206 4284 264 4319 sese
279 4268 339 4318 edd.
