2692 4688
512 230 834 297 -181--

96 400 245 467 dimissis'
268 401 379 464 nullam
399 401 549 485 recipiunt
571 402 758 487 corruptelae
782 406 993 491 suspicionem.
1024 407 1130 494 Itaque
1153 412 1227 478 baec

96 504 246 590 magistro
261 505 417 567 tribuenda
434 515 516 582 sunt,
534 506 584 588 qni
600 505 738 570 dimissos
754 527 848 590 equos
864 529 923 572 non
939 510 1003 574 sine
1018 513 1167 578 schemate
1179 516 1227 579 in-

96 606 280 692 terpolauit,
306 627 371 669 cum
388 607 464 671 alios
480 609 566 694 signa
583 608 731 673 dimisisse
746 609 883 693 legisset.
917 607 1059 677 Ceterum
1075 615 1106 678 in
1122 617 1225 695 codd,

96 711 259 795 dequibus
274 721 406 788 constat,
423 713 564 795 scriptum
582 722 629 775 est
646 714 890 796 ‘confugerent',
918 735 977 778 non
1000 717 1225 782 ‘conticerent'.

97 812 172 879 lnde
195 812 282 877 clleci
304 813 374 876 ‘alii
395 814 520 878 eundem
537 836 656 878 cursum
679 815 919 898 coniungerent'.
952 813 1039 898 Quae
1059 819 1225 902 excipiunt,
1295 792 1308 821 ἱ

99 917 143 980 sic
157 914 343 979 edebantur:
369 914 438 979 ‘llis
460 917 552 980 tantis
575 917 661 981 malis
677 917 752 981 baec
767 918 899 982 subsidia
914 920 1144 998 succurrebant,
1169 942 1226 1003 quo

96 1019 196 1083 minus
215 1017 315 1082 omnis
338 1016 490 1082 deleretur
512 1020 683 1098 exercitus,
710 1021 787 1104 qnod
802 1017 961 1105 Pompeius
976 1022 1101 1087 insidias
1118 1023 1227 1087 timens

98 1121 215 1201 (credo,
234 1119 312 1203 quod
329 1120 402 1185 hacc
419 1130 539 1204 praeter
553 1142 636 1205 spem
650 1123 821 1187 acciderant
836 1123 914 1201 eins,
931 1124 980 1206 qui
998 1125 1085 1208 paulo
1100 1135 1170 1188 ante
1185 1144 1226 1188 ex

97 1223 206 1286 eastris
228 1223 383 1305 fugientes
405 1242 476 1286 suos
499 1231 722 1306 conspexerat)
748 1225 962 1290 munitionibus
987 1228 1226 1312 appropinquare

98 1324 277 1408 aliquamdiu
295 1345 355 1387 non
370 1324 509 1404 audebat,
527 1327 702 1408 equitesque
717 1324 782 1388 eius
797 1328 943 1411 angustiis
951 1328 1105 1412 portisque
1121 1325 1226 1394 aCne·

98 1429 176 1491 saris
190 1426 338 1491 militibus
354 1428 506 1512 occupatis
522 1429 558 1491 ad
574 1428 788 1511 insequendum
805 1428 1012 1494 tardabantur.
1043 1427 1091 1495 Its
1113 1451 1225 1515 paruae

99 1551 147 1595 res
161 1550 304 1615 magnum
319 1531 351 1593 in
367 1540 523 1612 utramque
538 1542 651 1615 partem
666 1542 846 1596 momentum
871 1531 1049 1596 babuerunt.
1078 1530 1224 1597 Monitio·

100 1650 150 1696 aas
164 1633 248 1697 enim
263 1653 280 1696 a
297 1632 406 1695 castris
421 1633 458 1696 ad
474 1633 580 1696 llumen
590 1634 748 1718 perductae
760 1635 940 1718 expugnatis
950 1634 1006 1697 iam
1017 1633 1124 1698 castris
1132 1631 1223 1699 Pom·

98 1734 156 1819 peii
178 1733 331 1820 propriam
353 1735 580 1818 expeditamque
595 1731 737 1800 Caesaris
760 1736 916 1800 uictoriam
939 1735 1221 1819 interpellancrnnt‚

97 1838 201 1902 eadem
216 1858 269 1902 res
284 1836 437 1902 celeritate
452 1837 670 1920 insequentium
695 1839 810 1902 tardata
829 1837 942 1902 nostris
956 1837 1084 1902 salutem
1099 1838 1222 1902 attulit’.

98 1938 155 2004 llic
171 1950 312 2004 extrema
327 1940 420 2004 uerba
436 1941 645 2004 demonstrant
658 1940 811 2023 angustias
827 1951 987 2023 portasque
1002 1936 1223 2005 aCaesarianls

96 2053 284 2126 occupatas,
306 2043 409 2126 quibus
425 2043 543 2126 equites
559 2039 691 2124 Pompeii
708 2043 745 2107 ad
760 2043 973 2125 insequendum
989 2044 1098 2106 tardati
1119 2043 1223 2107 dicun·

98 2157 159 2220 tur,
178 2145 212 2207 in
228 2143 437 2209 munitionibus
452 2166 471 2208 a
487 2143 756 2207 castrisadllomen
768 2142 986 2227 pertinentibus
995 2144 1220 2228 positasluisse.

99 2249 200 2332 Atque
215 2248 249 2311 in
265 2267 330 2312 eum
344 2246 440 2312 locum
458 2247 619 2330 equitatum
636 2244 771 2330 Pompeii
788 2246 926 2330 impetum
943 2244 1051 2308 iecisse
1067 2266 1106 2308 ex
1122 2267 1151 2308 c.
1166 2244 1220 2320 69,

100 2350 251 2415 lscimus.
271 2348 315 2412 At
330 2349 382 2414 bas
398 2350 578 2414 monitiones
593 2349 703 2413 nullam
720 2348 841 2412 omnino
858 2358 973 2432 portam
988 2347 1128 2412 babuisse
1143 2367 1224 2410 eam-

98 2473 152 2535 que
168 2473 292 2516 causa·
310 2452 413 2527 luisse,
426 2473 480 2516 cur
495 2453 630 2516 adextro
637 2447 780 2515 Caesaris
788 2471 882 2516 cornu
891 2460 1117 2535 promerentur,
1135 2450 1223 2515 item·

101 2576 155 2640 que
176 2556 233 2619 bac
257 2566 342 2640 parte
364 2565 486 2639 proruta
507 2555 536 2617 id
553 2575 647 2618 cornu
662 2574 697 2618 se
712 2553 863 2637 recepisse
879 2574 990 2636 easque
1005 2553 1160 2637 angustias
1176 2554 1223 2618 ln-

101 2658 240 2742 gicntium
263 2656 451 2722 multitudine
474 2667 632 2739 occupatas
658 2658 750 2721 luisse
772 2678 862 2743 snpra
881 2679 910 2721 c.
927 2654 970 2720 68
992 2665 1023 2720 et
1040 2653 1083 2720 69
1099 2657 1223 2720 demon·

101 2771 224 2825 stratum
232 2770 291 2825 est.
316 2757 389 2824 lnde
398 2761 582 2845 perspicuum
592 2770 637 2823 est
646 2771 748 2843 portas
759 2760 807 2824 bic
819 2781 876 2822 non
888 2759 982 2843 magis
998 2758 1222 2820 commemorari

101 2862 231 2947 potuisse
247 2884 336 2946 quam
351 2864 437 2948 paulo
451 2874 522 2928 ante
539 2883 643 2946 equos.
666 2859 703 2925 In
719 2862 813 2926 tribus
829 2862 946 2947 optimis
962 2869 1161 2945 quattuorque
1172 2859 1223 2922 de·

101 2964 259 3029 leuioribus
277 2964 362 3028 codd.
382 2986 417 3029 ea
433 2965 523 3030 uerba
538 2966 578 3028 ita
595 2966 705 3049 scripta
720 2976 801 3029 sunt:
821 2960 1223 3049 ‘angustisportisatqnebis

102 3063 277 3132 aCaesaris
293 3067 435 3131 militibus
451 3067 625 3153 occupatis’.
651 3064 754 3151 ltaque
769 3068 842 3131 baec
858 3067 901 3129 ita
916 3076 987 3128 sunt
999 3065 1219 3127 constituenda:
1335 3094 1339 3107 ·

105 3171 289 3254 ‘equitesque
304 3171 369 3234 eius
384 3170 531 3255 angustiis
544 3182 633 3254 atque
650 3170 696 3233 bis
710 3191 727 3233 a
745 3166 888 3233 Caesaris
906 3166 1047 3231 militibus
1071 3166 1223 3250 occupatis

104 3272 138 3336 ad
149 3273 369 3356 insequendum
380 3273 596 3335 tardabantur'.
619 3269 655 3336 In
670 3291 706 3335 co
722 3271 837 3348 codice,
855 3292 912 3353 quo
922 3270 1066 3354 magister
1074 3289 1145 3332 usus
1162 3279 1221 3347 est,

105 3376 263 3459 ‘angustis'
278 3384 345 3439 crat
359 3375 514 3459 scriptum,
531 3373 609 3437 utin
624 3373 755 3456 antiquis
770 3372 854 3437 libris
869 3372 956 3437 solet.
994 3369 1027 3435 ld
1043 3392 1111 3435 cum
1126 3371 1153 3434 ei
1171 3372 1224 3433 bo·

103 3478 170 3542 uini
184 3477 364 3541 adiectiuum
381 3477 544 3552 uideretur,
562 3474 737 3539 uocabulum
754 3474 859 3540 deesse
875 3476 1012 3559 opinatus
1029 3485 1129 3558 portas
1144 3472 1225 3536 adie-

104 3579 157 3659 cit,
179 3587 308 3664 qnarum
330 3578 485 3662 angustias
505 3578 537 3642 in
552 3577 699 3641 eiusmodi
714 3599 786 3642 casu
801 3598 890 3661 saepe
906 3577 1087 3661 fugientibus
1101 3577 1225 3661 impedi-

104 3695 199 3747 nento
213 3682 309 3747 luisse
325 3680 451 3764 legerat.
482 3677 600 3743 Poterit
621 3679 710 3744 alicui
733 3680 764 3742 in
784 3690 914 3745 mentem
937 3680 1042 3743 uenire
1065 3679 1224 3762 ‘angustiis

103 3786 241 3868 promtis’
264 3783 459 3867 effingendam
482 3802 562 3846 esse.
594 3779 710 3848 Vcrnm
730 3782 887 3865 angustiae
907 3802 1001 3866 neque
1018 3802 1071 3867 per
1092 3792 1224 3846 serente

102 3889 198 3971 prorui
222 3886 363 3951 dicuntur
384 3894 416 3948 et
437 3883 641 3949 efficiebantur
663 3867 778 3947 demum
800 3903 835 3948 eo
851 3885 935 3963 loco,
953 3906 1012 3967 quo
1027 3885 1139 3949 uallum
1155 3905 1226 3970 pro·

103 4001 198 4055 ratum
216 3999 296 4054 erat.

183 4089 225 4157 C.
242 4090 298 4170 73,
315 4089 335 4151 b
350 4101 431 4156 recte
446 4092 490 4156 sic
505 4091 614 4155 editur:
639 4087 716 4155 ‘Sed
732 4089 798 4152 siue
814 4088 946 4172 ipsorum
960 4091 1145 4172 pcrturbatio
1161 4090 1226 4152 siue

102 4214 185 4258 curor
199 4193 310 4279 aliquis
324 4193 392 4258 sine
407 4194 496 4258 etiam
512 4195 632 4258 lortuna
648 4203 761 4277 partam
781 4191 840 4256 iam
863 4203 1108 4276 praesentemque
1130 4191 1224 4254 uicto·

101 4296 174 4363 riam
194 4295 464 4382 interpellauisset,
486 4297 614 4364 dandam
634 4295 771 4361 cunibus
790 4314 929 4378 operam,
952 4304 986 4359 ut
1005 4303 1159 4378 acceptum
1178 4290 1225 4354 in·
