2692 4688
484 198 808 264 ..188-

86 380 274 466 pauimentls'
298 399 400 443 ansam
424 377 572 440 dederunt
593 374 748 459 magistro,
774 384 807 436 ut
822 373 870 436 bio
895 372 937 435 ‘in
953 373 1043 435 tecto'
1059 374 1204 438 adiceret.

83 481 164 546 Nam
179 482 228 566 qni
245 482 398 565 corrigere
420 501 457 543 ea
472 480 564 542 uerba
580 479 752 553 uoluerunt,
776 477 869 540 exiis
886 496 961 539 unus
977 474 1208 563 Oudendorpius

85 586 195 662 ellecit,
220 584 297 668 qnod
321 583 449 667 speciem
473 582 602 668 aliquam
624 580 742 657 habeat,
770 579 920 663 ‘intcgra'.
950 576 1063 642 Verum
1087 580 1208 663 integra

38 714 45 723 ’·
84 687 179 772 pslma
189 686 407 775 nonestpalma
416 687 511 748 iustae
520 680 872 768 magnitudinis‚qualem
882 681 958 744 banc
967 677 1209 745 luisseValerins

83 789 198 866 scribit,
208 787 261 852 sed
270 788 350 851 nulla
360 807 399 851 ex
409 796 647 872 partetroocam,
660 808 736 868 qnae
744 807 793 850 res
802 788 902 870 inepte
909 795 1208 850 commemoraretur.

171 889 209 956 C.
229 889 303 969 108,
321 888 341 951 3
364 891 395 953 in
417 889 518 967 codd,
545 899 577 951 ut
597 890 727 964 uidetur,
752 890 888 953 omnibus
910 899 1029 975 praeter
1050 884 1141 950 Leid.
1160 908 1207 971 pr.

83 995 157 1060 haec
173 994 287 1078 scripta
302 1003 390 1056 suot:
410 989 457 1054 ‘ln
481 1001 659 1055 testamento
683 990 847 1056 Ptolemaei
869 993 962 1075 patris
979 990 1105 1054 heredes
1120 998 1212 1053 erant

83 1096 187 1181 scripti
203 1116 242 1158 ex
258 1093 372 1158 duobus
388 1093 456 1157 liliis
472 1093 567 1156 maior
582 1102 669 1156 etex
684 1095 798 1158 duabus
815 1115 862 1170 ea,
880 1115 956 1177 quae
971 1104 1070 1156 aetate
1085 1103 1210 1157 anteac-

84 1198 194 1276 debst',
219 1208 309 1281 atque
332 1197 407 1261 baec
428 1197 631 1280 grammaticis
653 1207 737 1260 recta
753 1197 817 1259 uisa
832 1207 915 1273 sunt,
933 1197 1002 1278 quia
1018 1196 1120 1260 datico
1136 1196 1207 1260 liliis

41 1352 47 1363 .
83 1313 115 1366 et
135 1301 212 1365 blios
236 1312 268 1364 et
290 1300 366 1363 lilias
388 1299 560 1383 significare
583 1297 696 1361 liceret.
737 1296 850 1363 Verum
872 1299 902 1361 id
918 1298 959 1361 ita
976 1298 1040 1363 beri
1056 1318 1158 1384 poseo,
1175 1310 1210 1363 nt

83 1404 131 1468 hic
148 1404 254 1465 iactum
276 1413 335 1479 est,
360 1412 392 1464 nt
414 1423 454 1465 ex
476 1401 631 1485 superiore
653 1400 780 1464 liliorum
798 1402 1083 1465 commemoratione
1098 1400 1209 1465 deinde

84 1505 186 1569 dntiuo
203 1502 340 1567 ‘duabus’
356 1504 540 1587 cogitatione
556 1502 695 1567 ‘liliabns'
711 1503 869 1580 adiciatur,
893 1524 988 1585 neque
1003 1503 1148 1567 credibile
1161 1513 1211 1569 cst

85 1628 181 1690 neque
197 1606 258 1670 ullo
274 1606 411 1689 exemplo
435 1606 655 1689 comprobatur.
682 1603 785 1689 ltaque
807 1617 890 1671 recto
904 1606 935 1669 in
952 1605 1039 1670 Leid.
1057 1626 1103 1691 pr.
1122 1606 1211 1671 ‘dnu-

82 1709 139 1774 bn's
154 1707 280 1773 filiabus*
301 1708 445 1792 scriptum
469 1719 527 1773 est.
558 1706 639 1772 Nam
656 1709 714 1771 etsi
731 1709 809 1771 huno
825 1730 913 1772 unum
931 1709 1062 1772 codicem
1079 1708 1210 1793 scriptut-

84 1832 147 1875 rom
170 1811 295 1875 codicis·
305 1812 457 1895 archetypi
480 1832 621 1875 seruasse
637 1833 697 1874 non
713 1820 760 1874 est
775 1811 948 1894 probabile,
966 1810 1144 1895 praesertim
1159 1810 1211 1893 qni

84 1915 159 1998 apud
178 1913 257 1976 flirt.
274 1932 391 1996 quoque
407 1913 436 1977 b.
449 1914 540 1977 Alex.
553 1911 606 1990 33,
624 1912 707 1997 2pro
718 1913 843 1975 ‘duabus
852 1913 929 1976 liliis'
946 1913 1209 1997 scriptumhabent

87 2015 212 2078 ‘duabus
228 2013 365 2093 bliabus',
383 2028 482 2080 tamen
504 2017 534 2079 in
553 2037 589 2080 eo
604 2016 778 2079 coniectura
795 2035 897 2078 oerum
919 2018 1046 2100 positum
1064 2015 1210 2080 arbitror.

85 2115 165 2181 Nam
175 2118 276 2203 siquis
287 2117 629 2196 ‘filiabus'nonadiccre,
639 2118 690 2182 sed
701 2118 892 2200 pro‘duabus'
902 2140 1012 2202 ponere
1021 2118 1104 2195 uelit,
1114 2119 1144 2182 id
1152 2117 1210 2183 boe

86 2222 164 2300 loco,
183 2222 572 2285 ubiaccnratissimaoratio
584 2221 759 2302 requiritur,
778 2223 990 2287 admittendum
1000 2242 1059 2283 oon
1075 2221 1208 2285 uidetur.

172 2320 210 2387 C.
229 2322 303 2399 112,
322 2321 341 2385 ³
357 2323 429 2385 haec
446 2322 627 2385 edebantur:
648 2319 695 2385 ‘ln
708 2323 762 2386 bac
771 2324 945 2387 suntinsnla
954 2324 1099 2387 domicilia
1107 2325 1211 2410 Aegy·

87 2427 214 2508 ptiornm
230 2436 262 2488 et
277 2426 361 2487 niens
377 2425 474 2508 oppidi
491 2424 705 2507 magnitudine,
724 2445 856 2508 quaeque
869 2428 976 2510 ubique
988 2446 1081 2490 naues
1096 2426 1210 2511 impru-

86 2527 188 2589 dentia
203 2538 254 2588 aut
269 2535 446 2609 tempestate
462 2527 579 2610 paulum
590 2530 950 2604 succursudeeesscrint,
968 2531 1021 2593 has
1029 2550 1114 2592 more
1124 2548 1210 2614 pran-

85 2629 195 2690 donnm
212 2628 341 2711 diripere
357 2627 561 2692 consuerunt’.
586 2626 645 2692 Sed
664 2627 913 2695 Pharitaso'mnes
929 2653 1034 2710 naues,
1052 2651 1129 2714 quae
1144 2631 1211 2695 nbi·

85 2751 143 2814 qne
159 2752 248 2795 cursu
264 2732 462 2808 decesserint,
480 2732 608 2815 diripere
624 2753 685 2795 non
700 2735 832 2817 potuisse
848 2746 981 2817 apertum
997 2746 1056 2798 est.
1080 2732 1117 2798 ln
1132 2732 1208 2799 Pur.

85 2853 148 2897 sec.
166 2835 371 2920 scriptumest
388 2835 533 2917 ‘quaequi
548 2836 656 2918 ubique
671 2835 785 2914 naues',
809 2837 839 2898 in
854 2834 943 2899 Leid.
963 2859 1007 2921 pr.
1027 2837 1211 2921 ‘qricumqns

88 2938 202 3012 naues',
227 2938 259 3000 in
281 2935 372 3002 Leid.
396 2959 458 3001 sec.
485 2947 669 3021 ‘quamquam
693 2941 791 3024 ibique
812 2938 929 3018 naues',
952 2940 984 3003 in
1000 2937 1073 3004 Vrs.
1092 2949 1123 3003 et
1138 2936 1209 3004 Pet.

88 3045 234 3122 ‘quaeque
251 3040 301 3104 nbi
317 3042 432 3119 naues',
455 3041 485 3105 in
502 3039 600 3126 bong.
618 3053 649 3105 et
664 3040 757 3107 Voss.
778 3042 908 3126 ‘ubique'
924 3042 1067 3105 omissum
1082 3051 1148 3105 cst:
1171 3041 1209 3105 ds

86 3142 209 3224 reliquis
224 3143 308 3206 codd.
327 3154 454 3207 tacetur.
479 3142 546 3229 Ego
559 3144 707 3208 sicedidi:
729 3145 1210 3229 ‘quaequeibicnmqncnaucs—

88 3243 205 3326 paulum
227 3266 283 3307 suo
306 3265 395 3308 cursu
418 3246 634 3309 decesserunt'.
659 3246 740 3315 Nam
766 3248 983 3311 ‘decesserunt’
1007 3267 1060 3331 pro
1085 3245 1209 3309 soloeoo

88 3346 280 3410 coniunctiuo
296 3357 379 3410 recte
388 3349 471 3412 estin
483 3355 635 3430 ‘quattuor
642 3347 826 3414 codd.’0ud.
835 3360 864 3412 et
874 3346 944 3412 Par.
956 3370 1019 3413 seo.
1030 3346 1126 3412 Paulo
1141 3358 1212 3432 post

88 3450 131 3530 (ᾖ.
146 3451 180 3528 5)
195 3447 279 3531 posui
305 3447 385 3511 ‘Hoc
405 3461 466 3513 tom
481 3451 597 3514 ueritus
614 3447 731 3514 Caesar
746 3450 880 3514 hostibus
896 3453 927 3514 in
944 3470 1041 3535 pugna
1057 3449 1210 3534 occupatis

89 3549 232 3612 militibus
253 3552 399 3635 expositis
414 3549 545 3616 Pharum
562 3552 736 3638 prehendit'.
764 3551 842 3617 Nam
859 3555 1043 3635 qnodeditnr
1060 3552 1210 3617 ‘hostibus

87 3650 119 3713 in
135 3672 234 3735 pugna
248 3655 401 3738 occupatis
418 3656 614 3739 militibusque
631 3655 800 3739 expositis’,
825 3655 881 3718 boc
897 3657 984 3718 modo
999 3676 1049 3718 res
1066 3654 1212 3719 diuersis·

86 3753 181 3817 simae
196 3755 429 3840 coniunguntur.

175 3956 259 4046 Apud
277 3961 359 4026 Hira,
377 3962 407 4027 b.
424 3962 517 4026 Alex.
536 3986 563 4027 c.
583 3963 615 4043 1,
632 3965 653 4028 2
669 3964 741 4029 haec
758 3965 788 4028 in
804 3965 888 4028 codd.
908 3963 1019 4047 scripta
1035 3973 1125 4026 sunta
1145 3961 1209 4028 ‘ln-

88 4063 173 4126 terim
190 4064 371 4128 munitiones
387 4065 495 4128 cotidie
504 4066 644 4148 operibus
653 4079 813 4151 augentur,
824 4079 912 4149 atque
923 4086 1027 4129 omnes
1035 4066 1133 4150 oppidi
1143 4086 1213 4150 pnr-

88 4176 153 4242 tes,
185 4188 261 4252 quae
284 4167 382 4229 minus
405 4186 474 4230 esso
495 4167 596 4231 firmae
612 4170 769 4248 uidentur,
800 4169 999 4233 testudinibus
1016 4188 1051 4231 ac
1067 4169 1212 4233 musculis

87 4279 245 4353 aptantur,
270 4288 312 4333 ex
333 4268 476 4334 aediliciis
498 4280 598 4335 autem
620 4291 675 4355 per
694 4272 840 4337 foramina
861 4272 892 4336 in
914 4270 1052 4356 proxima
1074 4271 1211 4337 aedilicia
