2692 4688
51 189 118 260 llll
453 190 512 260 ult
534 189 679 259 nunno
702 184 893 258 eunuco

109 362 268 442 Romano,
286 363 334 447 qni
350 363 395 427 eis
410 375 475 428 eret
489 364 696 448 praepositus,
721 384 775 448 per
789 363 903 427 medios
919 361 1022 425 hostes
1037 371 1234 445 perrumpunt

73 463 95 531 d
109 466 331 550 incolumesque
346 466 381 529 ud
398 486 488 529 unum
504 487 608 530 omnes
623 468 653 530 in
669 477 771 530 eastra
786 464 975 548 perueniunt.
999 460 1064 526 llos
1080 463 1233 527 subsecuti

71 563 231 633 dodones
255 569 427 653 equitesque
450 569 553 633 eodem
574 569 688 652 impetu
710 568 835 631 militum
859 567 969 629 uirtute
984 575 1157 628 seruentur.
1188 567 1233 629 At

76 682 79 686 ’
109 669 143 748 ii,
160 671 209 753 qui
225 670 257 733 in
272 670 341 754 iugo
357 671 568 749 constiterunt,
587 670 666 734 nullo
682 671 861 733 etiamnunc
877 689 933 732 usn
948 668 992 730 rei
1009 667 1149 732 militaris
1164 689 1233 752 per·

108 781 194 856 cepto
211 793 307 856 neque
323 774 353 836 in
369 794 425 850 eo,
443 774 520 856 quod
536 774 754 856 probauerant,
779 771 905 834 consilio
920 791 1115 855 permonere,
1140 780 1174 833 ut
1196 791 1230 834 se
1252 784 1267 833 s

107 871 175 939 loco
190 875 345 958 superiore
361 875 576 951 defenderent,
602 896 699 956 neque
723 895 788 938 eum
812 895 898 955 quam
921 871 1064 956 prodesse
1086 872 1153 935 eliis
1170 874 1230 937 uim

69 995 74 1009 ·
107 976 350 1060 celeritatemque
358 976 496 1040 uiderunt
505 977 615 1042 imituri
623 987 795 1060 potueruut,
812 977 864 1038 sed
880 995 914 1038 se
930 975 960 1036 in
977 985 1077 1038 eostre
1092 975 1231 1058 recipere

72 1075 208 1142 7eonuti
225 1080 358 1165 iniquum
373 1080 405 1143 in
420 1080 516 1143 locum
533 1079 728 1143 demiserunt.
761 1074 984 1153 Centuriones,
1012 1097 1136 1159 quorum
1152 1098 1230 1142 uon·

107 1180 180 1245 nulli
197 1201 237 1244 ex
253 1181 446 1246 interioribus
462 1181 615 1246 ordinibus
635 1181 815 1264 reliquorum
832 1179 982 1262 legionum
999 1179 1122 1242 uirtutis
1139 1200 1231 1244 ceusu

105 1280 138 1347 iu
152 1283 325 1366 superiores
340 1295 426 1347 eruut
442 1285 562 1348 ordines
579 1285 666 1348 huius
683 1282 809 1366 legionis
826 1281 967 1357 traducti,
985 1291 1103 1344 neente
1114 1293 1229 1364 purtem
1255 1294 1286 1347 to

105 1385 305 1469 rei-militaris
321 1386 436 1449 laudem
453 1387 640 1461 amitterent,
659 1386 821 1449 fortissime
837 1394 1003 1468 pugnantes
1018 1384 1227 1449 conciderunt.

70 1483 235 1553 tbtittrum
254 1508 322 1571 pars
337 1488 441 1551 hortum
457 1488 570 1551 uirtute
585 1488 740 1551 summotis
760 1486 894 1549 hostibus
910 1497 1031 1570 praeter
1045 1507 1127 1571 spem
1144 1488 1227 1551 inco·

49 1585 91 1657 41
107 1587 196 1653 lnmis
211 1588 242 1652 in
258 1599 358 1652 cestra
374 1590 522 1673 peruenit,
542 1611 611 1673 purs
626 1611 644 1652 u
659 1589 794 1653 barbaris
810 1588 1014 1653 circumuenta
1029 1590 1129 1673 periit.
1148 1586 1226 1654 Ger-

95 1690 186 1755 ·msni
203 1691 359 1776 desperata
368 1693 594 1776 expugnatione
609 1702 790 1768 castrorum,
808 1690 886 1774 quod
902 1702 1024 1755 nostros
1039 1692 1097 1755 iuer
1112 1691 1226 1755 consti·

107 1790 181 1857 risse
194 1792 225 1855 in
241 1792 453 1857 munitionibus
469 1794 626 1872 uidebant,
644 1817 709 1858 cum
726 1816 762 1858 ea
777 1794 899 1877 praede,
925 1816 1012 1876 quum
1029 1794 1060 1857 in
1073 1792 1158 1857 siluis
1174 1792 1225 1855 de-
1249 1804 1283 1856 to

68 1892 281 1979 2pcsuerant‚
300 1906 384 1959 treus
399 1894 537 1960 Rhenum
553 1916 622 1961 sese
638 1908 828 1981 receperunt.
874 1897 924 1959 Ac
938 1907 1040 1960 tantus
1063 1895 1120 1959 luit
1132 1894 1224 1959 etism

104 2006 174 2080 post
188 1996 352 2062 discessum
369 1998 498 2064 bostium
514 2010 626 2077 terror,
645 2010 677 2063 ut
692 2021 726 2063 eu
742 2009 843 2076 nocte,
861 2021 925 2062 enm
943 1997 1038 2063 Gaius
1053 1996 1225 2063 Volusenus

105 2097 215 2165 missus
232 2120 298 2165 cum
314 2101 446 2184 equitatu
461 2103 498 2167 sd
513 2113 613 2167 castra
629 2101 783 2178 uenisset,
807 2102 893 2166 tidem
914 2122 973 2165 uon
989 2102 1103 2165 luceret
1117 2101 1226 2164 edesse

69 2197 170 2267 dcum
186 2202 327 2268 incolumi
343 2198 505 2269 Caesarem
522 2206 670 2269 exercitu.
700 2201 752 2269 Sic
768 2205 889 2268 omnino
904 2203 1018 2267 suimus
1034 2202 1123 2264 timor
1137 2219 1224 2283 prse-

106 2316 324 2389 oecupsnerut‚
341 2317 375 2370 ut
391 2327 485 2391 paene
499 2307 630 2371 uliennta
645 2318 744 2371 mente
760 2307 866 2371 deletis
881 2304 1016 2372 omnibus
1031 2302 1126 2389 copiis
1141 2301 1225 2385 equi·
1246 2311 1283 2366 20

104 2416 198 2469 tutum
214 2429 248 2472 se
263 2429 304 2471 ex
326 2410 396 2491 lnge
411 2410 561 2493 recepisse
577 2410 711 2474 dicerent
726 2431 821 2493 neque
836 2409 976 2473 incolumi
990 2406 1132 2471 exercitu
1146 2401 1225 2470 Ger·

69 2505 209 2573 lmsnos
226 2519 325 2571 castre
341 2522 561 2593 oppugnaturos
585 2513 679 2575 luisse
701 2513 928 2576 contenderent.
967 2506 1064 2592 Quem
1087 2508 1223 2571 timorem

47 2606 93 2679 42
106 2603 250 2675 Casum
265 2610 412 2675 aduentus
427 2613 560 2676 sustulit.
598 2612 753 2678 Reuersus
770 2615 819 2677 ille
835 2624 962 2677 euentus
978 2611 1048 2676 belli
1062 2631 1122 2673 non
1137 2608 1224 2692 igno·

104 2732 177 2777 runs
193 2734 297 2792 unum,
315 2717 391 2799 qnod
408 2715 592 2778 cobortesex
608 2717 739 2781 statione
755 2728 786 2780 et
800 2716 949 2801 praesidio
965 2724 1069 2779 essent
1081 2710 1223 2789 emissae,

105 2827 290 2900 questus-
312 2838 350 2880 ne
372 2818 493 2881 minimo
517 2819 634 2900 quidem
657 2839 729 2882 essu
751 2819 848 2882 locum
870 2816 998 2899 relinqui
1022 2815 1162 2880 debuisse
1183 2851 1226 2863 -
1247 2823 1282 2877 25

104 2919 228 2983 multum
245 2920 393 2983 fortunam
409 2921 441 2984 iu
456 2921 612 3004 repentino
629 2921 758 2985 bostium
775 2924 905 2985 aduentu
920 2919 1054 3005 potuisse
1069 2916 1223 2994 iudicauit,

67 3019 195 3084 2multc
212 3021 301 3084 etism
317 3024 454 3106 amplius,
471 3024 546 3106 quod
564 3024 702 3108 puenecb
718 3024 783 3107 ipso
796 3023 874 3086 uallo
890 3021 1044 3105 portisque
1058 3029 1225 3084 uestrorum

68 3117 248 3185 3bsrbcrus
263 3125 435 3190 auertisset.
460 3122 596 3208 Quarum
611 3126 740 3190 omnium
758 3147 856 3190 rerum
872 3124 1005 3189 maxime
1018 3119 1226 3185 admirandum

104 3222 273 3302 uidebetnr,
291 3227 368 3308 qnod
384 3226 540 3308 Germani,
557 3228 609 3312 qui
624 3248 660 3292 eo
675 3228 799 3293 consilio
815 3227 953 3293 Rhenum
970 3224 1170 3301 transierunt,
1193 3232 1226 3285 ut

210 3411 479 3483 nincotomesqueb.
585 3420 631 3472 lii
644 3435 697 3471 om.
713 3423 737 3472 b.
852 3416 1225 3488 bprodesseB‘mee.plert·

102 3491 172 3555 qus',
187 3488 317 3555 proluisse
329 3509 378 3544 en.
563 3497 577 3548 l
591 3505 732 3565 potuerunt
744 3514 767 3561 e,
783 3505 918 3564 potueruut
931 3499 992 3549 Bet
1003 3500 1044 3547 sie
1057 3498 1095 3545 ‘et
1106 3499 1227 3562 potemur

101 3581 166 3617 mes.
179 3567 280 3617 multi'.
403 3587 462 3623 sese
476 3574 491 3623 b
620 3575 637 3626 8
650 3575 811 3625 deurlserunt
823 3574 847 3624 B
859 3575 955 3640 Aldus,
970 3573 1125 3625 dimiserunt
1136 3587 1150 3621 c
1163 3569 1224 3621 edd.

102 3649 167 3695 ants
178 3644 263 3706 Atq.,·
277 3645 430 3698 dimiserunt
444 3649 517 3699 ‘mse
532 3648 566 3713 θ’,
581 3650 740 3701 demiserunt
749 3653 840 3716 primu
853 3666 880 3701 ιι.
1004 3650 1037 3701 tt
1049 3646 1224 3699 summotlsB.

210 3726 275 3772 unte
288 3723 405 3774 hostibus
418 3724 481 3775 cdd.
496 3726 629 3793 peullsper
643 3728 667 3777 b.
844 3728 874 3779 ll
888 3727 1079 3795 oppugnatione
1090 3726 1114 3775 b.

104 3798 136 3850 lb
149 3814 177 3850 se
190 3802 214 3851 b.
319 3801 576 3865 llGeiusB,C.u.
685 3804 850 3872 l82d1inb.
958 3803 1228 3857 ldeumiucolnmcm

102 3892 140 3927 ιιι.
150 3892 193 3943 pr.
209 3879 242 3929 B.
359 3882 461 3931 omniuo
474 3883 498 3934 B
513 3884 641 3951 ‘reliquc⁰,
655 3885 766 3935 omnium
781 3884 875 3935 bede.
991 3884 1069 3934 timor
1080 3895 1228 3948 oeeupnue-

103 3959 145 4004 rut
158 3953 229 4005 bed.
334 3957 368 4007 20
382 3973 446 4023 pene
456 3958 489 4009 B.
606 3961 748 4026 equitatum
761 3977 789 4012 se
801 3962 825 4013 B
839 3960 955 4024 ‘ceteri',
970 3963 1111 4028 equitatum
1125 3963 1227 4009 tentum

101 4046 131 4083 te
144 4030 208 4080 ⁰011
215 4046 238 4079 θ·
343 4033 376 4082 25
391 4034 464 4083 mul
477 4050 523 4083 ce·
636 4038 669 4092 26
683 4038 811 4088 iudicauit
823 4037 847 4087 A
854 4037 900 4102 (B)
911 4038 932 4087 C
942 4037 973 4087 b:
987 4040 1013 4086 ιἰι
1027 4053 1040 4086 e
1052 4041 1146 4086 utrum
1159 4034 1227 4085 ludi·

101 4108 175 4162 enuit
185 4125 222 4160 un
236 4108 363 4159 iudicauit
374 4117 454 4176 secel,
469 4113 656 4180 Elberlingius
669 4116 821 4166 descernere
834 4131 886 4165 ιιοιι
898 4117 1001 4179 potuit.
1137 4111 1173 4165 27
1186 4126 1230 4163 cu-

102 4194 214 4240 strorum
229 4200 282 4235 om.
296 4185 323 4235 d.
430 4189 464 4243 28
477 4190 621 4241 auertisset
632 4190 711 4255 ΑΨ)
724 4192 804 4255 Cbc,
819 4190 978 4240 auertissent
992 4205 1014 4238 c.
1120 4189 1154 4243 29
1167 4202 1229 4238 euu-

102 4261 174 4330 silio]
189 4264 275 4312 auimo
290 4278 324 4312 ιιι.
339 4278 383 4327 pr.
400 4265 424 4314 b.
