2692 4688
541 181 842 249 ...44-

135 376 177 420 ex
191 355 270 422 bello
278 353 472 441 Hispaniensi
485 355 658 440 publicauit.
675 356 846 443 Adiungam
855 355 956 421 statim
971 355 1046 420 dnos
1061 357 1179 422 codices
1194 358 1258 423 sin·

134 460 248 542 gularis
263 460 402 536 rationis,
419 459 572 522 Andinum
588 468 619 523 et
633 455 861 538 (laoniensem,
878 460 947 543 qui,
965 481 1032 523 cum
1047 460 1109 523 sint
1122 460 1258 525 eiusdem

135 563 256 646 generis
271 583 336 625 cnm
352 561 577 645 superioribus,
601 562 683 626 solos
705 571 806 626 tamen
827 563 1058 626 commentarios
1073 563 1111 626 de
1125 562 1155 626 lt.
1174 560 1256 630 Gall.

136 665 257 729 habent.
289 662 355 728 llos
381 663 468 747 (siue
483 685 560 728 unus
576 675 624 728 est
638 665 775 747 idemque
789 666 906 740 codex,
930 665 1006 729 mire
1028 665 1107 728 enim
1130 686 1259 731 consen·

134 766 234 847 liunt)
258 788 318 831 non
334 766 430 830 solum
445 767 617 851 superiores
633 767 749 845 critici,
772 768 824 831 sed
841 768 930 831 etiam
947 765 1149 831 Schneiderus
1164 768 1259 833 omui·

134 891 184 933 nm
200 871 288 934 liuius
303 869 433 933 familiae
449 868 537 954 longe
554 869 682 953 optimos
697 869 922 944 indicauerunt,
946 881 977 935 et
998 880 1098 934 tamen
1113 871 1161 934 laic
1176 883 1260 938 certe

90 999 92 1003 ·
135 994 218 1054 raro,
237 972 289 1037 ulti
304 993 322 1035 a
336 971 460 1055 reliquis
475 971 626 1035 codicibus
642 972 847 1050 discedebant,
863 973 949 1055 sequi
964 972 1119 1037 sustinuit.
1159 971 1260 1038 Nimi-

134 1096 201 1160 pnm
217 1075 248 1139 lri
262 1075 380 1140 codices
396 1096 456 1138 non
472 1074 569 1137 solum
579 1094 683 1139 omnes
698 1074 895 1160 interpolatae
908 1075 1038 1139 familiae
1053 1076 1258 1142 correctiones

135 1188 225 1262 atque
240 1177 486 1262 interpolationes
503 1177 629 1256 habent,
652 1179 704 1241 sed
727 1199 823 1242 nouas
845 1189 1000 1263 praeterea
1020 1199 1111 1262 prope
1132 1178 1259 1244 alterum

136 1290 262 1344 tantum.
309 1276 395 1360 Quae
424 1280 588 1345 cuiusmodi
619 1281 699 1359 sint,
733 1299 774 1343 ex
803 1301 863 1343 uno
892 1279 958 1342 loco
980 1281 1152 1364 perspicere
1174 1282 1256 1345 licet.

135 1378 216 1445 Nam
233 1378 309 1458 Vll,
326 1379 389 1455 64,
408 1373 450 1457 ·1‚
472 1405 538 1446 cum
554 1383 661 1465 reliqui
677 1381 794 1473 codices
811 1381 884 1447 haec
899 1379 1063 1445 exhibeant
1078 1382 1114 1444 de
1132 1378 1260 1445 Vercin-

136 1485 290 1569 getorige:
311 1485 374 1550 ‘ille
389 1485 517 1569 imperat
531 1484 656 1568 reliquis
672 1483 845 1547 ciuitatibus
861 1482 991 1547 obsides.
1017 1481 1155 1566 Denique
1171 1485 1199 1548 ei
1214 1484 1259 1549 rei

137 1587 292 1650 constituit
313 1587 408 1651 diem:
442 1586 499 1650 huc
522 1605 626 1649 omnes
648 1585 763 1669 equites
783 1582 847 1650 XV
869 1585 949 1648 milia
972 1605 1096 1649 numero
1119 1586 1260 1651 celeriter

137 1689 300 1754 conuenire
315 1689 424 1770 iulet’,
448 1708 524 1772 quae
545 1699 682 1772 corrupta
699 1708 766 1752 esse
782 1686 967 1765 uidebimus,
989 1687 1019 1750 lai
1034 1681 1150 1775 egregii
1164 1701 1259 1755 testes

138 1789 212 1857 daec
226 1787 370 1857 Caesaris
386 1791 478 1855 uerba
494 1793 667 1876 proferunt:
694 1790 842 1873 ‘diemque
856 1785 941 1855 bello'
951 1791 1126 1870 constituit,
1143 1792 1260 1875 equites

139 1914 180 1959 ex
194 1916 247 1958 sua
260 1895 384 1980 pecunia
394 1894 568 1977 utsingulos
578 1892 884 1976 denariosacoipiant,
902 1894 1072 1957 constituit:
1090 1893 1259 1961 hosomncs

139 1998 280 2061 celeriter
300 1998 383 2062 iubet
404 1997 596 2062 conuenire'.
635 1994 739 2079 ltaque
760 1996 814 2060 lros
835 1996 954 2061 codices
976 2007 1009 2060 ut
1031 2007 1125 2062 testes
1149 2018 1259 2080 nequa-

140 2120 226 2181 qnam
242 2100 405 2165 audiendos
422 2099 535 2185 putaui.
574 2096 757 2164 Coniectura
773 2101 916 2183 quaedam
933 2121 987 2165 eos
1003 2111 1086 2164 recte
1101 2103 1260 2165 emendata

138 2200 248 2264 lrabere
265 2223 325 2266 non
340 2222 429 2288 nego.
468 2201 624 2268 Nonnulla
646 2214 745 2267 autem
768 2222 808 2266 ex
829 2202 998 2266 huiusmodi
1013 2203 1115 2265 codice
1129 2204 1261 2287 ascripta

137 2314 209 2367 sunt
223 2304 351 2388 margini
367 2304 470 2368 llaun.
488 2326 533 2390 pr.
548 2351 556 2381 ,
581 2304 730 2388 habetque
746 2301 929 2368 Cuiacianns
952 2323 1071 2386 quoque
1085 2303 1260 2386 quibusdam

136 2401 212 2470 locis
228 2406 342 2482 eadem,
359 2417 391 2470 et
405 2407 552 2471 consimili
568 2407 670 2470 codice
684 2406 781 2471 Aldus
797 2426 869 2469 usus
885 2417 944 2470 est.

223 2505 288 2570 llos
305 2509 423 2572 codices
447 2509 505 2573 alia
527 2510 620 2593 stirpe
643 2520 732 2593 atque
751 2508 887 2593 integros
903 2529 944 2573 ex
958 2509 1023 2591 ipso
1038 2508 1141 2573 codiee
1156 2510 1261 2573 arche·

136 2618 207 2695 typo
222 2629 291 2673 esse
307 2610 450 2674 deductos
473 2611 521 2675 uel
543 2610 598 2674 lroc
618 2611 768 2686 ostendit,
792 2611 869 2693 qnod
889 2622 921 2676 et
935 2612 991 2675 soli
1008 2608 1151 2675 Caesaris
1167 2611 1260 2676 libros

137 2711 175 2776 ds
190 2711 268 2776 ltello
284 2709 363 2775 ciuili
377 2731 540 2796 eorumque
555 2714 759 2797 supplementa
773 2724 935 2777 seruaruct
948 2723 980 2778 et
993 2714 1026 2777 in
1046 2712 1131 2776 libris
1145 2713 1183 2777 de
1198 2714 1262 2779 ltel-

137 2812 166 2877 lo
183 2812 300 2878 Gallico
316 2814 448 2879 delectus
464 2816 650 2900 integrorum
665 2817 800 2899 explent.
847 2812 908 2879 Sed
929 2817 1017 2899 longe
1038 2814 1170 2898 pluribus
1186 2818 1260 2883 locis

137 2916 338 2981 additamenta
354 2917 483 2996 habent,
505 2939 628 3001 quorum
644 2938 712 3002 pars
728 2938 788 2980 non
803 2928 851 2981 est
866 2917 1049 2994 necessaria,
1068 2938 1137 3000 pars
1153 2919 1261 2982 certis·

136 3020 230 3085 simae
245 3021 360 3084 fraudis
376 3021 576 3098 conuincitur,
593 3022 664 3084 item
680 3021 749 3085 inde
764 3039 783 3082 a
797 3041 823 3083 c.
841 3017 885 3083 40
900 3019 967 3083 libri
983 3018 1069 3104 prind
1084 3020 1121 3083 da
1135 3020 1165 3083 b.
1177 3018 1259 3084 Gall.

137 3123 223 3203 (nam
238 3123 326 3187 initio
341 3125 505 3188 modestius
521 3134 619 3186 actum
634 3127 695 3205 est)
711 3122 823 3186 nullum
835 3132 925 3206 capnt
941 3122 1183 3206 praetermissum
1199 3132 1258 3201 est,

138 3224 209 3307 quin
226 3245 260 3287 ea
278 3226 447 3310 scriptura,
470 3247 559 3309 quarn
573 3226 684 3311 integri
700 3225 787 3289 codd.
803 3234 1022 3302 seruauerunt,
1039 3223 1259 3303 immutaretur,

137 3325 207 3408 qnia
221 3335 274 3389 aut
288 3328 429 3390 mendosa
446 3328 603 3392 uidebatur
623 3339 676 3391 aut
698 3327 797 3392 minus
818 3327 941 3411 elegans
956 3337 1007 3390 aut
1023 3326 1120 3391 minus
1135 3327 1258 3403 usitata,

138 3425 266 3511 denique
282 3428 361 3491 nulla
378 3430 533 3512 perspicua
549 3430 586 3493 tle
601 3449 704 3492 causa.
749 3427 822 3492 Non
847 3450 940 3513 pauca
961 3450 999 3491 ex
1023 3450 1060 3493 eo
1075 3449 1193 3512 quoque
1208 3448 1260 3513 gc·

138 3549 212 3594 nere
226 3541 315 3608 sunt,
338 3540 371 3593 nt
394 3531 564 3613 explicandi
588 3551 676 3593 causa
694 3531 823 3615 ascripta
838 3551 906 3594 esse
922 3543 1075 3614 appareat.
1122 3531 1261 3595 Audacia

137 3633 256 3717 quidem
272 3644 353 3695 tauta
369 3633 572 3715 conspicitur,
596 3642 630 3695 ut
653 3634 703 3697 nel
725 3633 842 3696 nunreri
864 3632 1014 3716 legionum
1037 3634 1260 3719 spatiorumque

136 3756 237 3799 rerum
253 3747 343 3819 atque
358 3735 493 3798 locorum
508 3736 617 3800 adiecti
632 3735 703 3799 sint.
748 3732 864 3797 llarum
887 3756 988 3799 rerum
1014 3737 1152 3818 exempla
1167 3726 1262 3800 ascri·

136 3835 210 3901 lere
225 3858 481 3921 superuacaneum
497 3849 556 3913 est,
573 3859 638 3900 eum
655 3839 730 3901 adeo
746 3837 808 3900 sint
823 3839 1003 3920 frequentia,
1021 3838 1141 3901 utratio
1155 3839 1261 3902 luorum

138 3937 224 4001 codd.
248 3940 279 4002 in
302 3961 484 4023 quacumque
508 3952 592 4026 parte
614 3940 758 4004 librorum
782 3940 818 4003 de
841 3940 871 4003 b.
889 3938 969 4004 Gall.
995 3941 1112 4005 collatis
1129 3941 1216 4004 huius
1231 3950 1261 4002 et

137 4039 261 4104 alterins
276 4044 398 4128 generis
413 4045 570 4128 scripturis
586 4044 727 4107 lacillime
749 4043 891 4127 cognosci
913 4054 1013 4126 queat.
1059 4041 1174 4108 l‘artim
1196 4041 1262 4122 qui-

138 4142 204 4208 dem
220 4144 306 4208 huius
322 4146 539 4229 discrepantiae
561 4147 621 4209 iam
640 4146 672 4208 in
695 4145 797 4208 codice
813 4146 975 4230 archetypo
992 4148 1085 4209 luisse
1100 4143 1260 4226 ascriptam

138 4255 170 4310 et
183 4266 202 4309 a
216 4245 361 4331 scriptore
376 4248 488 4315 codicis
502 4247 689 4332 integrorum
704 4247 866 4333 principis,
887 4266 955 4309 oum
977 4267 1014 4310 ea
1029 4256 1144 4310 tantum
1159 4245 1260 4309 exeri·
