2684 4694
66 196 132 267 tot
495 197 552 264 ott
576 193 720 264 netto
743 192 878 264 ctvttt

69 368 113 444 ’17
128 391 215 438 cesso
232 372 356 436 militum
373 391 433 434 non
449 371 557 454 potuit.
583 369 711 435 Postero
725 370 774 434 die
788 364 906 434 Cacsar
919 366 1057 432 similiter
1071 370 1251 453 praemissis

128 477 223 561 prima
239 485 326 539 nocte
341 475 558 558 impedimentis
573 474 610 536 de
626 483 732 555 quarta
748 472 849 555 uigilia
864 472 929 556 ipse
945 471 1117 555 egreditur,
1145 481 1197 549 nt,
1223 475 1252 538 si

129 599 188 662 qua
211 587 292 642 esset
306 577 443 660 imposita
461 575 619 640 dimicandi
635 576 819 652 necessitas,
844 573 973 638 subitum
989 594 1091 638 casum
1106 575 1251 659 expedito

92 681 267 746 2exercitu
290 678 416 743 subiret.
449 676 514 741 lloc
536 678 614 742 idem
636 677 759 761 reliquis
781 677 852 741 lecit
875 675 991 740 diebus.
1024 672 1143 758 Quibus
1157 678 1250 744 rebus

127 784 291 867 perlectum
308 791 366 859 est,
378 791 411 843 nt
425 779 578 843 altissimis
594 780 764 843 fluminibus
779 789 867 860 atque
883 779 1118 863 impeditissimis
1130 781 1250 847 itineri·
1274 792 1291 846 t

92 883 183 950 ilbus
200 884 310 948 nullum
326 884 476 967 acciperet
491 881 722 946 incommodum.
752 879 915 965 Pompeius
929 883 1013 965 primi
1030 882 1089 947 diei
1104 904 1188 947 mora
1204 884 1252 948 in·

129 987 189 1051 lata
206 997 234 1049 et
250 985 431 1068 reliquorum
449 985 562 1048 dierum
581 985 690 1047 lrustra
707 984 808 1048 labore
824 994 985 1067 suscepto,
1003 1006 1069 1049 cum
1083 1004 1116 1050 se
1131 988 1252 1072 maguis

127 1087 285 1152 itineribus
302 1088 480 1151 extenderet
495 1097 525 1151 et
541 1106 736 1171 praegressos
753 1087 896 1168 consequi
912 1099 1055 1171 cuperet,
1078 1099 1184 1170 quarto
1201 1090 1253 1155 dic

130 1191 217 1255 linem
240 1189 383 1272 sequendi
405 1189 477 1253 lecit
498 1199 586 1272 atque
606 1188 685 1251 aliud
708 1188 765 1251 sibi
781 1189 936 1251 consilium
953 1190 1128 1274 capiendum
1142 1191 1252 1255 existi·

72 1291 119 1362 78
132 1291 233 1356 naauit.
267 1287 393 1355 Caesari
410 1292 446 1355 ad
462 1291 581 1355 saucios
596 1289 799 1374 deponendos,
817 1291 995 1375 stipendium
1011 1292 1158 1356 exercitui
1174 1293 1253 1356 den-
1278 1300 1310 1358 tt

130 1393 218 1472 dnm,
242 1394 341 1457 socios
363 1393 598 1469 confirmandos,
624 1391 801 1475 praesidium
817 1392 942 1457 urbibus
957 1393 1180 1476 relinquendum
1197 1415 1253 1459 ne-

93 1492 116 1559 2
130 1514 215 1560 cesse
238 1505 304 1558 erat
326 1495 409 1558 adire
424 1495 625 1579 Apolloniam.
658 1488 719 1558 Sed
736 1495 781 1558 bis
797 1495 887 1560 rebus
903 1505 1016 1560 tautum
1034 1496 1177 1581 temporis
1194 1497 1251 1561 tri-

129 1597 211 1673 buit,
237 1606 376 1679 qnantum
400 1608 464 1660 crat
487 1596 658 1681 properanti
675 1616 820 1661 necessse
844 1599 950 1661 tineus
964 1596 1117 1674 Domitio,
1141 1618 1179 1662 nc
1196 1599 1252 1662 nd·

130 1709 222 1763 centu
238 1695 372 1782 Pompeii
387 1707 673 1783 praeoccuparetur,
698 1699 735 1762 ad
751 1720 817 1765 eum
833 1700 912 1763 omui
928 1699 1080 1763 celeritate
1096 1709 1128 1761 et
1142 1700 1249 1763 studio

94 1797 270 1866 dincitutus
286 1800 449 1865 ferebatur.
477 1799 588 1865 Totius
603 1810 701 1865 antem
718 1803 761 1866 rei
778 1801 932 1866 consilinm
947 1801 992 1865 bis
1007 1799 1172 1865 rationibus
1189 1821 1249 1865 ox·
1279 1812 1312 1868 11

129 1901 275 1988 plicabat,
300 1913 350 1981 ut,
375 1904 401 1966 si
415 1900 577 1987 Pompeius
598 1903 701 1967 codem
724 1905 936 1980 contenderet,
960 1904 1114 1968 abductum
1129 1902 1215 1966 illum
1232 1927 1252 1968 a

129 2004 204 2068 mari
220 2014 308 2088 atque
323 2005 360 2069 ab
375 2006 412 2070 iis
428 2004 534 2090 copiis,
552 2026 625 2090 quas
644 2003 823 2092 Dyrrhachii
839 2017 1081 2089 comparauerat,
1098 2008 1250 2071 frumento

129 2128 164 2172 ao
179 2117 344 2172 commeatu
361 2107 543 2172 abstractum
560 2108 623 2192 pari
639 2108 815 2172 condicione
830 2108 899 2173 belli
914 2128 1016 2173 secum
1031 2109 1183 2174 decertare
1196 2128 1249 2172 co·

94 2210 236 2297 dgeret3
254 2211 279 2275 si
295 2211 326 2274 in
340 2206 456 2275 ltaliam
473 2210 628 2287 transiret,
640 2211 798 2275 coniuncto
814 2213 953 2277 exercitu
969 2230 1035 2276 cum
1048 2209 1176 2276 nanim
1192 2228 1248 2295 per

129 2310 282 2398 Illyricum
298 2310 404 2378 Italiae
427 2313 559 2378 subsidio
582 2315 839 2397 proficisceretur3
863 2314 890 2378 si
906 2313 1093 2399 Apolloniam
1109 2309 1249 2378 Oricum-
1271 2315 1308 2376 td

130 2436 186 2498 quc
203 2416 374 2498 obpugnare
388 2426 419 2479 et
434 2434 467 2478 se
483 2416 563 2479 omni
579 2416 736 2480 marituma
752 2435 806 2479 oca
821 2417 983 2481 excludere
999 2426 1177 2492 conaretur,
1194 2414 1248 2477 ob·

94 2514 114 2581 5
129 2537 215 2588 nesso
223 2514 364 2600 Scipione
380 2519 552 2581 necessario
567 2517 650 2581 illum
661 2519 726 2581 suis
737 2518 880 2582 auxilium
895 2520 974 2584 terre
986 2528 1120 2603 cogeret.
1143 2514 1247 2599 ltaque

128 2618 300 2701 praemissis
316 2619 429 2682 nuntiis
446 2618 482 2682 ad
498 2615 558 2683 Co.
577 2617 739 2684 Domitium
755 2617 873 2685 Caesar
887 2621 1009 2705 scripsit
1024 2631 1073 2699 ct,
1099 2621 1166 2704 quid
1183 2620 1248 2684 beri

129 2722 233 2799 uellet,
250 2721 381 2785 ostendit
397 2722 603 2807 praesidioque
613 2720 792 2806 Apolloniae
807 2723 978 2787 cohortibus
994 2735 1053 2803 tttt,
1071 2720 1155 2786 Lissi
1171 2733 1193 2801 1,
1212 2732 1247 2785 111

130 2818 216 2887 Orici
241 2823 354 2888 relictis
378 2825 486 2907 quique
503 2835 590 2889 eraut
604 2841 644 2888 ex
660 2824 833 2889 uulneribus
849 2826 931 2909 aegri
947 2822 1088 2910 depositis
1105 2845 1159 2910 per
1174 2816 1247 2908 llpi·
1269 2834 1306 2890 25

91 2923 195 2990 finum
219 2937 309 3009 atque
326 2927 536 2991 Athamaniam
560 2928 617 2990 iter
639 2928 739 2991 lacere
760 2927 868 3011 coepit.
900 2926 1061 3012 Pompeius
1076 2946 1191 3010 quoqne
1206 2928 1246 2990 dc

129 3023 272 3092 Caesaris
296 3030 422 3093 consilio
445 3029 618 3093 coniectura
641 3030 775 3093 iudicans
791 3029 828 3092 ad
845 3028 1014 3114 Scipionem
1030 3028 1247 3114 properandum

128 3128 183 3190 sibi
201 3130 409 3195 existimabat:
428 3133 455 3196 si
472 3129 588 3197 Caesar
603 3133 661 3195 iter
675 3132 726 3195 illo
743 3132 876 3210 baberet,
894 3143 927 3195 ut
941 3133 1102 3196 subsidium
1113 3126 1247 3216 Soiploni

21 3236 27 3249 '
128 3228 241 3309 ferret3
266 3232 290 3293 sl
307 3233 343 3294 ab
359 3255 412 3298 ora
427 3234 584 3298 marituma
601 3230 752 3318 Oricoque
769 3236 920 3298 discedere
936 3235 1042 3314 nollet,
1060 3235 1136 3318 quod
1152 3232 1248 3316 legio-

237 3341 406 3407 lpoaterab.
511 3345 664 3398 scottico.
769 3347 923 3414 cxpedltab.
1028 3345 1246 3398 lexcrcltuscb.

234 3419 249 3470 d
263 3418 400 3485 Pompeius
412 3436 439 3484 o,
453 3421 588 3489 Pompeius
602 3424 669 3474 eninr
683 3423 743 3476 cdd.
866 3424 947 3475 inluta
958 3439 986 3473 a.
1110 3423 1125 3475 l
1139 3423 1248 3489 reliquit

126 3491 218 3544 dicbus
233 3495 258 3542 b.
363 3499 610 3564 dpracgressos(o)
620 3515 690 3551 naue
702 3499 767 3563 dot„
783 3500 1048 3568 progressosrala'qoi.
1154 3508 1249 3566 quarta

127 3583 144 3618 a
158 3570 231 3620 ‘cosa
241 3571 388 3636 plcriqnc'.
496 3576 524 3627 tt
540 3581 604 3625 outa
617 3577 775 3642 praesidinm
787 3577 851 3627 odd.
865 3585 892 3627 et
905 3580 928 3628 b.
1039 3583 1102 3627 naec
1115 3576 1250 3641 reliquen-

127 3647 186 3697 dom
199 3648 262 3699 odd.
278 3649 458 3715 imponendum
474 3653 497 3701 b.
605 3652 636 3705 12
648 3654 688 3703 ire
701 3654 716 3704 lt
729 3657 758 3704 ct
769 3654 801 3704 ad
815 3658 896 3706 initio
909 3655 1093 3720 soprcaertpto
1107 3667 1134 3701 o.

127 3724 158 3776 13
172 3725 266 3779 timens
279 3729 353 3793 aba,
369 3730 512 3796 timensque
526 3745 553 3780 n.
663 3733 692 3784 11
706 3746 805 3783 omnem
819 3745 846 3785 a.
969 3732 1000 3786 15
1012 3730 1135 3782 incitatus
1149 3744 1204 3780 om.
1222 3734 1249 3784 b.

237 3805 404 3857 ttatntac.
511 3806 649 3874 Dyrrachii
661 3824 688 3858 n.
796 3810 828 3862 ts
841 3810 989 3861 conditione
1001 3808 1053 3874 (ιι).
1176 3806 1212 3862 20
1225 3811 1248 3861 sl

128 3875 200 3926 ‘maa
216 3880 239 3929 l'
253 3881 387 3947 iidemque
402 3882 538 3948 ‘plerique
547 3890 573 3934 ct
585 3884 707 3951 optimi',
723 3883 763 3936 sin
778 3885 853 3950 (o)n.
999 3886 1028 3939 tt
1046 3885 1208 3951 (obpugnare
1219 3887 1250 3951 a)

126 3969 275 4020 expugnaro
292 3960 316 4009 b.
422 3961 482 4013 etsi
496 3962 563 4012 omni
576 3978 602 4014 o.
721 3966 898 4016 maritumam.
1017 3964 1187 4026 obsessoub,
1203 3964 1250 4014 ob·

126 4041 340 4085 acssotumeuc.
444 4038 639 4090 ’lllCassnrlm
745 4043 779 4096 21
792 4043 998 4094 cohortiumob.
1121 4039 1252 4092 teacta-

126 4112 235 4163 maniam
249 4115 441 4178 Dromonem,
461 4117 633 4169 Acarnanlum
653 4118 729 4170 codd.
749 4119 779 4171 Ρ.
797 4117 1138 4185 transcurramus.

125 4193 159 4245 ‘28
172 4194 332 4259 subsidium}
342 4194 466 4246 auxillum
481 4197 506 4246 d.
612 4196 835 4251 samaritanae.
953 4198 1083 4266 Oricoque
1097 4212 1162 4264 ego,
1177 4196 1254 4251 Cori·

125 4272 216 4340 cinqnc
230 4275 285 4338 ub5
300 4275 465 4341 Corcyruqnc
479 4291 505 4325 n.
521 4276 551 4327 Ρ.
569 4277 625 4328 tat.
