2684 4694
499 192 801 258 „23-

86 364 255 430 oraticnem
285 383 387 427 ueram
419 363 512 428 luisse
538 374 650 428 euentu
678 364 900 448 comprobatum
921 369 1082 434 ostendero
1104 369 1209 434 uellet.

89 465 235 532 Diffusum
251 476 283 530 et
297 466 469 529 dissolutam
485 469 729 552 compositionem
744 467 875 532 maxime
887 471 1126 537 animaduertere
1140 473 1212 535 licet

89 592 119 634 e.
136 570 168 633 5.
186 567 238 632 19.
255 565 309 632 29.
328 567 381 647 51,
399 567 495 632 3-6.
528 566 625 653 Saepe
648 571 745 633 oratio
761 571 960 654 compluribus
975 575 1076 639 uerbis
1090 596 1145 659 per
1160 595 1212 660 pa·

90 672 245 736 mathesin
260 671 427 734 interiectis
441 671 605 756 interrupto
621 682 685 751 est,
711 684 745 736 ut
759 672 792 751 8,
809 672 841 736 4.
860 672 911 751 15,
932 672 962 737 1.
985 674 1040 754 26,
1056 677 1089 740 2.
1105 675 1159 754 48,
1177 676 1210 740 3.

92 774 282 838 Anarolutha
304 793 365 835 non
385 774 481 837 solum
502 774 533 836 in
555 774 645 859 longa
667 775 804 838 oratione
826 776 1040 857 inueniuntur,
1064 789 1095 840 ut
1117 799 1145 841 c.
1172 776 1213 843 19

93 879 195 961 plura,
220 876 257 939 de
273 896 331 957 quo
347 876 412 939 loco
428 875 540 953 dicam,
564 879 615 940 sed
632 876 719 939 etiam
736 877 768 939 in
783 877 964 942 breuissino
980 880 1077 963 spatio
1091 878 1135 945 25
1150 882 1211 946 in.=

95 977 183 1043 ‘Cum
206 979 280 1041 haec
302 979 428 1056 tierent,
451 1000 509 1042 rex
531 975 604 1042 Iuba
627 978 754 1061 cognitis
770 974 913 1044 Caesaris
929 981 1150 1046 difficultatibus
1165 1003 1216 1045 co·

94 1081 266 1165 piarumque
285 1082 433 1163 paucitate
456 1102 515 1144 non
537 1092 584 1145 est
606 1082 703 1145 uisum
726 1083 790 1146 dari
810 1084 939 1167 spatium
961 1083 1214 1150 conualesoendi'.

93 1179 209 1246 Eodem
231 1182 400 1265 pertinent,
432 1205 508 1266 quau
530 1205 620 1267 supra
648 1206 678 1268 p.
705 1182 746 1246 17
769 1185 833 1249 dixi
853 1187 889 1249 dc
910 1188 1063 1270 particulis
1086 1185 1160 1251 ‘uhi’
1186 1197 1218 1251 et

95 1285 292 1368 ‘postquam'‚
316 1286 363 1349 cui
387 1285 476 1349 ‘oum'
499 1286 720 1370 superadditum
741 1296 805 1362 est,
829 1297 861 1352 et
883 1289 959 1371 qnod
982 1310 1011 1352 o.
1035 1287 1126 1368 49,5
1149 1309 1218 1372 pro·

95 1407 204 1451 nomen
226 1388 491 1452 demonstratiuum
507 1388 634 1471 positum
652 1399 699 1452 est
713 1386 843 1453 Labieni
858 1391 1157 1465 commemoratione,
1180 1390 1218 1453 ad

95 1510 182 1571 quem
203 1490 393 1554 referendum
416 1501 480 1564 est,
512 1491 599 1574 louge
627 1491 741 1556 reiecta
767 1502 797 1555 et
817 1493 884 1557 aliis
898 1493 1074 1563 ,hominibus
1096 1492 1217 1556 interim

95 1592 266 1656 nominatis.
297 1589 372 1656 Item
395 1614 422 1655 c.
446 1589 501 1672 25,
523 1593 545 1656 2
571 1593 673 1656 statim
692 1605 760 1678 post
780 1595 997 1671 anacoluthon,
1028 1595 1105 1679 qnod
1127 1615 1219 1678 supra

95 1697 336 1768 commemoraui,
353 1706 435 1759 recte
451 1695 481 1758 in
498 1695 582 1758 codd.
599 1696 642 1759 itu
656 1697 799 1779 scriptum
815 1707 879 1760 est:
908 1695 957 1759 ⁴1³.
976 1692 1083 1760 Sittius
1098 1697 1218 1760 interim

95 1809 129 1861 et
142 1818 200 1860 rex
215 1795 352 1860 Bocchus
373 1798 543 1861 coniunctis
559 1798 621 1861 suis
637 1797 731 1881 copiis
747 1799 867 1881 cognito
886 1799 969 1883 rcffl's
984 1795 1077 1863 lubae
1092 1799 1219 1881 egressis

96 1900 218 1984 propius
235 1900 300 1962 eius
316 1921 440 1982 regnum
457 1901 557 1984 copias
577 1921 648 1963 suas
663 1901 843 1965 admouere:
868 1897 1056 1983 Cirtamque,
1081 1900 1219 1985 oppidum

95 2001 164 2065 eius
179 2001 266 2084 regni
281 2001 548 2083 opulentissimum,
573 2002 695 2065 adortus
718 2002 821 2086 puucis
837 2003 940 2068 diebus
956 2004 1115 2086 pugnando
1131 2001 1219 2086 cupit'

95 2115 130 2168 et
147 2103 185 2164 ad
201 2103 324 2165 eandem
340 2104 466 2165 formam
482 2104 607 2186 reliqua.
638 2101 742 2168 Solum
761 2105 840 2169 euius
856 2103 977 2169 Sittium
994 2126 1027 2168 se
1043 2126 1220 2168 commemo·

95 2226 185 2271 rasse
208 2205 338 2287 scriptor
359 2205 499 2289 putabat,
525 2206 574 2288 qui
589 2217 620 2269 et
634 2207 771 2291 princeps
788 2208 879 2272 totius
894 2206 1094 2290 expeditionis
1111 2217 1176 2269 erat
1191 2217 1223 2268 et

98 2320 206 2393 postea
231 2328 350 2390 semper
370 2308 454 2370 solus
477 2309 609 2390 ponitur.
646 2306 733 2391 Quod
755 2320 854 2374 autem
877 2311 908 2373 in
924 2321 1032 2373 octauo
1046 2309 1123 2371 libro
1139 2310 1175 2372 de
1190 2307 1219 2370 b.

99 2409 182 2474 Gall.
207 2410 384 2473 uarietatem
415 2410 669 2489 desiderauimus,
701 2413 749 2475 hio
778 2433 819 2477 ex
848 2412 1043 2476 similitudine
1072 2410 1223 2476 fastidium

99 2514 224 2596 quisque
239 2513 361 2575 sentiet.
392 2511 473 2575 Nam
489 2523 673 2597 praeterea,
698 2515 734 2577 de
750 2514 856 2597 quibus
870 2535 962 2598 supra
977 2514 1117 2591 diximus,
1141 2514 1224 2577 iden·

101 2615 193 2679 tidem
210 2615 284 2679 haec
299 2625 494 2698 repetuntur,
518 2637 644 2698 qnorum
667 2617 744 2699 apud
759 2615 890 2683 Hirtium
907 2618 981 2681 nihil
996 2619 1222 2699 frequentatur:

103 2721 293 2785 ‘aduersarii’
310 2719 357 2802 (1,
373 2718 405 2781 4.
431 2716 464 2790 3,
483 2716 514 2780 1.
538 2718 571 2797 8,
588 2718 620 2782 3.
646 2717 699 2797 11,
715 2719 748 2782 4.
775 2719 827 2796 14,
847 2719 876 2783 1.
911 2719 963 2797 18,
980 2719 1011 2784 5.
1038 2717 1091 2794 19,
1110 2719 1126 2782 1
1144 2730 1175 2782 et
1189 2718 1222 2783 2.

101 2822 241 2902 20,4et
256 2821 287 2886 5.
312 2821 365 2898 21,
384 2823 416 2885 3.
445 2818 499 2897 24,
516 2819 549 2883 2.
572 2817 626 2899 26,
646 2820 760 2886 teus.
784 2822 839 2901 27,
856 2822 890 2885 2.
913 2820 967 2897 31,
984 2819 1017 2882 8.
1042 2819 1096 2898 32,
1113 2820 1145 2884 4.
1170 2819 1224 2898 38,

102 2927 137 2989 2.
168 2925 278 3003 39,1.
310 2923 363 3002 41,
388 2923 419 2986 3.
450 2921 504 2999 52,
522 2921 553 2985 3.
585 2922 688 2999 57,2.
720 2923 775 3001 58,
792 2924 824 2987 2.
856 2923 909 2997 59,
928 2923 960 2985 5.
990 2921 1095 2998 61,7.
1125 2919 1226 2996 76,1.

102 3026 159 3105 78,
175 3027 206 3090 8.
237 3026 362 3107 79,1);
387 3025 556 3088 ‘contendit
577 3024 632 3087 ire'
659 3024 707 3105 (6,
723 3024 756 3088 4.
787 3026 842 3101 25,
860 3024 891 3088 1.
916 3022 970 3101 33,
988 3022 1020 3087 3.
1045 3022 1098 3102 39,
1115 3023 1147 3086 4.
1171 3021 1226 3099 41,

103 3131 138 3193 2.
162 3130 216 3208 75,
234 3127 266 3192 3.
290 3129 344 3207 83,
363 3129 394 3191 1.
418 3127 473 3205 87,
491 3126 523 3189 5.
547 3124 602 3201 89,
620 3125 653 3188 3.
677 3125 731 3201 92,
748 3127 785 3209 2)
809 3129 880 3191 ‘iter
896 3125 1005 3190 faeere'
1021 3123 1090 3203 (86,
1109 3124 1144 3207 5)
1169 3125 1229 3189 ‘lu-

104 3231 188 3318 gere'
212 3229 278 3311 (46,
296 3233 328 3295 2.
359 3228 416 3306 63,
433 3227 466 3290 3.
495 3225 550 3306 75,
567 3225 599 3289 6.
631 3226 686 3305 85,
702 3228 734 3290 4.
767 3227 871 3311 93,1)
897 3227 1007 3293 ‘ruere'
1023 3226 1092 3314 (83,
1110 3226 1144 3310 3)
1167 3233 1229 3310 ‘pe-

106 3333 183 3398 tere'
206 3332 274 3417 (59,
296 3331 331 3407 6)
358 3328 525 3412 ‘occupare’
548 3328 616 3409 (49,
644 3329 675 3403 1)
707 3330 849 3394 ‘mittere'
872 3329 940 3412 (16,
963 3330 1019 3414 2),
1051 3338 1125 3393 ‘non
1150 3330 1230 3393 desi·

108 3436 200 3501 stere'
224 3436 294 3522 (22,
312 3434 342 3497 1.
372 3433 428 3509 25,
444 3431 477 3494 3.
501 3429 556 3510 28,
572 3430 605 3495 2.
629 3430 683 3508 75,
700 3431 732 3495 7.
756 3432 811 3508 84,
828 3432 862 3514 2)
884 3443 914 3497 et
932 3440 1005 3497 ‘non
1019 3431 1230 3497 intermittere’

108 3538 178 3619 (26,
194 3537 230 3601 8.
257 3535 312 3615 29,
333 3535 442 3599 tut.
477 3532 614 3610 32‚2et
628 3533 660 3597 3.
692 3531 795 3613 36,1.
827 3534 881 3610 52,
898 3535 930 3599 2.
960 3535 1067 3618 61,7)
1091 3537 1231 3600 adiuncto

110 3641 278 3719 inlinitin03
305 3636 505 3701 ‘commorari'
529 3637 575 3718 (2,
599 3636 631 3700 2.
662 3634 696 3716 3,
719 3636 752 3699 2.
782 3635 814 3700 5.
846 3636 898 3713 18,
923 3637 955 3701 5.
991 3637 1095 3716 24,1.
1125 3637 1230 3716 32,1.

111 3742 166 3821 38,
183 3741 215 3811 2,
239 3740 343 3818 48,6
368 3739 421 3805 53.
444 3738 497 3818 63,
516 3738 689 3804 4et6bis·
713 3737 768 3816 78,
788 3737 1018 3805 3οι8ει9οι
1034 3740 1085 3804 16.
1109 3739 1164 3819 79,
1181 3740 1230 3823 2),

114 3845 240 3930 ‘egredi’
263 3844 298 3927 (3
321 3855 403 3907 extr.
420 3841 451 3919 6,
469 3843 502 3907 2.
529 3839 579 3921 16,
597 3842 629 3906 2.
656 3841 708 3920 11,
724 3841 757 3904 2.
792 3839 847 3918 25,
865 3842 895 3904 1.
920 3838 974 3922 34,
992 3840 1024 3904 5.
1049 3842 1102 3918 38,
1120 3843 1152 3907 3.
1177 3841 1230 3922 48,

113 3948 145 4011 1.
176 3946 230 4026 62,
254 3946 287 4012 5.
318 3943 372 4025 68,
389 3946 422 4010 2.
452 3942 506 4022 73,
523 3944 555 4007 4.
587 3942 640 4021 79,
657 3944 689 4008 2.
721 3941 824 4018 85,1.
857 3942 910 4023 88,
928 3944 960 4007 7.
991 3943 1045 4021 89,
1063 3943 1095 4006 3.
1128 3945 1182 4023 92,
1199 3945 1231 4008 2.

110 4048 238 4130 97,1),
264 4045 427 4133 ‘progredi'
449 4046 520 4128 (12,
542 4045 571 4109 1.
598 4046 650 4120 17,
667 4045 699 4108 2.
723 4045 778 4124 24,
794 4045 828 4110 2.
851 4045 906 4120 25,
923 4045 955 4107 3.
980 4044 1033 4109 36.
1057 4043 1110 4123 38,
1128 4045 1160 4108 4.
1178 4045 1232 4122 42,

114 4151 145 4216 1.
170 4149 223 4229 48,
240 4151 273 4216 6.
304 4149 490 4230 49,1ι>.ι2.
524 4147 580 4227 61,
597 4148 629 4210 3.
660 4146 762 4228 62,1.
791 4146 976 4225 ustos.
1000 4146 1055 4224 75,
1074 4146 1105 4210 1.
1128 4148 1183 4224 78,
1199 4147 1232 4210 2.

112 4252 170 4334 79,
186 4255 220 4320 2.
241 4253 296 4334 89,
315 4252 349 4337 1)
372 4263 406 4318 et
426 4252 559 4316 manime
576 4251 733 4336 participia
754 4250 880 4336 perlecti
903 4249 1006 4316 lterum
1023 4249 1113 4313 trium
1126 4248 1235 4312 uerbo·
