2692 4688
58 204 124 274 320
435 204 518 272 .Ῑ)Ε
539 203 685 272 RELLO
707 200 898 273 eunuco

80 378 103 445 2
117 378 299 456 acciderent,
312 376 428 460 equites
436 377 600 441 circumitis
609 376 737 441 bostium
746 377 854 441 naamis
863 373 978 441 Crasso
987 374 1239 441 renuntiauerant

117 502 178 544 non
194 479 299 543 eadem
313 498 381 542 esse
398 479 551 562 diligentia
574 480 611 543 ab
635 479 798 543 decumana
819 490 906 563 porta
920 490 1019 543 castra
1035 479 1147 542 munita
1163 478 1238 544 laci·

59 580 103 653 26
118 583 236 665 lemque
259 581 369 645 aditum
393 581 515 646 babere.
562 579 694 646 Crassus
718 582 848 664 etpuitum
863 584 1032 666 praefectos
1047 581 1237 660 cohortatus,

116 695 151 748 ut
165 683 282 767 magnis
298 683 438 766 praemiis
454 684 776 768 pollicitationibusque
792 705 864 748 suos
879 683 1069 761 excitarent,
1087 684 1157 766 quid
1172 684 1240 749 beri

80 785 202 864 2uelit,
220 786 361 849 ostendit.
407 783 475 865 llti,
502 798 537 850 nt
551 797 617 850 erat
632 788 827 871 imperatum,
852 786 967 849 eductis
988 785 1027 849 iis
1050 785 1236 865 cohortibus,
1260 797 1276 850 t

117 908 195 971 quae
210 888 478 971 praesidiocastris
494 888 618 953 relictae
631 889 754 952 intritae
770 889 807 951 ab
823 888 925 952 labore
940 898 1039 966 erant,
1056 898 1088 950 et
1101 888 1240 973 longiore

116 989 227 1054 itinere
243 989 465 1067 circumductis,
484 1011 569 1054 neex
579 990 706 1055 bostium
722 990 830 1054 eastris
844 989 978 1074 conspici
992 997 1128 1073 possent,
1145 991 1242 1053 omni·

118 1113 169 1157 um
184 1091 279 1157 oculis
294 1092 501 1176 mentibusque
517 1093 553 1157 ad
570 1114 698 1178 pugnam
713 1093 838 1156 intentis
853 1092 995 1157 celeriter
1009 1092 1045 1156 ad
1068 1112 1141 1170 eas,
1165 1112 1242 1175 quaa

83 1193 104 1261 3
120 1195 263 1273 diximus,
279 1195 462 1259 munitiones
477 1207 682 1280 peruenerunt
697 1206 785 1278 atque
802 1195 848 1258 bis
864 1194 995 1279 prorutis
1010 1194 1093 1279 prius
1106 1190 1243 1258 inbosti·

119 1319 170 1363 um
186 1299 296 1363 castris
311 1298 520 1371 constiterunt,
536 1319 623 1381 quam
638 1298 726 1382 plane
741 1298 777 1361 ab
793 1298 839 1361 bis
854 1297 950 1360 uideri
965 1305 1027 1374 aut,
1045 1296 1114 1379 quid
1129 1297 1175 1361 rei
1189 1317 1245 1382 ge-
1266 1307 1301 1362 lt

83 1396 251 1472 bresetur,
268 1401 409 1483 cognosci
426 1411 537 1485 posset.
585 1400 664 1464 Turn
687 1422 761 1465 uero
783 1400 914 1463 clamore
936 1399 973 1462 ab
989 1419 1026 1462 eu
1040 1408 1124 1482 parte
1139 1399 1242 1462 audito

121 1502 219 1565 nostri
233 1501 447 1584 redintegratis
462 1502 591 1577 uiribus,
608 1502 684 1585 quod
701 1503 872 1586 plerumque
886 1502 918 1566 in
934 1523 987 1586 spe
1001 1500 1149 1565 uictoriae
1163 1501 1241 1566 acei-

86 1600 106 1668 5
123 1604 195 1667 dere
210 1603 379 1679 consueuit,
396 1603 497 1666 acrius
512 1605 676 1688 inpugnare
692 1615 866 1689 coeperunt.
909 1602 1023 1667 Hostes
1039 1602 1168 1687 undique
1182 1604 1243 1668 eir·

122 1706 270 1769 cnmuonti
293 1705 459 1788 desperatis
479 1706 616 1769 omnibus
639 1708 730 1771 rebus
752 1727 787 1771 se
809 1726 863 1790 per
876 1706 1059 1769 munitiones
1078 1705 1198 1770 deicere
1212 1715 1245 1770 et

86 1804 193 1891 biuga
215 1807 342 1874 salutern
371 1817 474 1891 petere
500 1808 702 1872 intenderunt.
750 1807 835 1890 Quos
866 1808 1015 1890 equitatus
1045 1807 1243 1892 apertissimis
1266 1817 1300 1871 st

122 1911 236 1994 campis
252 1920 441 1974 consectatus
458 1931 499 1974 ex
514 1911 625 1975 milium
642 1925 663 1977 t
678 1933 816 1990 numero,
835 1930 911 1993 quae
926 1931 967 1973 ex
982 1909 1146 1992 Aquitania
1162 1904 1245 1974 Can·

123 2012 274 2094 tabuisque
296 2013 475 2078 conuenisse
498 2014 675 2093 constabat,
705 2015 760 2078 uix
782 2024 885 2096 quarta
917 2023 1001 2095 parte
1025 2011 1131 2075 relicta
1152 2011 1245 2076 multa

64 2115 108 2186 27
121 2124 209 2178 nocte
224 2134 258 2178 se
272 2114 303 2176 in
319 2125 419 2180 castra
434 2116 552 2199 recipit.
580 2114 646 2180 llnc
662 2117 762 2180 audita
778 2137 876 2201 pugna
892 2116 1023 2179 maxima
1039 2134 1109 2198 pars
1116 2114 1244 2197 Aquita·

123 2217 192 2280 niae
208 2236 277 2281 sese
293 2213 407 2283 Crasso
431 2219 541 2282 dedidit
563 2218 742 2302 obsidesque
764 2220 843 2282 ultro
858 2217 959 2294 misit3
983 2238 1043 2300 quo
1064 2218 1097 2281 in
1118 2235 1243 2280 numere

123 2321 246 2384 luerunt
259 2318 404 2394 Tarbelli,
421 2317 631 2403 Bigerriones,
651 2318 783 2396 Ptianii,
800 2319 953 2398 Vocates,
969 2317 1153 2396 Tarusates,
1168 2314 1244 2381 llla-
1265 2328 1301 2383 ²⁰

86 2421 217 2499 2sates,
235 2419 341 2497 Getes,
358 2420 465 2496 Ausci,
483 2420 644 2498 (insomni,
663 2420 843 2501 Sibuaates,
861 2419 1047 2486 Cocosates:
1072 2438 1184 2504 paucae
1197 2418 1243 2483 nl·

125 2523 215 2586 timae
230 2523 368 2587 nationes
384 2524 455 2585 anni
471 2533 604 2606 tempore
619 2526 762 2603 conlisae,
780 2525 857 2607 quod
873 2524 967 2589 biems
978 2523 1111 2603 suberat,
1127 2522 1186 2587 boc
1200 2523 1245 2587 la·
1299 2598 1302 2603 ¹

124 2644 195 2689 oere
211 2623 421 2706 neglexerunt.

65 2726 111 2799 28
212 2724 327 2791 Eodem
342 2727 407 2793 lere
428 2737 561 2811 tempore
578 2725 711 2810 Caesar,
735 2730 793 2794 etsi
817 2750 907 2815 prope
930 2739 1040 2793 exacta
1060 2728 1120 2794 iant
1143 2736 1245 2793 aestas

233 2953 245 3005 l
261 2952 419 3004 secederent
429 2952 503 3015 ΒΕ,
518 2954 646 3005 accedere
658 2955 751 3007 Aac.
874 2957 938 3004 ante
950 2953 1051 3019 equites
1065 2950 1130 3003 add.
1143 2949 1247 3002 slsaba·

122 3030 199 3095 taes.
304 3030 523 3083 renunciauerunt
535 3029 593 3096 (B).
696 3030 861 3094 2diligentia
874 3045 934 3084 esse
948 3030 973 3080 b.
1049 3028 1244 3094 dualitas),

123 3106 199 3158 uellit
212 3124 270 3158 eum
279 3114 384 3174 puncto
396 3109 445 3158 sub
456 3112 549 3175 priore
562 3110 570 3161 l
583 3110 626 3173 B,·
639 3110 721 3161 uellet
733 3111 758 3160 D
767 3109 819 3177 Es
829 3112 894 3160 ‘met‘
908 3109 957 3161 to’.
1062 3107 1095 3158 iis
1108 3107 1135 3158 A
1146 3110 1176 3157 et
1186 3121 1247 3156 ann

118 3190 225 3252 puncto
238 3188 390 3252 subpriore
403 3187 411 3237 i
425 3185 464 3251 Ε,
479 3188 502 3238 is
518 3188 555 3251 C,·
568 3188 629 3238 inde
642 3188 712 3253 ΕΕ,·
726 3204 765 3239 nn
778 3187 867 3240 obed
874 3204 888 3238 ι
894 3187 924 3254 s.
1035 3184 1197 3255 cohortibus]
1208 3186 1249 3238 le·

124 3262 244 3325 monibus
256 3277 284 3312 a.
406 3264 423 3314 b
435 3264 558 3314 interitae
571 3265 631 3328 sa,
647 3265 784 3316 interritae
796 3266 851 3321 As
861 3266 884 3316 0
895 3266 952 3329 (bic
963 3265 1015 3314 a'nt.
1029 3266 1115 3329 uera.)
1126 3261 1193 3327 Dd,
1207 3262 1248 3314 la·

123 3340 250 3404 tegraes.
355 3340 547 3407 lcircnmspiei
562 3351 669 3408 possent
682 3346 707 3394 b.
813 3343 1072 3408 beeleriteront.s.
1160 3342 1248 3409 bpar-

122 3423 252 3473 uenerent
264 3415 298 3466 A.
450 3420 565 3484 prorutis
576 3420 701 3471 Faunus
709 3438 718 3483 ,·
732 3421 863 3488 proruptis
875 3420 962 3470 ABE
974 3434 989 3468 e
1004 3418 1124 3482 ‘omnea',
1138 3431 1246 3484 praesa·

122 3494 210 3560 ptius.
318 3492 350 3545 ld
364 3493 404 3544 bis
417 3497 483 3561 As,
498 3496 549 3547 biis
560 3497 597 3561 Ε,
612 3501 649 3548 a'r's
663 3499 710 3564 (B)
718 3515 746 3549 u.
869 3499 902 3553 at
919 3496 1013 3562 nostri]
1028 3497 1093 3550 ntttt
1105 3511 1142 3548 m.
1153 3511 1200 3562 pr.
1213 3497 1248 3549 Ε.

234 3570 266 3625 tt
280 3570 422 3637 inpugnare
435 3575 468 3625 B.
579 3578 609 3629 15
623 3578 848 3643 contenderunts.
937 3576 969 3628 lb
986 3575 1174 3643 qninquaginta
1186 3573 1247 3641 (B).

232 3650 674 3723 ldrecipitABCD,recepitu.
797 3653 948 3720 bae]aoB.
1080 3654 1249 3707 ttuetttA.

231 3729 314 3796 misit]
328 3731 423 3782 obtulit
436 3733 465 3797 b,
481 3735 611 3801 detullts.
778 3731 1068 3794 sustinuimus,
1083 3729 1170 3783 Ptiani
1184 3731 1249 3797 (Η,

122 3803 295 3873 Ptbioianis,·
310 3806 427 3861 Preciani
441 3825 468 3860 u.
609 3809 731 3863 Elusates
744 3810 775 3874 cl,
791 3809 927 3861 Elostates
940 3809 1020 3860 dubie
1032 3809 1097 3871 An,
1113 3807 1249 3861 Flnstates

122 3882 209 3947 ΒΕ]
216 3889 243 3933 el
258 3887 352 3935 ‘cetera'
363 3887 409 3936 uel
419 3885 577 3939 Frustates’.
758 3888 789 3944 21
805 3887 885 3940 Gates
897 3886 922 3938 A
929 3887 954 3938 Ε
964 3886 989 3938 Ε
999 3885 1057 3950 ds,
1073 3884 1176 3938 (inlitos
1189 3900 1252 3939 m

118 3967 224 4031 puncto
236 3964 389 4029 subpriore
402 3966 410 4015 i
423 3965 462 4029 B,
477 3966 572 4018 Gentes
588 3966 624 4031 C,-
637 3965 743 4021 Garites
757 3983 785 4019 u.
893 3965 1010 4017 Garunni
1022 3964 1056 4016 Ε.
1175 3964 1252 4016 Siba-

125 4048 200 4095 satra
213 4043 239 4092 A
248 4042 300 4104 be,
321 4041 473 4094 Sibutastes
486 4045 557 4096 BE.-
578 4045 732 4099 Liberones.
754 4045 861 4098 Sanina.
877 4044 995 4096 Cateste.
1010 4049 1126 4095 rusates.
1142 4043 1251 4095 amisi.

128 4118 262 4183 bulatesj
278 4119 315 4170 ‘ln
330 4134 353 4170 e.
378 4117 539 4184 Liberam,
561 4120 640 4185 Sani,
654 4119 784 4186 Vasates,
806 4120 966 4183 Tarusates,
986 4119 1084 4184 Ausci,
1104 4120 1252 4174 Sibulates'

124 4195 253 4248 Setner'd.
428 4196 462 4253 22
475 4195 604 4264 nationes]
618 4198 742 4250 ciuitates
756 4212 779 4252 e.
954 4197 1054 4265 hiemps
1067 4197 1100 4249 B.

126 4276 265 4342 boeJide.
