2692 4688
70 212 136 283 ddi
473 210 531 279 llll
553 211 698 281 BELLO
715 208 913 280 uanuco

132 409 199 453 eum
222 385 311 451 tentis
333 385 461 468 expulsi
481 385 563 449 nullo
590 385 658 450 loeo
688 387 799 450 diutius
827 386 995 450 consistere
1018 385 1165 451 auderent
1195 407 1256 453 neo

131 492 273 561 siluarum
290 488 438 572 praesidio
453 489 679 573 tempestatibus
694 489 864 554 durissimis
878 488 939 572 tegi
955 499 1098 573 possent,
1126 489 1256 575 dispersi

97 594 120 666 ί
135 613 242 679 magna
258 601 346 676 parto,
358 590 469 655 amissa
482 612 607 655 auorum
620 592 804 677 dissipantur
814 593 844 655 in
859 590 1160 656 initimasoiuitates.
1177 588 1258 657 Cae·

133 717 185 762 sar
199 706 333 779 tempore
347 693 416 758 anni
432 693 619 773 difficillimo,
644 716 710 758 oum
732 695 806 757 entis
823 694 947 757 heberet
960 691 1179 759 conuenientes
1194 716 1257 760 mn·

133 818 192 865 nus
200 797 372 880 dissipare,
396 815 435 859 ne
456 796 535 878 quod
560 797 676 862 initium
691 796 761 860 belli
779 807 975 875 nasceretur,
999 806 1203 882 quantumque
1224 797 1257 862 in
1278 810 1293 861 t

134 901 252 967 ratione
267 908 367 978 esset,
391 898 579 982 exploratum
601 898 727 962 haberet
740 900 794 963 sub
811 911 927 983 tempus
942 899 1126 963 aestiuorum
1142 900 1258 964 nullom

103 1026 107 1033 ’
133 1023 282 1069 summum
296 1000 405 1065 bellurn
422 1019 510 1083 posse
526 1001 661 1077 eonllari,
679 998 787 1064 Gaium
804 1000 990 1066 Trebonium
1006 1021 1072 1065 oum
1083 1001 1198 1066 duabus
1214 1001 1258 1066 le·

98 1104 283 1190 2gionibos,
301 1123 375 1187 quas
390 1101 633 1179 seoumbabebm,
652 1103 682 1165 in
698 1102 958 1169 hibernisGenabi
970 1104 1159 1181 eonloounitq
1175 1103 1256 1187 ipse,

135 1228 202 1273 eune
217 1206 332 1273 erebuis
353 1204 550 1289 legationibus
567 1202 728 1269 Remorum
751 1207 865 1270 nertior
886 1206 978 1271 fieret
987 1203 1184 1282 Bellouacos,
1208 1206 1260 1288 qui

136 1309 206 1373 belli
221 1308 318 1392 gloria
333 1304 439 1372 Gallos
455 1326 561 1371 oannes
575 1303 744 1392 Belgasque
760 1308 971 1393 praestabant,
995 1308 1196 1391 finitimasque
1211 1308 1258 1373 luis
1282 1316 1315 1371 tt

137 1411 277 1476 ciuitates
299 1410 373 1472 dune
396 1404 515 1473 Correo
536 1405 698 1473 Belloueso
722 1421 752 1474 et
775 1407 912 1475 Commio
934 1410 1079 1475 Atrebate
1101 1410 1259 1475 exereitus

138 1521 416 1596 compararentque
437 1511 470 1573 in
487 1532 574 1574 uuum
590 1512 687 1575 losum
704 1533 832 1596 eogere,
859 1524 891 1577 ut
912 1514 992 1577 omni
1016 1513 1203 1577 multitudine
1226 1513 1260 1576 in

138 1617 214 1681 lines
229 1611 445 1690 Suessionum,
461 1613 512 1695 qni
527 1610 632 1677 llomis
647 1625 735 1678 erant
749 1615 910 1693 adtributi,
936 1618 1072 1680 fenerent
1093 1613 1260 1700 inpressio-

139 1737 219 1792 nem,
237 1716 388 1801 pertinere
403 1724 502 1781 autem
518 1736 580 1778 non
596 1727 710 1779 tantum
726 1717 763 1780 ed
778 1718 964 1801 dignitatem,
984 1718 1037 1782 sed
1053 1717 1142 1783 etiam
1157 1718 1195 1782 ad
1210 1737 1260 1782 sa·

140 1821 229 1884 lutens
246 1839 331 1882 suam
347 1817 494 1881 iudicaret
514 1816 625 1881 nudem
647 1819 845 1884 calamitatem
868 1821 967 1883 sooios
989 1820 1098 1903 optime
1121 1820 1157 1884 de
1171 1840 1260 1903 repu·
1284 1829 1317 1884 ts

103 1919 216 1989 3blioa
231 1920 354 1984 meritos
369 1920 516 2004 accipere,
534 1920 681 2003 legionem
697 1943 738 1985 ex
753 1922 885 1987 hibernis
902 1933 1123 1987 euoeetrursus
1136 1921 1260 1985 undeni·

139 2045 230 2101 mam,
248 2022 364 2086 litteras
379 2031 477 2086 nutem
493 2022 530 2085 ad
547 2019 655 2086 Gaium
671 2021 794 2088 Fabium
810 2025 917 2104 mittit,
936 2035 968 2087 ut
981 2025 1013 2087 in
1029 2025 1103 2088 lines
1119 2020 1260 2088 Suessio-

139 2148 208 2193 num
224 2124 359 2209 legiones
375 2125 468 2203 duas,
485 2145 560 2208 quas
576 2125 718 2203 habebat,
737 2127 917 2205 adduceret,
935 2126 1117 2209 alteramque
1132 2146 1173 2191 ex
1188 2127 1261 2190 doa-

103 2229 196 2295 lbus
211 2227 249 2292 ab
265 2223 402 2290 Labieno
417 2228 554 2290 urnessit.
586 2224 650 2306 lta,
675 2239 815 2311 quantum
838 2230 1030 2294 hibernorum
1052 2227 1260 2313 opportunitas

139 2332 268 2414 bellique
284 2329 362 2392 ratio
378 2329 564 2412 postulabat,
589 2341 733 2414 perpetuo
748 2353 803 2396 suo
819 2331 921 2397 lubere
936 2332 968 2395 in
983 2332 1078 2396 uieem
1093 2329 1262 2414 legionibus
1282 2338 1317 2394 tt

102 2432 363 2517 'lanpeditionum
381 2451 456 2494 onus
480 2431 665 2516 iniungebat.
698 2431 755 2497 llis
777 2434 871 2518 copiis
893 2435 1007 2498 eoeetis
1028 2434 1065 2498 ad
1080 2427 1260 2497 Bellouooos

142 2532 341 2621 prolioisoitur
362 2532 528 2615 castrisque
549 2533 579 2596 in
601 2554 705 2597 eorum
728 2536 836 2600 finibus
858 2537 964 2619 positis
990 2535 1122 2622 equitum
1146 2543 1259 2595 turmas

140 2634 308 2703 dimittitis
323 2652 427 2696 omnes
442 2647 543 2716 partes
558 2638 595 2700 ad
611 2637 727 2720 aliquos
743 2638 949 2722 excipiendos,
966 2657 1006 2701 ex
1016 2634 1260 2720 quibuubostium

103 2736 266 2807 edomiti·
281 2747 487 2821 cognosceret.
518 2735 646 2822 Equites
670 2741 765 2805 offieio
788 2742 880 2805 iuneti
901 2738 1074 2803 renuntiant
1095 2756 1207 2822 paoem
1229 2738 1260 2798 in

140 2839 283 2907 aediliciis
299 2859 368 2904 esse
383 2839 543 2919 inuentos,
567 2852 656 2925 atque
680 2844 754 2919 hos,
772 2865 833 2906 non
849 2843 897 2926 qui
912 2860 1051 2926 agrorum
1067 2836 1259 2901 colendorum
1283 2850 1318 2900 25

140 2964 231 3009 eausa
248 2942 464 3006 remansissent
479 2945 620 3026 (namque
636 2965 704 3009 esse
721 2945 849 3032 undique
865 2944 1023 3026 diligenter
1034 2939 1258 3022 demigratum),

106 3045 127 3111 3
141 3047 194 3112 sed
210 3046 257 3130 qui
273 3045 444 3129 speculandi
470 3067 560 3109 eausa
576 3060 678 3112 essent
692 3048 823 3111 remissi.
855 3044 1005 3129 Aquinus
1021 3064 1087 3106 oum
1103 3051 1262 3125 quaereret

141 3145 271 3227 Caesar,
288 3168 346 3230 quo
362 3147 429 3211 lnoo
445 3149 601 3213 multitudo
617 3162 699 3215 esset
713 3146 942 3214 Bellouacorum
960 3146 1077 3230 quodue
1093 3154 1176 3210 esset
1190 3163 1260 3207 eon·

251 3423 266 3474 b
279 3427 512 3490 quantumcumque
526 3425 550 3475 t.
672 3426 688 3476 6
702 3433 774 3477 esset
786 3441 838 3478 om.
854 3427 879 3474 b.
1008 3422 1022 3472 7
1038 3419 1129 3471 Gaium
1142 3418 1175 3483 B,
1189 3417 1219 3469 C.
1234 3433 1262 3467 u.

251 3499 267 3550 8
281 3496 377 3548 Ceonbi
392 3498 424 3551 B.
546 3501 696 3552 conlocauit
707 3501 741 3553 B.
864 3501 879 3551 9
893 3514 940 3548 eon
953 3499 987 3550 B.
1120 3496 1152 3547 10
1166 3494 1205 3544 bis
1218 3494 1264 3543 Ae

144 3580 219 3631 ‘flm-
232 3575 342 3638 ⁰²l⁸²¹⁰⁸2
358 3575 390 3626 iis
403 3576 436 3626 B.
561 3579 589 3632 ll
605 3577 702 3630 Correo
718 3579 755 3629 te
766 3591 871 3644 semper
883 3577 1033 3642 optimique
1047 3575 1140 3624 orosu·
1150 3570 1196 3631 Vl,
1214 3570 1241 3620 tl
1255 3587 1262 3629 3

144 3655 245 3711 (ΜΝ
259 3655 320 3706 Μ
331 3656 442 3721 ”illst
564 3657 650 3708 Comio
664 3657 720 3721 (B).
841 3655 873 3708 13
886 3654 1044 3707 suessonum
1057 3653 1100 3702 bie
1111 3655 1138 3700 et
1150 3650 1227 3714 insro
1242 3649 1266 3699 B

143 3731 372 3801 ‘mas·plorique’.
490 3735 614 3786 adtributi
628 3737 661 3787 B.
778 3736 967 3802 inpressionem
980 3733 1012 3784 B.
1127 3727 1263 3781 ttGainun

143 3813 262 3878 s‚c.u.
369 3809 607 3862 attestantes.
715 3808 1033 3872 lllubB‘eonetd',ae.
1148 3802 1264 3853 stieno

143 3908 171 3955 e,
186 3890 267 3941 Lusio
280 3888 397 3940 Lubieno
410 3887 435 3939 B
447 3894 474 3938 st
485 3892 527 3939 ae'o
541 3892 549 3916 ‘
557 3891 601 3940 uel
611 3888 642 3940 L.
656 3889 772 3941 Labieno
785 3891 887 3956 reliqua·
894 3888 900 3909 ’
910 3887 1050 3955 preeler2
1063 3884 1148 3944 dett,
1169 3881 1201 3933 T.
1216 3880 1265 3931 La-

143 3973 259 4025 bieuou.
365 3967 535 4032 itaquebea.
640 3968 960 4034 llenueiropiogebnte.
1082 3959 1263 4014 lienosiliunn

144 4047 178 4101 A·
284 4049 474 4107 etsnoseerent
486 4044 529 4094 be.
636 4047 668 4099 25
682 4045 877 4097 incolendorum
889 4043 963 4095 And.
978 4042 1079 4102 Onon„
1092 4044 1119 4089 et
1132 4041 1161 4089 δη
1174 4051 1188 4086 e
1200 4041 1266 4085 ante

144 4124 313 4181 splendorum
325 4119 411 4171 illm
422 4125 472 4170 Μ·
585 4122 617 4175 26
631 4124 800 4175 remansisset
812 4128 876 4176 unte
889 4135 960 4174 eorr.
977 4121 1009 4170 B·
1125 4116 1156 4171 21
1172 4129 1265 4181 speon-

144 4196 338 4257 landienusall
348 4195 479 4261 ‘releqeeg
494 4196 645 4263 speculandi
653 4199 738 4264 gratia
752 4199 844 4250 tede.
934 4196 967 4250 28
979 4204 1048 4248 esset
1055 4192 1264 4262 postmultitodo

145 4295 199 4334 oen.
215 4279 239 4329 t.
346 4272 458 4339 quodne,
472 4276 503 4322 ut
515 4272 635 4337 uidetur,
649 4290 672 4323 s.
