2692 4688
82 233 147 301 2⁷8
476 227 535 296 llll
557 226 702 297 BELLO
725 224 915 296 GAIMGG

103 402 256 469 drodices
277 401 387 467 montis
407 420 449 466 ex
463 410 590 486 utraque
606 411 691 488 parte
704 401 788 486 ripae
803 401 933 466 dominis
945 399 1133 486 contingant.
1168 397 1262 465 ilaue

105 503 243 570 7mnrus
257 503 457 569 circumdatus
472 524 572 569 arcem
587 505 677 569 edicit
690 514 722 568 et
730 524 796 569 enm
805 503 912 588 oppido
919 503 1086 588 coniungit.
1103 498 1261 568 flucCee-

140 628 193 673 aar
213 607 330 690 magnis
347 607 502 671 nocturnis
517 605 690 691 diurnisque
709 605 866 671 itineribus
890 605 1042 671 contendit
1056 614 1263 689 occupatoque

137 710 244 796 oppido
259 707 300 773 ibi
315 709 495 792 praesidium
511 709 659 774 conlocat.

80 829 126 900 tt
226 825 306 893 Dum
321 848 434 914 paucos
448 828 511 894 dies
526 829 563 891 ad
577 824 796 893 Vesontionem
818 826 863 890 rei
879 825 1094 891 frumentariae
1108 840 1259 889 commea·
1280 834 1298 888 Ι

138 941 242 1015 tueque
267 941 532 1007 consumeretur,
564 947 605 993 ex
627 928 853 1013 percontatione
876 938 1046 993 nostrornm
1077 925 1261 1011 nucibusque

138 1031 294 1099 Gallorum
309 1053 345 1098 ac
360 1043 574 1107 memnonem,
590 1031 641 1115 qni
655 1030 771 1115 ingenti
785 1030 989 1114 magnitudine
1005 1048 1165 1114 corporum
1180 1026 1262 1095 Ges*

136 1154 261 1213 manos,
288 1134 456 1199 incredibili
470 1134 581 1198 uirtute
595 1143 686 1217 atque
700 1133 920 1197 exercitatione
935 1133 967 1196 in
981 1131 1074 1197 armis
1088 1148 1158 1195 esse
1172 1148 1262 1215 prae·

136 1235 271 1301 dicabant
289 1241 518 1322 (saepenumero
533 1256 601 1301 sese
613 1256 680 1300 cum
696 1235 742 1300 bie
757 1252 938 1320 congressos
952 1254 991 1298 nc
1010 1234 1125 1298 unltnm
1140 1232 1262 1316 quidem

137 1350 227 1423 atquc
242 1340 338 1404 aciem
352 1338 506 1403 oculorum
522 1338 661 1403 dicebant
675 1339 756 1403 ferre
772 1335 933 1421 potuisse),
950 1345 1052 1400 tantus
1063 1333 1161 1401 subito
1168 1334 1264 1401 timor
1287 1342 1322 1400 to

137 1460 255 1505 omnem
271 1441 438 1505 exercitum
454 1441 630 1525 occupauit,
655 1450 688 1504 nt
707 1461 768 1505 nou
787 1437 980 1503 mediocriter
995 1438 1126 1503 omniurn
1140 1447 1262 1503 mentes

99 1540 121 1605 2
135 1543 310 1633 animosque
332 1542 533 1627 perturbaret.
572 1541 632 1606 llic
651 1541 778 1626 primum
791 1552 877 1604 crtns
892 1552 940 1605 est
953 1561 972 1605 a
987 1540 1118 1605 tribunis
1131 1539 1261 1605 militnm

135 1644 296 1726 praelectis
309 1644 511 1729 reliquisque,
536 1643 586 1729 qui
601 1664 643 1710 ex
664 1645 738 1708 urbe
758 1643 908 1708 amicitiae
922 1662 1013 1708 causa
1028 1638 1195 1709 cauam
1207 1654 1262 1709 sn·

100 1740 121 1805 3
136 1744 197 1808 coti
212 1766 273 1810 non
288 1768 426 1832 magnum
440 1745 473 1811 in
488 1766 523 1810 re
537 1745 660 1811 militari
675 1766 762 1810 nsum
777 1745 945 1810 habebant:
964 1764 1088 1828 prorum
1105 1743 1184 1809 aliae
1198 1742 1261 1810 elie

136 1866 228 1911 eausa
242 1848 348 1927 inlata,
365 1871 452 1931 quum
467 1850 524 1915 sibi
536 1846 829 1932 adprcdciseendnm
840 1847 1043 1912 neeessariam
1051 1842 1260 1928 essedineret,
1284 1856 1322 1913 15

136 1948 268 2031 petebat,
278 1959 313 2012 ut
320 1948 385 2014 eius
392 1951 549 2017 uoluntate
557 1950 710 2015 discedere
720 1951 844 2029 liceret3
862 1948 997 2014 nonnulli
1004 1948 1260 2035 putomettnen',

99 2044 170 2111 dut
193 2049 308 2114 timoris
331 2051 529 2136 suspicionem
551 2055 701 2132 niterent,
726 2052 932 2118 remanebant.
971 2049 1013 2115 lli
1028 2070 1127 2134 neque
1140 2051 1261 2117 uultu·

135 2150 251 2233 lingere
266 2172 362 2237 neque
377 2155 526 2219 interdum
542 2156 682 2220 lacrimas
699 2166 802 2221 tenere
816 2165 973 2239 poterants
1004 2153 1097 2217 abditi
1112 2153 1145 2218 in
1159 2151 1262 2219 tabee·-

135 2253 252 2318 usculis
274 2266 328 2319 aut
350 2276 436 2321 snum
460 2259 552 2322 latum
575 2257 796 2344 querebantur,
820 2268 959 2321 anteum
981 2256 1178 2320 familiaribus
1192 2252 1259 2321 suia

101 2353 121 2419 5
137 2377 296 2422 commune
311 2358 475 2441 perieulum
491 2360 723 2425 miserabuntur.
748 2357 848 2442 Volgo
866 2361 939 2424 totis
954 2359 1063 2426 castris
1078 2367 1261 2423 testamenta
1280 2364 1320 2422 111

133 2457 379 2539 obsignabantur.
414 2459 526 2525 liorem
546 2462 670 2541 uocibus
692 2483 729 2527 ae
748 2461 857 2527 timore
878 2461 1021 2546 paulatim
1036 2460 1127 2525 etiem
1141 2457 1184 2537 ii,
1206 2456 1261 2541 qni

133 2578 272 2642 magnum
288 2560 319 2624 in
335 2561 443 2625 castris
460 2583 544 2627 usum
561 2564 727 2643 habebant,
750 2565 860 2628 milites
882 2562 1133 2645 centurionesque
1145 2558 1258 2642 qouque

96 2655 119 2723 d
133 2660 276 2745 equitatui
292 2673 465 2746 praeerant,
482 2664 726 2748 petorbabantnr.
765 2663 826 2749 Qui
848 2687 882 2730 se
904 2687 945 2732 ex
960 2666 1007 2729 bis
1022 2664 1121 2729 minna
1133 2659 1257 2727 timidos

133 2761 302 2827 existimari
319 2765 472 2840 uolebant,
491 2787 549 2830 non
566 2788 600 2832 se
616 2769 731 2833 bostem
747 2769 860 2847 uereri,
884 2768 937 2832 sed
952 2767 1109 2853 augustias
1122 2763 1255 2844 itineris,

132 2866 365 2950 magnitudinem
381 2869 537 2949 siluarum,
556 2890 631 2953 quac
647 2871 869 2937 intercederent
883 2871 963 2934 inter
977 2870 1058 2955 ipsos
1068 2863 1258 2954 atqoeArio·
1279 2876 1317 2932 tt

275 3047 286 3098 1
310 3048 412 3101 radices
431 3050 528 3102 montis
545 3050 653 3118 Anu,
672 3055 739 3103 item
751 3052 790 3118 B,
810 3055 839 3103 ιἰι
857 3068 910 3118 quo
928 3051 985 3102 eins
1001 3056 1068 3121 poet
1083 3049 1187 3103 radices
1204 3062 1243 3101 n.

131 3134 183 3171 see.
196 3136 339 3189 cupreae.,·
359 3125 462 3178 radices
476 3128 533 3179 eius
545 3129 677 3196 montius.
855 3129 871 3181 3
885 3127 1019 3179 nocturnis
1038 3142 1092 3179 osu.
1111 3140 1149 3177 ee.
1160 3140 1206 3193 pr.
1220 3122 1255 3176 0.

272 3201 455 3270 dluturuisqoe
467 3206 492 3255 B
498 3206 528 3259 G.
710 3207 726 3258 1
745 3205 865 3257 conlocat
877 3207 963 3272 ΑΜ
1153 3206 1168 3256 b
1181 3200 1255 3270 dnn]

131 3292 188 3329 enm
207 3278 240 3328 B.
362 3277 377 3327 d
397 3281 592 3343 percontatione
611 3280 730 3348 ABCJ,
754 3282 966 3348 percunctatione
988 3282 1034 3347 (Ε)
1055 3286 1083 3332 et
1102 3282 1204 3347 ubique
1224 3295 1255 3331 ιι.

255 3357 271 3409 d
285 3356 326 3407 bis
339 3356 458 3424 ABER
477 3359 516 3409 eis
528 3374 557 3410 ιι.
679 3359 712 3412 td
722 3360 847 3410 dicebant
859 3363 888 3410 in
900 3374 990 3428 marg.
1005 3361 1020 3410 b
1033 3359 1189 3431 suppletum
1201 3373 1256 3410 ees.

130 3456 148 3490 u
156 3442 293 3507 paucique
303 3441 428 3504 pessimi.
522 3440 556 3492 12
567 3438 636 3506 abl.
743 3440 775 3492 13
788 3440 958 3507 reliquiisque
972 3440 1007 3492 B.
1106 3438 1192 3491 secuti
1203 3452 1256 3491 ιοι

129 3531 247 3580 magnum
262 3515 289 3565 in
301 3530 330 3565 re
342 3515 398 3565 DE
407 3520 436 3565 et
447 3515 512 3567 dett.
520 3518 587 3584 sere
598 3530 709 3570 omnes.-
728 3518 812 3568 esentt
826 3532 875 3568 non
889 3532 1009 3581 magnum
1021 3516 1165 3584 perieulum
1176 3515 1259 3569 nise·

131 3591 257 3644 rebantur
268 3593 293 3645 in
309 3608 337 3644 re
351 3594 389 3657 B,
411 3597 440 3644 ιἰι
462 3611 515 3660 qno
532 3598 615 3648 serbe
634 3596 779 3663 pericnlum
797 3598 991 3648 miserebantur
1007 3597 1098 3650 delete
1109 3600 1202 3648 essee.
1214 3609 1255 3647 se.

129 3671 221 3722 eudem
236 3676 264 3722 et
274 3670 340 3738 qnod
355 3671 370 3722 il
384 3686 503 3737 magnum
514 3679 705 3741 suprascripte
716 3681 798 3740 ennt3
816 3676 900 3727 secuti
914 3692 963 3727 non
976 3690 1095 3741 magnum
1108 3674 1258 3743 periente!

127 3748 331 3811 miserabantur,
346 3750 413 3816 qnod
428 3766 476 3802 nnn
490 3766 609 3816 magnum
622 3753 648 3804 in
663 3768 692 3804 re
708 3753 747 3817 C,-
761 3754 846 3805 secuti
859 3769 978 3819 maguum
992 3753 1135 3820 pericnlum
1147 3754 1259 3807 ulnera·

127 3827 240 3894 bantur,
269 3829 337 3895 qnod
357 3844 407 3878 non
427 3844 545 3891 nanum
565 3832 591 3883 ln
611 3846 640 3882 re
659 3832 685 3883 A
701 3830 761 3897 (aed
782 3833 994 3884 misereabentur
1012 3848 1072 3883 enne
1090 3837 1194 3898 puncto
1205 3832 1259 3884 seb

128 3920 143 3956 e
156 3911 220 3957 nate
232 3908 260 3963 a)
273 3922 289 3955 n
304 3904 389 3971 d(ds'e
400 3906 603 3975 miserebantur)
616 3909 636 3960 d
643 3910 687 3976 ej.
702 3910 733 3961 P.
748 3911 777 3962 tt
795 3916 868 3962 sectr.
881 3915 909 3961 et
920 3910 964 3964 17.
1038 3912 1069 3965 15
1084 3912 1168 3963 telate
1179 3910 1269 3981 Ans.

173 3982 207 4034 20
221 3981 298 4046 uolgo
310 3983 334 4033 B
347 3989 374 4034 et
384 3997 421 4034 aa.
434 3997 486 4035 see.
499 3984 531 4034 G.
601 3986 631 4040 21
649 3986 675 4037 bl
690 3987 714 4037 A
721 3987 803 4055 BEJ.
874 3988 910 4043 22
923 3988 1018 4056 quique
1029 3988 1053 4041 C
1059 3994 1088 4040 et
1096 4002 1170 4042 eon,
1179 3988 1214 4052 B,
1227 3997 1259 4042 et

128 4054 238 4124 emaque
251 4059 276 4108 A
281 4059 307 4109 D
320 4063 423 4110 etanta
442 4074 512 4110 corr.
528 4060 561 4124 B,
584 4061 681 4128 qnlqoe
693 4063 737 4129 qni
752 4063 777 4116 d.
893 4064 927 4115 td
940 4065 1058 4131 equitatu
1070 4081 1090 4117 ιι
1102 4080 1163 4117 sees
1175 4064 1259 4117 ‘Ves-

124 4134 223 4188 stnno’.
320 4135 354 4189 2⁴
366 4137 480 4201 itineris,
494 4137 602 4200 nascit.
619 4143 693 4190 ‘man
706 4139 838 4206 ptem'pus'
853 4142 939 4195 ABE
949 4145 978 4191 et
987 4157 1025 4192 m.
1036 4157 1082 4209 pr.
1096 4143 1137 4207 Bp
1150 4142 1259 4194 itineris

129 4221 157 4263 et
167 4212 276 4277 magnit.
291 4227 318 4263 u.
435 4214 469 4268 ut
483 4212 679 4266 intercederent
690 4215 761 4266 inter
772 4217 842 4282 ipsos
855 4224 934 4284 atque
947 4218 1108 4271 annulatam
1122 4219 1163 4283 B,
1178 4224 1257 4271 ‘erem

127 4297 230 4343 uatem
246 4290 392 4358 pleriqae',
416 4294 484 4360 {fere
504 4292 585 4344 iidem
595 4330 603 4356 ,
623 4297 672 4360 qni
690 4302 717 4344 et
735 4301 800 4345 unte
813 4296 1016 4360 magnitudinem
1029 4295 1093 4348 aar)
1105 4296 1255 4350 Sedecim:
