<?xml version="1.0" encoding="UTF-8"?>
<!DOCTYPE html PUBLIC "-//W3C//DTD XHTML 1.0 Transitional//EN"
    "http://www.w3.org/TR/xhtml1/DTD/xhtml1-transitional.dtd">
<html xmlns="http://www.w3.org/1999/xhtml" xml:lang="en" lang="en">
 <head>
  <title>
</title>
<meta http-equiv="Content-Type" content="text/html;charset=utf-8" />
  <meta name='ocr-system' content='tesseract 3.04.00' />
  <meta name='ocr-capabilities' content='ocr_page ocr_carea ocr_par ocr_line ocrx_word'/>
</head>
<body>
  <div class='ocr_page' id='page_1' title='image "./civliicaesarisc02hirtgoog_0608.png"; bbox 0 0 2692 4688; ppageno 0'>
   <div class='ocr_carea' id='block_1_1' title="bbox 460 173 1323 247">
    <p class='ocr_par' dir='ltr' id='par_1_1' title="bbox 460 173 1323 247">
     <span class='ocr_line' id='line_1_1' title="bbox 460 173 1323 247; baseline 0.003 -5"><span class='ocrx_word' id='word_1_1' title='bbox 460 174 600 244; x_wconf 85' lang='lat' dir='ltr'><strong>cotttt.</strong></span> <span class='ocrx_word' id='word_1_2' title='bbox 616 174 662 243; x_wconf 92' lang='lat' dir='ltr'><strong>lll</strong></span> <span class='ocrx_word' id='word_1_3' title='bbox 678 173 773 243; x_wconf 78' lang='lat' dir='ltr'><strong>uat’.</strong></span> <span class='ocrx_word' id='word_1_4' title='bbox 788 174 883 245; x_wconf 77' lang='grc'><strong>70-</strong></span> <span class='ocrx_word' id='word_1_5' title='bbox 893 174 949 243; x_wconf 83' lang='grc'><strong>73.</strong></span> <span class='ocrx_word' id='word_1_6' title='bbox 1259 174 1323 247; x_wconf 74' lang='grc'><strong>601</strong></span> 
     </span>
    </p>
   </div>
   <div class='ocr_carea' id='block_1_2' title="bbox 95 334 1330 3199">
    <p class='ocr_par' dir='ltr' id='par_1_2' title="bbox 149 334 1302 739">
     <span class='ocr_line' id='line_1_2' title="bbox 150 334 1268 438; baseline 0.003 -23"><span class='ocrx_word' id='word_1_7' title='bbox 150 370 257 436; x_wconf 85' lang='lat' dir='ltr'><strong>passus</strong></span> <span class='ocrx_word' id='word_1_8' title='bbox 274 369 371 432; x_wconf 89' lang='lat' dir='ltr'><strong>neqne</strong></span> <span class='ocrx_word' id='word_1_9' title='bbox 385 347 419 412; x_wconf 91' lang='lat' dir='ltr'><strong>in</strong></span> <span class='ocrx_word' id='word_1_10' title='bbox 432 334 559 425; x_wconf 80' lang='lat' dir='ltr'><strong>litteris,</strong></span> <span class='ocrx_word' id='word_1_11' title='bbox 575 368 649 431; x_wconf 88' lang='lat' dir='ltr'><strong>quaa</strong></span> <span class='ocrx_word' id='word_1_12' title='bbox 664 347 797 412; x_wconf 87' lang='lat' dir='ltr'><strong>seribere</strong></span> <span class='ocrx_word' id='word_1_13' title='bbox 811 358 860 412; x_wconf 90' lang='lat' dir='ltr'><strong>est</strong></span> <span class='ocrx_word' id='word_1_14' title='bbox 872 348 1000 426; x_wconf 85' lang='lat' dir='ltr'><strong>solitas,</strong></span> <span class='ocrx_word' id='word_1_15' title='bbox 1017 369 1115 438; x_wconf 85' lang='lat' dir='ltr'><strong>aeque</strong></span> <span class='ocrx_word' id='word_1_16' title='bbox 1129 352 1160 417; x_wconf 88' lang='lat' dir='ltr'><strong>in</strong></span> <span class='ocrx_word' id='word_1_17' title='bbox 1177 351 1268 418; x_wconf 84' lang='lat' dir='ltr'><strong>lasei-</strong></span> 
     </span>
     <span class='ocr_line' id='line_1_3' title="bbox 149 447 1302 540; baseline -0.002 -20"><span class='ocrx_word' id='word_1_18' title='bbox 149 456 205 519; x_wconf 90' lang='lat' dir='ltr'><strong>bus</strong></span> <span class='ocrx_word' id='word_1_19' title='bbox 221 452 352 535; x_wconf 83' lang='lat' dir='ltr'><strong>insignia</strong></span> <span class='ocrx_word' id='word_1_20' title='bbox 366 450 488 514; x_wconf 86' lang='lat' dir='ltr'><strong>laureae</strong></span> <span class='ocrx_word' id='word_1_21' title='bbox 504 451 654 535; x_wconf 88' lang='lat' dir='ltr'><strong>praetulit.</strong></span> <span class='ocrx_word' id='word_1_22' title='bbox 686 450 730 513; x_wconf 80' lang='lat' dir='ltr'><strong>At</strong></span> <span class='ocrx_word' id='word_1_23' title='bbox 743 447 917 528; x_wconf 77' lang='lat' dir='ltr'>Labienus,</span> <span class='ocrx_word' id='word_1_24' title='bbox 940 472 1007 515; x_wconf 90' lang='lat' dir='ltr'><strong>eum</strong></span> <span class='ocrx_word' id='word_1_25' title='bbox 1022 452 1059 515; x_wconf 93' lang='lat' dir='ltr'><strong>ab</strong></span> <span class='ocrx_word' id='word_1_26' title='bbox 1074 474 1111 518; x_wconf 86' lang='lat' dir='ltr'><strong>eo</strong></span> <span class='ocrx_word' id='word_1_27' title='bbox 1125 456 1302 540; x_wconf 73' lang='lat' dir='ltr'><strong>impetra-i</strong></span> 
     </span>
     <span class='ocr_line' id='line_1_4' title="bbox 151 539 1268 636; baseline -0.001 -15"><span class='ocrx_word' id='word_1_28' title='bbox 151 559 264 632; x_wconf 89' lang='lat' dir='ltr'><strong>nisset,</strong></span> <span class='ocrx_word' id='word_1_29' title='bbox 284 565 317 617; x_wconf 92' lang='lat' dir='ltr'><strong>ut</strong></span> <span class='ocrx_word' id='word_1_30' title='bbox 330 552 387 617; x_wconf 91' lang='lat' dir='ltr'><strong>sibi</strong></span> <span class='ocrx_word' id='word_1_31' title='bbox 402 552 536 635; x_wconf 87' lang='lat' dir='ltr'><strong>captiuos</strong></span> <span class='ocrx_word' id='word_1_32' title='bbox 553 539 628 615; x_wconf 80' lang='lat' dir='ltr'><strong>tradi</strong></span> <span class='ocrx_word' id='word_1_33' title='bbox 644 552 781 627; x_wconf 87' lang='lat' dir='ltr'><strong>iuberet,</strong></span> <span class='ocrx_word' id='word_1_34' title='bbox 797 573 902 617; x_wconf 89' lang='lat' dir='ltr'><strong>omnes</strong></span> <span class='ocrx_word' id='word_1_35' title='bbox 916 555 1075 636; x_wconf 84' lang='lat' dir='ltr'><strong>productos</strong></span> <span class='ocrx_word' id='word_1_36' title='bbox 1090 557 1268 621; x_wconf 85' lang='lat' dir='ltr'><strong>ostentatio·</strong></span> 
     </span>
     <span class='ocr_line' id='line_1_5' title="bbox 149 654 1267 739; baseline -0.002 -15"><span class='ocrx_word' id='word_1_37' title='bbox 149 661 218 733; x_wconf 84' lang='lat' dir='ltr'><strong>nis,</strong></span> <span class='ocrx_word' id='word_1_38' title='bbox 244 668 279 721; x_wconf 93' lang='lat' dir='ltr'><strong>nt</strong></span> <span class='ocrx_word' id='word_1_39' title='bbox 301 655 473 732; x_wconf 87' lang='lat' dir='ltr'><strong>uidebatur,</strong></span> <span class='ocrx_word' id='word_1_40' title='bbox 496 675 606 732; x_wconf 87' lang='lat' dir='ltr'><strong>causa,</strong></span> <span class='ocrx_word' id='word_1_41' title='bbox 632 674 689 738; x_wconf 85' lang='lat' dir='ltr'><strong>qun</strong></span> <span class='ocrx_word' id='word_1_42' title='bbox 711 654 808 718; x_wconf 86' lang='lat' dir='ltr'><strong>maior</strong></span> <span class='ocrx_word' id='word_1_43' title='bbox 831 656 973 739; x_wconf 73' lang='lat' dir='ltr'><strong>perfugae</strong></span> <span class='ocrx_word' id='word_1_44' title='bbox 994 656 1067 720; x_wconf 85' lang='lat' dir='ltr'><strong>fides</strong></span> <span class='ocrx_word' id='word_1_45' title='bbox 1094 657 1267 737; x_wconf 86' lang='lat' dir='ltr'><strong>baberetur,</strong></span> 
     </span>
    </p>

    <p class='ocr_par' dir='ltr' id='par_1_3' title="bbox 111 749 1270 1030">
     <span class='ocr_line' id='line_1_6' title="bbox 111 749 1269 842; baseline -0.001 -16"><span class='ocrx_word' id='word_1_46' title='bbox 111 775 127 826; x_wconf 86' lang='lat' dir='ltr'><strong>n</strong></span> <span class='ocrx_word' id='word_1_47' title='bbox 150 759 370 826; x_wconf 88' lang='lat' dir='ltr'><strong>commilitones</strong></span> <span class='ocrx_word' id='word_1_48' title='bbox 397 756 550 842; x_wconf 84' lang='lat' dir='ltr'><strong>appellans</strong></span> <span class='ocrx_word' id='word_1_49' title='bbox 578 766 607 819; x_wconf 85' lang='lat' dir='ltr'><strong>et</strong></span> <span class='ocrx_word' id='word_1_50' title='bbox 622 776 729 841; x_wconf 78' lang='lat' dir='ltr'><strong>magna</strong></span> <span class='ocrx_word' id='word_1_51' title='bbox 751 757 911 821; x_wconf 89' lang='lat' dir='ltr'><strong>uerborum</strong></span> <span class='ocrx_word' id='word_1_52' title='bbox 940 749 1117 824; x_wconf 84' lang='lat' dir='ltr'><strong>coatirmelia</strong></span> <span class='ocrx_word' id='word_1_53' title='bbox 1140 761 1269 825; x_wconf 86' lang='lat' dir='ltr'><strong>interru-</strong></span> 
     </span>
     <span class='ocr_line' id='line_1_7' title="bbox 149 857 1270 951; baseline 0.002 -25"><span class='ocrx_word' id='word_1_54' title='bbox 149 884 247 948; x_wconf 78' lang='lat' dir='ltr'><strong>gans,</strong></span> <span class='ocrx_word' id='word_1_55' title='bbox 273 862 448 925; x_wconf 75' lang='lat' dir='ltr'><strong>solerentne</strong></span> <span class='ocrx_word' id='word_1_56' title='bbox 469 857 606 951; x_wconf 76' lang='lat' dir='ltr'><strong>ueterani</strong></span> <span class='ocrx_word' id='word_1_57' title='bbox 628 858 736 923; x_wconf 89' lang='lat' dir='ltr'><strong>milites</strong></span> <span class='ocrx_word' id='word_1_58' title='bbox 755 861 879 943; x_wconf 79' lang='lat' dir='ltr'><strong>lugere,</strong></span> <span class='ocrx_word' id='word_1_59' title='bbox 902 860 933 923; x_wconf 91' lang='lat' dir='ltr'><strong>in</strong></span> <span class='ocrx_word' id='word_1_60' title='bbox 959 860 1089 926; x_wconf 89' lang='lat' dir='ltr'><strong>omnium</strong></span> <span class='ocrx_word' id='word_1_61' title='bbox 1109 872 1270 948; x_wconf 88' lang='lat' dir='ltr'><strong>conspeetu</strong></span> 
     </span>
     <span class='ocr_line' id='line_1_8' title="bbox 146 964 311 1030; baseline -0.024 0"><span class='ocrx_word' id='word_1_62' title='bbox 146 964 311 1030; x_wconf 70' lang='lat' dir='ltr'><strong>interfecit.</strong></span> 
     </span>
    </p>

    <p class='ocr_par' dir='ltr' id='par_1_4' title="bbox 96 1063 1328 2274">
     <span class='ocr_line' id='line_1_9' title="bbox 237 1063 1328 1151; baseline 0.002 -22"><span class='ocrx_word' id='word_1_63' title='bbox 237 1064 293 1130; x_wconf 82' lang='lat' dir='ltr'><strong>ttis</strong></span> <span class='ocrx_word' id='word_1_64' title='bbox 309 1064 400 1129; x_wconf 84' lang='lat' dir='ltr'><strong>rebus</strong></span> <span class='ocrx_word' id='word_1_65' title='bbox 417 1073 532 1127; x_wconf 90' lang='lat' dir='ltr'><strong>tantum</strong></span> <span class='ocrx_word' id='word_1_66' title='bbox 548 1064 671 1127; x_wconf 87' lang='lat' dir='ltr'><strong>liduciae</strong></span> <span class='ocrx_word' id='word_1_67' title='bbox 686 1085 722 1128; x_wconf 90' lang='lat' dir='ltr'><strong>ac</strong></span> <span class='ocrx_word' id='word_1_68' title='bbox 736 1065 861 1149; x_wconf 86' lang='lat' dir='ltr'><strong>spiritns</strong></span> <span class='ocrx_word' id='word_1_69' title='bbox 877 1063 1067 1151; x_wconf 73' lang='lat' dir='ltr'><strong>Pompeianis</strong></span> <span class='ocrx_word' id='word_1_70' title='bbox 1081 1068 1222 1146; x_wconf 79' lang='lat' dir='ltr'><strong>necessit,</strong></span> <span class='ocrx_word' id='word_1_71' title='bbox 1239 1076 1272 1133; x_wconf 90' lang='lat' dir='ltr'><strong>ut</strong></span> <span class='ocrx_word' id='word_1_72' title='bbox 1284 1068 1328 1139; x_wconf 74' lang='lat'><strong>72</strong></span> 
     </span>
     <span class='ocr_line' id='line_1_10' title="bbox 154 1166 1307 1250; baseline -0.001 -15"><span class='ocrx_word' id='word_1_73' title='bbox 154 1191 214 1235; x_wconf 89' lang='lat' dir='ltr'><strong>non</strong></span> <span class='ocrx_word' id='word_1_74' title='bbox 230 1170 268 1232; x_wconf 90' lang='lat' dir='ltr'><strong>de</strong></span> <span class='ocrx_word' id='word_1_75' title='bbox 282 1168 402 1232; x_wconf 88' lang='lat' dir='ltr'><strong>ratione</strong></span> <span class='ocrx_word' id='word_1_76' title='bbox 417 1166 487 1230; x_wconf 91' lang='lat' dir='ltr'><strong>belli</strong></span> <span class='ocrx_word' id='word_1_77' title='bbox 503 1166 690 1250; x_wconf 76' lang='lat' dir='ltr'><strong>cogitarent,</strong></span> <span class='ocrx_word' id='word_1_78' title='bbox 713 1168 766 1232; x_wconf 89' lang='lat' dir='ltr'><strong>sed</strong></span> <span class='ocrx_word' id='word_1_79' title='bbox 783 1169 893 1233; x_wconf 91' lang='lat' dir='ltr'><strong>uicisse</strong></span> <span class='ocrx_word' id='word_1_80' title='bbox 907 1169 966 1233; x_wconf 89' lang='lat' dir='ltr'><strong>iam</strong></span> <span class='ocrx_word' id='word_1_81' title='bbox 983 1170 1167 1233; x_wconf 88' lang='lat' dir='ltr'><strong>uiderentur.</strong></span> <span class='ocrx_word' id='word_1_82' title='bbox 1198 1168 1307 1234; x_wconf 83' lang='lat' dir='ltr'><strong>Non2</strong></span> 
     </span>
     <span class='ocr_line' id='line_1_11' title="bbox 97 1270 1271 1355; baseline 0 -18"><span class='ocrx_word' id='word_1_83' title='bbox 97 1284 132 1337; x_wconf 80' lang='lat' dir='ltr'><strong>tu</strong></span> <span class='ocrx_word' id='word_1_84' title='bbox 155 1272 197 1336; x_wconf 90' lang='lat' dir='ltr'><strong>illi</strong></span> <span class='ocrx_word' id='word_1_85' title='bbox 213 1271 393 1354; x_wconf 72' lang='lat' dir='ltr'><strong>paucitatem</strong></span> <span class='ocrx_word' id='word_1_86' title='bbox 409 1279 581 1332; x_wconf 83' lang='lat' dir='ltr'><strong>nostrorum</strong></span> <span class='ocrx_word' id='word_1_87' title='bbox 597 1270 739 1349; x_wconf 90' lang='lat' dir='ltr'><strong>militnm,</strong></span> <span class='ocrx_word' id='word_1_88' title='bbox 762 1292 822 1334; x_wconf 90' lang='lat' dir='ltr'><strong>non</strong></span> <span class='ocrx_word' id='word_1_89' title='bbox 837 1272 1023 1355; x_wconf 89' lang='lat' dir='ltr'><strong>iniquitatem</strong></span> <span class='ocrx_word' id='word_1_90' title='bbox 1040 1271 1099 1335; x_wconf 92' lang='lat' dir='ltr'><strong>loci</strong></span> <span class='ocrx_word' id='word_1_91' title='bbox 1113 1283 1202 1355; x_wconf 74' lang='lat' dir='ltr'><strong>atque</strong></span> <span class='ocrx_word' id='word_1_92' title='bbox 1216 1294 1271 1336; x_wconf 88' lang='lat' dir='ltr'><strong>aa·</strong></span> 
     </span>
     <span class='ocr_line' id='line_1_12' title="bbox 151 1371 1272 1459; baseline 0.003 -23"><span class='ocrx_word' id='word_1_93' title='bbox 151 1374 266 1459; x_wconf 70' lang='lat' dir='ltr'><strong>gastins</strong></span> <span class='ocrx_word' id='word_1_94' title='bbox 281 1371 507 1456; x_wconf 87' lang='lat' dir='ltr'><strong>praeoccupatis</strong></span> <span class='ocrx_word' id='word_1_95' title='bbox 523 1373 631 1436; x_wconf 84' lang='lat' dir='ltr'><strong>castris</strong></span> <span class='ocrx_word' id='word_1_96' title='bbox 647 1383 677 1438; x_wconf 92' lang='lat' dir='ltr'><strong>et</strong></span> <span class='ocrx_word' id='word_1_97' title='bbox 692 1372 849 1457; x_wconf 75' lang='lat' dir='ltr'><strong>ancipitem</strong></span> <span class='ocrx_word' id='word_1_98' title='bbox 866 1385 1014 1438; x_wconf 86' lang='lat' dir='ltr'><strong>terrorem</strong></span> <span class='ocrx_word' id='word_1_99' title='bbox 1030 1375 1110 1438; x_wconf 87' lang='lat' dir='ltr'><strong>intra</strong></span> <span class='ocrx_word' id='word_1_100' title='bbox 1124 1387 1272 1458; x_wconf 83' lang='lat' dir='ltr'><strong>extraque</strong></span> 
     </span>
     <span class='ocr_line' id='line_1_13' title="bbox 152 1473 1272 1559; baseline 0.002 -20"><span class='ocrx_word' id='word_1_101' title='bbox 152 1474 352 1552; x_wconf 85' lang='lat' dir='ltr'><strong>munitiones,</strong></span> <span class='ocrx_word' id='word_1_102' title='bbox 375 1495 436 1538; x_wconf 91' lang='lat' dir='ltr'><strong>non</strong></span> <span class='ocrx_word' id='word_1_103' title='bbox 460 1473 609 1537; x_wconf 88' lang='lat' dir='ltr'><strong>abscisum</strong></span> <span class='ocrx_word' id='word_1_104' title='bbox 631 1475 663 1538; x_wconf 91' lang='lat' dir='ltr'><strong>in</strong></span> <span class='ocrx_word' id='word_1_105' title='bbox 677 1476 751 1539; x_wconf 88' lang='lat' dir='ltr'><strong>duas</strong></span> <span class='ocrx_word' id='word_1_106' title='bbox 767 1491 867 1559; x_wconf 86' lang='lat' dir='ltr'><strong>partes</strong></span> <span class='ocrx_word' id='word_1_107' title='bbox 882 1477 1069 1556; x_wconf 85' lang='lat' dir='ltr'><strong>exercitum,</strong></span> <span class='ocrx_word' id='word_1_108' title='bbox 1093 1497 1158 1540; x_wconf 83' lang='lat' dir='ltr'><strong>cusa</strong></span> <span class='ocrx_word' id='word_1_109' title='bbox 1175 1477 1272 1541; x_wconf 85' lang='lat' dir='ltr'><strong>altera</strong></span> 
     </span>
     <span class='ocr_line' id='line_1_14' title="bbox 151 1577 1306 1663; baseline 0.003 -21"><span class='ocrx_word' id='word_1_110' title='bbox 151 1579 239 1642; x_wconf 81' lang='lat' dir='ltr'><strong>alteri</strong></span> <span class='ocrx_word' id='word_1_111' title='bbox 261 1577 407 1641; x_wconf 83' lang='lat' dir='ltr'><strong>auxilium</strong></span> <span class='ocrx_word' id='word_1_112' title='bbox 430 1578 510 1640; x_wconf 83' lang='lat' dir='ltr'><strong>ferre</strong></span> <span class='ocrx_word' id='word_1_113' title='bbox 533 1597 592 1639; x_wconf 91' lang='lat' dir='ltr'><strong>non</strong></span> <span class='ocrx_word' id='word_1_114' title='bbox 608 1588 726 1661; x_wconf 69' lang='lat' dir='ltr'><strong>possm,</strong></span> <span class='ocrx_word' id='word_1_115' title='bbox 748 1599 859 1642; x_wconf 86' lang='lat' dir='ltr'><strong>causae</strong></span> <span class='ocrx_word' id='word_1_116' title='bbox 875 1580 969 1645; x_wconf 86' lang='lat' dir='ltr'><strong>luisse</strong></span> <span class='ocrx_word' id='word_1_117' title='bbox 983 1578 1166 1663; x_wconf 74' lang='lat' dir='ltr'><strong>cogitabant.</strong></span> <span class='ocrx_word' id='word_1_118' title='bbox 1197 1577 1306 1645; x_wconf 65' lang='lat' dir='ltr'><strong>Noni</strong></span> 
     </span>
     <span class='ocr_line' id='line_1_15' title="bbox 153 1679 1269 1766; baseline 0.001 -22"><span class='ocrx_word' id='word_1_119' title='bbox 153 1681 190 1744; x_wconf 86' lang='lat' dir='ltr'><strong>ad</strong></span> <span class='ocrx_word' id='word_1_120' title='bbox 206 1679 279 1744; x_wconf 85' lang='lat' dir='ltr'><strong>baec</strong></span> <span class='ocrx_word' id='word_1_121' title='bbox 294 1680 442 1743; x_wconf 75' lang='lat' dir='ltr'><strong>addebant</strong></span> <span class='ocrx_word' id='word_1_122' title='bbox 457 1698 517 1741; x_wconf 89' lang='lat' dir='ltr'><strong>non</strong></span> <span class='ocrx_word' id='word_1_123' title='bbox 532 1699 681 1743; x_wconf 87' lang='lat' dir='ltr'><strong>concursu</strong></span> <span class='ocrx_word' id='word_1_124' title='bbox 694 1680 758 1744; x_wconf 90' lang='lat' dir='ltr'><strong>aeri</strong></span> <span class='ocrx_word' id='word_1_125' title='bbox 774 1682 865 1759; x_wconf 81' lang='lat' dir='ltr'><strong>lacto,</strong></span> <span class='ocrx_word' id='word_1_126' title='bbox 881 1704 942 1745; x_wconf 92' lang='lat' dir='ltr'><strong>non</strong></span> <span class='ocrx_word' id='word_1_127' title='bbox 957 1682 1070 1766; x_wconf 87' lang='lat' dir='ltr'><strong>proelio</strong></span> <span class='ocrx_word' id='word_1_128' title='bbox 1085 1682 1269 1758; x_wconf 85' lang='lat' dir='ltr'><strong>dimicatum,</strong></span> 
     </span>
     <span class='ocr_line' id='line_1_16' title="bbox 96 1780 1270 1866; baseline 0 -20"><span class='ocrx_word' id='word_1_129' title='bbox 96 1793 129 1846; x_wconf 80' lang='lat' dir='ltr'><strong>tt</strong></span> <span class='ocrx_word' id='word_1_130' title='bbox 152 1781 269 1864; x_wconf 88' lang='lat' dir='ltr'><strong>sibique</strong></span> <span class='ocrx_word' id='word_1_131' title='bbox 283 1783 363 1866; x_wconf 88' lang='lat' dir='ltr'><strong>ipsos</strong></span> <span class='ocrx_word' id='word_1_132' title='bbox 379 1780 564 1845; x_wconf 89' lang='lat' dir='ltr'><strong>multitudine</strong></span> <span class='ocrx_word' id='word_1_133' title='bbox 579 1792 668 1863; x_wconf 89' lang='lat' dir='ltr'><strong>atque</strong></span> <span class='ocrx_word' id='word_1_134' title='bbox 683 1784 828 1864; x_wconf 80' lang='lat' dir='ltr'><strong>angustiis</strong></span> <span class='ocrx_word' id='word_1_135' title='bbox 844 1785 941 1849; x_wconf 89' lang='lat' dir='ltr'><strong>maius</strong></span> <span class='ocrx_word' id='word_1_136' title='bbox 955 1784 1094 1848; x_wconf 86' lang='lat' dir='ltr'><strong>attulisse</strong></span> <span class='ocrx_word' id='word_1_137' title='bbox 1110 1784 1270 1848; x_wconf 84' lang='lat' dir='ltr'><strong>detrimen-</strong></span> 
     </span>
     <span class='ocr_line' id='line_1_17' title="bbox 153 1882 1306 1968; baseline 0.003 -21"><span class='ocrx_word' id='word_1_138' title='bbox 153 1895 230 1961; x_wconf 89' lang='lat' dir='ltr'><strong>tum,</strong></span> <span class='ocrx_word' id='word_1_139' title='bbox 246 1905 333 1965; x_wconf 89' lang='lat' dir='ltr'><strong>quam</strong></span> <span class='ocrx_word' id='word_1_140' title='bbox 349 1883 386 1948; x_wconf 87' lang='lat' dir='ltr'><strong>ab</strong></span> <span class='ocrx_word' id='word_1_141' title='bbox 401 1884 486 1947; x_wconf 86' lang='lat' dir='ltr'><strong>boste</strong></span> <span class='ocrx_word' id='word_1_142' title='bbox 502 1883 699 1967; x_wconf 82' lang='lat' dir='ltr'><strong>accepissent.</strong></span> <span class='ocrx_word' id='word_1_143' title='bbox 722 1882 796 1948; x_wconf 91' lang='lat' dir='ltr'><strong>Noa</strong></span> <span class='ocrx_word' id='word_1_144' title='bbox 812 1885 939 1968; x_wconf 85' lang='lat' dir='ltr'><strong>deniqne</strong></span> <span class='ocrx_word' id='word_1_145' title='bbox 954 1886 1120 1950; x_wconf 89' lang='lat' dir='ltr'><strong>commanis</strong></span> <span class='ocrx_word' id='word_1_146' title='bbox 1134 1885 1204 1949; x_wconf 92' lang='lat' dir='ltr'><strong>belli</strong></span> <span class='ocrx_word' id='word_1_147' title='bbox 1220 1884 1306 1950; x_wconf 65' lang='lat' dir='ltr'><strong>cni</strong></span> 
     </span>
     <span class='ocr_line' id='line_1_18' title="bbox 154 1984 1270 2072; baseline 0.003 -25"><span class='ocrx_word' id='word_1_148' title='bbox 154 2005 207 2048; x_wconf 85' lang='lat' dir='ltr'><strong>sas</strong></span> <span class='ocrx_word' id='word_1_149' title='bbox 231 1984 483 2063; x_wconf 84' lang='lat' dir='ltr'><strong>recordabantur,</strong></span> <span class='ocrx_word' id='word_1_150' title='bbox 509 2007 595 2070; x_wconf 82' lang='lat' dir='ltr'><strong>quain</strong></span> <span class='ocrx_word' id='word_1_151' title='bbox 613 1985 755 2069; x_wconf 84' lang='lat' dir='ltr'><strong>parmulae</strong></span> <span class='ocrx_word' id='word_1_152' title='bbox 770 2007 860 2070; x_wconf 87' lang='lat' dir='ltr'><strong>saepe</strong></span> <span class='ocrx_word' id='word_1_153' title='bbox 876 2009 985 2052; x_wconf 88' lang='lat' dir='ltr'><strong>causae</strong></span> <span class='ocrx_word' id='word_1_154' title='bbox 1001 1989 1048 2052; x_wconf 92' lang='lat' dir='ltr'><strong>nel</strong></span> <span class='ocrx_word' id='word_1_155' title='bbox 1064 1987 1158 2052; x_wconf 88' lang='lat' dir='ltr'><strong>lalsae</strong></span> <span class='ocrx_word' id='word_1_156' title='bbox 1172 1987 1270 2072; x_wconf 84' lang='lat' dir='ltr'><strong>suspi-</strong></span> 
     </span>
     <span class='ocr_line' id='line_1_19' title="bbox 154 2086 1270 2174; baseline 0.004 -24"><span class='ocrx_word' id='word_1_157' title='bbox 154 2087 250 2151; x_wconf 88' lang='lat' dir='ltr'><strong>eionis</strong></span> <span class='ocrx_word' id='word_1_158' title='bbox 275 2086 325 2151; x_wconf 92' lang='lat' dir='ltr'><strong>uel</strong></span> <span class='ocrx_word' id='word_1_159' title='bbox 344 2088 470 2152; x_wconf 64' lang='lat' dir='ltr'><strong>meroris</strong></span> <span class='ocrx_word' id='word_1_160' title='bbox 493 2088 641 2171; x_wconf 89' lang='lat' dir='ltr'><strong>repentini</strong></span> <span class='ocrx_word' id='word_1_161' title='bbox 665 2087 714 2151; x_wconf 92' lang='lat' dir='ltr'><strong>nel</strong></span> <span class='ocrx_word' id='word_1_162' title='bbox 732 2087 870 2153; x_wconf 88' lang='lat' dir='ltr'><strong>obiectae</strong></span> <span class='ocrx_word' id='word_1_163' title='bbox 885 2089 1039 2172; x_wconf 78' lang='lat' dir='ltr'><strong>religionis</strong></span> <span class='ocrx_word' id='word_1_164' title='bbox 1054 2112 1162 2174; x_wconf 83' lang='lat' dir='ltr'><strong>magna</strong></span> <span class='ocrx_word' id='word_1_165' title='bbox 1177 2091 1270 2154; x_wconf 86' lang='lat' dir='ltr'><strong>detri-</strong></span> 
     </span>
     <span class='ocr_line' id='line_1_20' title="bbox 154 2190 1271 2274; baseline -0.001 -21"><span class='ocrx_word' id='word_1_166' title='bbox 154 2200 254 2254; x_wconf 83' lang='lat' dir='ltr'><strong>menta</strong></span> <span class='ocrx_word' id='word_1_167' title='bbox 268 2190 451 2270; x_wconf 75' lang='lat' dir='ltr'><strong>intulissent,</strong></span> <span class='ocrx_word' id='word_1_168' title='bbox 462 2191 600 2273; x_wconf 91' lang='lat' dir='ltr'><strong>quotieas</strong></span> <span class='ocrx_word' id='word_1_169' title='bbox 617 2190 664 2253; x_wconf 91' lang='lat' dir='ltr'><strong>nel</strong></span> <span class='ocrx_word' id='word_1_170' title='bbox 679 2191 764 2274; x_wconf 91' lang='lat' dir='ltr'><strong>culpa</strong></span> <span class='ocrx_word' id='word_1_171' title='bbox 777 2191 859 2253; x_wconf 90' lang='lat' dir='ltr'><strong>ducis</strong></span> <span class='ocrx_word' id='word_1_172' title='bbox 871 2190 918 2253; x_wconf 87' lang='lat' dir='ltr'><strong>uel</strong></span> <span class='ocrx_word' id='word_1_173' title='bbox 931 2191 1042 2253; x_wconf 89' lang='lat' dir='ltr'><strong>tribuni</strong></span> <span class='ocrx_word' id='word_1_174' title='bbox 1055 2193 1128 2255; x_wconf 91' lang='lat' dir='ltr'><strong>nitio</strong></span> <span class='ocrx_word' id='word_1_175' title='bbox 1140 2193 1169 2254; x_wconf 92' lang='lat' dir='ltr'><strong>in</strong></span> <span class='ocrx_word' id='word_1_176' title='bbox 1183 2212 1271 2255; x_wconf 84' lang='lat' dir='ltr'><strong>exer-</strong></span> 
     </span>
    </p>

    <p class='ocr_par' dir='ltr' id='par_1_5' title="bbox 96 2293 1330 2790">
     <span class='ocr_line' id='line_1_21' title="bbox 96 2293 1271 2378; baseline -0.002 -20"><span class='ocrx_word' id='word_1_177' title='bbox 96 2303 132 2358; x_wconf 74' lang='lat'><strong>20</strong></span> <span class='ocrx_word' id='word_1_178' title='bbox 155 2293 217 2356; x_wconf 88' lang='lat' dir='ltr'><strong>citu</strong></span> <span class='ocrx_word' id='word_1_179' title='bbox 237 2302 320 2356; x_wconf 85' lang='lat' dir='ltr'><strong>esset</strong></span> <span class='ocrx_word' id='word_1_180' title='bbox 340 2293 504 2371; x_wconf 67' lang='lat' dir='ltr'><strong>offensum,</strong></span> <span class='ocrx_word' id='word_1_181' title='bbox 530 2294 602 2369; x_wconf 91' lang='lat' dir='ltr'><strong>sed,</strong></span> <span class='ocrx_word' id='word_1_182' title='bbox 628 2293 753 2376; x_wconf 87' lang='lat' dir='ltr'><strong>proinde</strong></span> <span class='ocrx_word' id='word_1_183' title='bbox 772 2315 807 2356; x_wconf 87' lang='lat' dir='ltr'><strong>ae</strong></span> <span class='ocrx_word' id='word_1_184' title='bbox 822 2295 849 2358; x_wconf 91' lang='lat' dir='ltr'><strong>si</strong></span> <span class='ocrx_word' id='word_1_185' title='bbox 866 2293 977 2356; x_wconf 90' lang='lat' dir='ltr'><strong>uirtute</strong></span> <span class='ocrx_word' id='word_1_186' title='bbox 993 2293 1156 2371; x_wconf 89' lang='lat' dir='ltr'><strong>uicissent,</strong></span> <span class='ocrx_word' id='word_1_187' title='bbox 1174 2312 1271 2378; x_wconf 74' lang='lat' dir='ltr'><strong>nerpue</strong></span> 
     </span>
     <span class='ocr_line' id='line_1_22' title="bbox 156 2393 1272 2481; baseline 0.001 -24"><span class='ocrx_word' id='word_1_188' title='bbox 156 2393 215 2457; x_wconf 89' lang='lat' dir='ltr'><strong>ulla</strong></span> <span class='ocrx_word' id='word_1_189' title='bbox 230 2395 422 2460; x_wconf 87' lang='lat' dir='ltr'><strong>cummutatio</strong></span> <span class='ocrx_word' id='word_1_190' title='bbox 438 2416 537 2459; x_wconf 81' lang='lat' dir='ltr'><strong>rerunt</strong></span> <span class='ocrx_word' id='word_1_191' title='bbox 552 2405 656 2480; x_wconf 88' lang='lat' dir='ltr'><strong>posset</strong></span> <span class='ocrx_word' id='word_1_192' title='bbox 671 2396 823 2475; x_wconf 88' lang='lat' dir='ltr'><strong>accidere,</strong></span> <span class='ocrx_word' id='word_1_193' title='bbox 841 2417 895 2481; x_wconf 90' lang='lat' dir='ltr'><strong>per</strong></span> <span class='ocrx_word' id='word_1_194' title='bbox 910 2394 1012 2460; x_wconf 87' lang='lat' dir='ltr'><strong>orbem</strong></span> <span class='ocrx_word' id='word_1_195' title='bbox 1028 2406 1176 2460; x_wconf 88' lang='lat' dir='ltr'><strong>terrarum</strong></span> <span class='ocrx_word' id='word_1_196' title='bbox 1194 2397 1272 2458; x_wconf 88' lang='lat' dir='ltr'><strong>lama</strong></span> 
     </span>
     <span class='ocr_line' id='line_1_23' title="bbox 155 2496 1330 2583; baseline 0.008 -24"><span class='ocrx_word' id='word_1_197' title='bbox 155 2517 191 2560; x_wconf 86' lang='lat' dir='ltr'><strong>ac</strong></span> <span class='ocrx_word' id='word_1_198' title='bbox 206 2496 314 2561; x_wconf 86' lang='lat' dir='ltr'><strong>litteris</strong></span> <span class='ocrx_word' id='word_1_199' title='bbox 329 2498 484 2561; x_wconf 88' lang='lat' dir='ltr'><strong>uictoriam</strong></span> <span class='ocrx_word' id='word_1_200' title='bbox 500 2499 566 2562; x_wconf 88' lang='lat' dir='ltr'><strong>eins</strong></span> <span class='ocrx_word' id='word_1_201' title='bbox 582 2500 639 2563; x_wconf 90' lang='lat' dir='ltr'><strong>diei</strong></span> <span class='ocrx_word' id='word_1_202' title='bbox 656 2499 917 2564; x_wconf 75' lang='lat' dir='ltr'><strong>concelebrabunt.</strong></span> <span class='ocrx_word' id='word_1_203' title='bbox 946 2498 1094 2564; x_wconf 79' lang='lat' dir='ltr'><strong>Caesare</strong></span> <span class='ocrx_word' id='word_1_204' title='bbox 1111 2497 1273 2583; x_wconf 87' lang='lat' dir='ltr'><strong>superiori·</strong></span> <span class='ocrx_word' id='word_1_205' title='bbox 1287 2496 1330 2568; x_wconf 79' lang='grc'><strong>73</strong></span> 
     </span>
     <span class='ocr_line' id='line_1_24' title="bbox 154 2598 1271 2684; baseline 0.004 -23"><span class='ocrx_word' id='word_1_206' title='bbox 154 2599 211 2663; x_wconf 86' lang='lat' dir='ltr'><strong>bns</strong></span> <span class='ocrx_word' id='word_1_207' title='bbox 232 2598 365 2663; x_wconf 81' lang='lat' dir='ltr'><strong>consiliis</strong></span> <span class='ocrx_word' id='word_1_208' title='bbox 396 2600 535 2684; x_wconf 90' lang='lat' dir='ltr'><strong>depulsus</strong></span> <span class='ocrx_word' id='word_1_209' title='bbox 557 2623 674 2665; x_wconf 88' lang='lat' dir='ltr'><strong>omnem</strong></span> <span class='ocrx_word' id='word_1_210' title='bbox 696 2603 752 2666; x_wconf 91' lang='lat' dir='ltr'><strong>sibi</strong></span> <span class='ocrx_word' id='word_1_211' title='bbox 774 2605 1009 2668; x_wconf 85' lang='lat' dir='ltr'><strong>commutandam</strong></span> <span class='ocrx_word' id='word_1_212' title='bbox 1032 2602 1100 2667; x_wconf 88' lang='lat' dir='ltr'><strong>belli</strong></span> <span class='ocrx_word' id='word_1_213' title='bbox 1124 2603 1271 2667; x_wconf 86' lang='lat' dir='ltr'><strong>rationem</strong></span> 
     </span>
     <span class='ocr_line' id='line_1_25' title="bbox 156 2700 1273 2790; baseline 0.004 -26"><span class='ocrx_word' id='word_1_214' title='bbox 156 2701 353 2766; x_wconf 82' lang='lat' dir='ltr'><strong>existimauit.</strong></span> <span class='ocrx_word' id='word_1_215' title='bbox 384 2700 489 2786; x_wconf 85' lang='lat' dir='ltr'><strong>Itaque</strong></span> <span class='ocrx_word' id='word_1_216' title='bbox 512 2725 571 2767; x_wconf 90' lang='lat' dir='ltr'><strong>nno</strong></span> <span class='ocrx_word' id='word_1_217' title='bbox 594 2714 726 2789; x_wconf 86' lang='lat' dir='ltr'><strong>tempore</strong></span> <span class='ocrx_word' id='word_1_218' title='bbox 749 2707 905 2790; x_wconf 88' lang='lat' dir='ltr'><strong>praesidiis</strong></span> <span class='ocrx_word' id='word_1_219' title='bbox 928 2705 1064 2767; x_wconf 88' lang='lat' dir='ltr'><strong>omnibns</strong></span> <span class='ocrx_word' id='word_1_220' title='bbox 1086 2705 1218 2768; x_wconf 90' lang='lat' dir='ltr'><strong>deductis</strong></span> <span class='ocrx_word' id='word_1_221' title='bbox 1241 2715 1273 2768; x_wconf 92' lang='lat' dir='ltr'><strong>et</strong></span> 
     </span>
    </p>

    <p class='ocr_par' dir='ltr' id='par_1_6' title="bbox 95 2805 1312 3199">
     <span class='ocr_line' id='line_1_26' title="bbox 95 2805 1272 2891; baseline -0.001 -24"><span class='ocrx_word' id='word_1_222' title='bbox 95 2813 131 2867; x_wconf 76' lang='lat' dir='ltr'><strong>tt</strong></span> <span class='ocrx_word' id='word_1_223' title='bbox 154 2805 376 2889; x_wconf 78' lang='lat' dir='ltr'><strong>oppugnatione</strong></span> <span class='ocrx_word' id='word_1_224' title='bbox 391 2805 513 2869; x_wconf 91' lang='lat' dir='ltr'><strong>dimissa</strong></span> <span class='ocrx_word' id='word_1_225' title='bbox 529 2817 693 2891; x_wconf 88' lang='lat' dir='ltr'><strong>coactoque</strong></span> <span class='ocrx_word' id='word_1_226' title='bbox 704 2808 734 2870; x_wconf 93' lang='lat' dir='ltr'><strong>in</strong></span> <span class='ocrx_word' id='word_1_227' title='bbox 745 2829 834 2871; x_wconf 88' lang='lat' dir='ltr'><strong>unum</strong></span> <span class='ocrx_word' id='word_1_228' title='bbox 847 2808 943 2870; x_wconf 90' lang='lat' dir='ltr'><strong>locum</strong></span> <span class='ocrx_word' id='word_1_229' title='bbox 956 2805 1091 2869; x_wconf 84' lang='lat' dir='ltr'><strong>exercitu</strong></span> <span class='ocrx_word' id='word_1_230' title='bbox 1103 2806 1272 2867; x_wconf 84' lang='lat' dir='ltr'><strong>contionem</strong></span> 
     </span>
     <span class='ocr_line' id='line_1_27' title="bbox 157 2904 1312 2993; baseline 0.002 -25"><span class='ocrx_word' id='word_1_231' title='bbox 157 2906 234 2989; x_wconf 92' lang='lat' dir='ltr'><strong>apud</strong></span> <span class='ocrx_word' id='word_1_232' title='bbox 248 2907 358 2970; x_wconf 88' lang='lat' dir='ltr'><strong>milites</strong></span> <span class='ocrx_word' id='word_1_233' title='bbox 374 2908 477 2972; x_wconf 88' lang='lat' dir='ltr'><strong>babuit</strong></span> <span class='ocrx_word' id='word_1_234' title='bbox 492 2909 687 2993; x_wconf 82' lang='lat' dir='ltr'><strong>hortatusque</strong></span> <span class='ocrx_word' id='word_1_235' title='bbox 702 2922 768 2989; x_wconf 90' lang='lat' dir='ltr'><strong>est,</strong></span> <span class='ocrx_word' id='word_1_236' title='bbox 786 2933 823 2975; x_wconf 91' lang='lat' dir='ltr'><strong>ne</strong></span> <span class='ocrx_word' id='word_1_237' title='bbox 840 2932 887 2988; x_wconf 89' lang='lat' dir='ltr'><strong>ca,</strong></span> <span class='ocrx_word' id='word_1_238' title='bbox 906 2930 982 2992; x_wconf 89' lang='lat' dir='ltr'><strong>quae</strong></span> <span class='ocrx_word' id='word_1_239' title='bbox 997 2906 1187 2982; x_wconf 88' lang='lat' dir='ltr'><strong>accidissent,</strong></span> <span class='ocrx_word' id='word_1_240' title='bbox 1205 2924 1272 2987; x_wconf 78' lang='lat' dir='ltr'><strong>gra·</strong></span> <span class='ocrx_word' id='word_1_241' title='bbox 1286 2904 1312 2970; x_wconf 75' lang='lat'><strong>2&#39;</strong></span> 
     </span>
     <span class='ocr_line' id='line_1_28' title="bbox 158 3007 1274 3093; baseline -0.001 -22"><span class='ocrx_word' id='word_1_242' title='bbox 158 3009 236 3072; x_wconf 88' lang='lat' dir='ltr'><strong>niter</strong></span> <span class='ocrx_word' id='word_1_243' title='bbox 257 3013 371 3073; x_wconf 79' lang='lat' dir='ltr'><strong>ferrent</strong></span> <span class='ocrx_word' id='word_1_244' title='bbox 392 3031 468 3074; x_wconf 91' lang='lat' dir='ltr'><strong>neue</strong></span> <span class='ocrx_word' id='word_1_245' title='bbox 485 3012 530 3076; x_wconf 89' lang='lat' dir='ltr'><strong>bis</strong></span> <span class='ocrx_word' id='word_1_246' title='bbox 546 3013 639 3078; x_wconf 90' lang='lat' dir='ltr'><strong>rebus</strong></span> <span class='ocrx_word' id='word_1_247' title='bbox 654 3024 842 3077; x_wconf 87' lang='lat' dir='ltr'><strong>terrerentur</strong></span> <span class='ocrx_word' id='word_1_248' title='bbox 856 3011 1013 3093; x_wconf 91' lang='lat' dir='ltr'><strong>multisque</strong></span> <span class='ocrx_word' id='word_1_249' title='bbox 1029 3007 1169 3071; x_wconf 89' lang='lat' dir='ltr'><strong>secundis</strong></span> <span class='ocrx_word' id='word_1_250' title='bbox 1187 3027 1274 3092; x_wconf 84' lang='lat' dir='ltr'><strong>proe-</strong></span> 
     </span>
     <span class='ocr_line' id='line_1_29' title="bbox 157 3106 1308 3199; baseline 0.001 -28"><span class='ocrx_word' id='word_1_251' title='bbox 157 3110 207 3174; x_wconf 88' lang='lat' dir='ltr'><strong>liis</strong></span> <span class='ocrx_word' id='word_1_252' title='bbox 221 3133 312 3176; x_wconf 89' lang='lat' dir='ltr'><strong>unum</strong></span> <span class='ocrx_word' id='word_1_253' title='bbox 334 3114 493 3178; x_wconf 87' lang='lat' dir='ltr'><strong>aduersam</strong></span> <span class='ocrx_word' id='word_1_254' title='bbox 509 3125 540 3179; x_wconf 91' lang='lat' dir='ltr'><strong>et</strong></span> <span class='ocrx_word' id='word_1_255' title='bbox 553 3117 582 3179; x_wconf 92' lang='lat' dir='ltr'><strong>id</strong></span> <span class='ocrx_word' id='word_1_256' title='bbox 599 3116 747 3179; x_wconf 86' lang='lat' dir='ltr'><strong>mediocre</strong></span> <span class='ocrx_word' id='word_1_257' title='bbox 763 3124 960 3199; x_wconf 87' lang='lat' dir='ltr'><strong>opponerent.</strong></span> <span class='ocrx_word' id='word_1_258' title='bbox 991 3110 1164 3175; x_wconf 84' lang='lat' dir='ltr'><strong>Habendam</strong></span> <span class='ocrx_word' id='word_1_259' title='bbox 1181 3111 1273 3174; x_wconf 88' lang='lat' dir='ltr'><strong>lortu-</strong></span> <span class='ocrx_word' id='word_1_260' title='bbox 1288 3106 1308 3172; x_wconf 84' lang='lat'><strong>3</strong></span> 
     </span>
    </p>
   </div>
   <div class='ocr_carea' id='block_1_3' title="bbox 155 3368 1278 4290">
    <p class='ocr_par' dir='ltr' id='par_1_7' title="bbox 155 3368 1274 3671">
     <span class='ocr_line' id='line_1_30' title="bbox 266 3368 1268 3439; baseline -0.006 -17"><span class='ocrx_word' id='word_1_261' title='bbox 266 3371 276 3422; x_wconf 94' lang='lat' dir='ltr'><strong>l</strong></span> <span class='ocrx_word' id='word_1_262' title='bbox 293 3385 383 3437; x_wconf 80' lang='lat' dir='ltr'><strong>pansas</strong></span> <span class='ocrx_word' id='word_1_263' title='bbox 396 3389 412 3423; x_wconf 87' lang='lat' dir='ltr'><strong>a</strong></span> <span class='ocrx_word' id='word_1_264' title='bbox 423 3373 447 3435; x_wconf 87' lang='lat' dir='ltr'><strong>b,</strong></span> <span class='ocrx_word' id='word_1_265' title='bbox 462 3388 554 3439; x_wconf 84' lang='lat' dir='ltr'><strong>passus</strong></span> <span class='ocrx_word' id='word_1_266' title='bbox 568 3383 609 3426; x_wconf 89' lang='lat' dir='ltr'><strong>est</strong></span> <span class='ocrx_word' id='word_1_267' title='bbox 621 3392 649 3427; x_wconf 86' lang='lat' dir='ltr'><strong>u.</strong></span> <span class='ocrx_word' id='word_1_268' title='bbox 805 3387 886 3438; x_wconf 88' lang='lat' dir='ltr'><strong>neque</strong></span> <span class='ocrx_word' id='word_1_269' title='bbox 899 3371 975 3434; x_wconf 71' lang='lat' dir='ltr'><strong>(anm</strong></span> <span class='ocrx_word' id='word_1_270' title='bbox 988 3372 1013 3422; x_wconf 86' lang='lat' dir='ltr'><strong>ln</strong></span> <span class='ocrx_word' id='word_1_271' title='bbox 1026 3369 1135 3435; x_wconf 85' lang='lat' dir='ltr'><strong>lltterls)</strong></span> <span class='ocrx_word' id='word_1_272' title='bbox 1148 3384 1206 3434; x_wconf 71' lang='lat' dir='ltr'><strong>ego,</strong></span> <span class='ocrx_word' id='word_1_273' title='bbox 1221 3368 1268 3417; x_wconf 84' lang='lat' dir='ltr'><strong>scd</strong></span> 
     </span>
     <span class='ocr_line' id='line_1_31' title="bbox 156 3446 1166 3516; baseline 0.002 -21"><span class='ocrx_word' id='word_1_274' title='bbox 156 3446 198 3495; x_wconf 79' lang='lat' dir='ltr'><strong>ab</strong></span> <span class='ocrx_word' id='word_1_275' title='bbox 211 3448 226 3497; x_wconf 75' lang='lat'><strong>5</strong></span> <span class='ocrx_word' id='word_1_276' title='bbox 239 3446 323 3513; x_wconf 56' lang='lat' dir='ltr'><strong>datm</strong></span> <span class='ocrx_word' id='word_1_277' title='bbox 337 3451 385 3501; x_wconf 86' lang='lat' dir='ltr'><strong>aed</strong></span> <span class='ocrx_word' id='word_1_278' title='bbox 397 3464 480 3516; x_wconf 87' lang='lat' dir='ltr'><strong>neque</strong></span> <span class='ocrx_word' id='word_1_279' title='bbox 494 3467 521 3500; x_wconf 90' lang='lat' dir='ltr'><strong>u.</strong></span> <span class='ocrx_word' id='word_1_280' title='bbox 677 3455 694 3504; x_wconf 77' lang='lat'>2</span> <span class='ocrx_word' id='word_1_281' title='bbox 707 3453 738 3502; x_wconf 80' lang='lat' dir='ltr'><strong>acl</strong></span> <span class='ocrx_word' id='word_1_282' title='bbox 753 3451 883 3501; x_wconf 83' lang='lat' dir='ltr'><strong>Labienus</strong></span> <span class='ocrx_word' id='word_1_283' title='bbox 895 3464 929 3512; x_wconf 80' lang='lat' dir='ltr'><strong>u,</strong></span> <span class='ocrx_word' id='word_1_284' title='bbox 943 3449 976 3498; x_wconf 83' lang='lat' dir='ltr'><strong>ad</strong></span> <span class='ocrx_word' id='word_1_285' title='bbox 989 3448 1129 3498; x_wconf 83' lang='lat' dir='ltr'><strong>Labienum</strong></span> <span class='ocrx_word' id='word_1_286' title='bbox 1143 3448 1166 3496; x_wconf 87' lang='lat' dir='ltr'><strong>b.</strong></span> 
     </span>
     <span class='ocr_line' id='line_1_32' title="bbox 155 3523 1272 3597; baseline -0.001 -24"><span class='ocrx_word' id='word_1_287' title='bbox 155 3523 361 3594; x_wconf 83' lang='lat' dir='ltr'><strong>impetranisaet]</strong></span> <span class='ocrx_word' id='word_1_288' title='bbox 376 3535 478 3594; x_wconf 87' lang='lat' dir='ltr'><strong>peteret</strong></span> <span class='ocrx_word' id='word_1_289' title='bbox 490 3530 513 3578; x_wconf 89' lang='lat' dir='ltr'><strong>b.</strong></span> <span class='ocrx_word' id='word_1_290' title='bbox 670 3530 686 3581; x_wconf 81' lang='grc'>3</span> <span class='ocrx_word' id='word_1_291' title='bbox 699 3530 837 3597; x_wconf 81' lang='lat' dir='ltr'><strong>productos</strong></span> <span class='ocrx_word' id='word_1_292' title='bbox 850 3526 1017 3590; x_wconf 73' lang='lat' dir='ltr'><strong>Stephanus,</strong></span> <span class='ocrx_word' id='word_1_293' title='bbox 1032 3526 1183 3576; x_wconf 79' lang='lat' dir='ltr'><strong>reductoea</strong></span> <span class='ocrx_word' id='word_1_294' title='bbox 1198 3524 1272 3572; x_wconf 71' lang='lat' dir='ltr'><strong>‘mam</strong></span> 
     </span>
     <span class='ocr_line' id='line_1_33' title="bbox 155 3598 1274 3671; baseline -0.007 -15"><span class='ocrx_word' id='word_1_295' title='bbox 155 3598 190 3651; x_wconf 57' lang='grc' dir='ltr'><strong>Γ·</strong></span> <span class='ocrx_word' id='word_1_296' title='bbox 330 3605 346 3655; x_wconf 80' lang='lat' dir='ltr'><strong>l</strong></span> <span class='ocrx_word' id='word_1_297' title='bbox 360 3619 438 3655; x_wconf 85' lang='lat' dir='ltr'><strong>cansa</strong></span> <span class='ocrx_word' id='word_1_298' title='bbox 451 3608 524 3657; x_wconf 81' lang='lat' dir='ltr'><strong>inter</strong></span> <span class='ocrx_word' id='word_1_299' title='bbox 536 3620 607 3656; x_wconf 78' lang='lat' dir='ltr'><strong>uere.</strong></span> <span class='ocrx_word' id='word_1_300' title='bbox 623 3606 649 3656; x_wconf 89' lang='lat' dir='ltr'><strong>b.</strong></span> <span class='ocrx_word' id='word_1_301' title='bbox 788 3604 912 3671; x_wconf 64' lang='lat' dir='ltr'><strong>profugae</strong></span> <span class='ocrx_word' id='word_1_302' title='bbox 927 3601 953 3652; x_wconf 87' lang='lat' dir='ltr'><strong>d.</strong></span> <span class='ocrx_word' id='word_1_303' title='bbox 1076 3603 1091 3653; x_wconf 83' lang='lat' dir='ltr'><strong>b</strong></span> <span class='ocrx_word' id='word_1_304' title='bbox 1104 3602 1235 3652; x_wconf 88' lang='lat' dir='ltr'><strong>soleretne</strong></span> <span class='ocrx_word' id='word_1_305' title='bbox 1248 3615 1274 3649; x_wconf 87' lang='lat' dir='ltr'><strong>a.</strong></span> 
     </span>
    </p>

    <p class='ocr_par' dir='ltr' id='par_1_8' title="bbox 155 3676 1277 3825">
     <span class='ocr_line' id='line_1_34' title="bbox 266 3676 1277 3748; baseline -0.005 -16"><span class='ocrx_word' id='word_1_306' title='bbox 266 3679 282 3732; x_wconf 82' lang='grc'><strong><em>7</em></strong></span> <span class='ocrx_word' id='word_1_307' title='bbox 300 3681 465 3733; x_wconf 76' lang='lat' dir='ltr'><strong>interiecita</strong></span> <span class='ocrx_word' id='word_1_308' title='bbox 481 3686 554 3735; x_wconf 76' lang='lat' dir='ltr'><strong>‘msa</strong></span> <span class='ocrx_word' id='word_1_309' title='bbox 568 3689 596 3734; x_wconf 86' lang='lat' dir='ltr'><strong>et</strong></span> <span class='ocrx_word' id='word_1_310' title='bbox 606 3683 665 3735; x_wconf 84' lang='lat' dir='ltr'><strong>edd.</strong></span> <span class='ocrx_word' id='word_1_311' title='bbox 680 3682 764 3748; x_wconf 85' lang='lat' dir='ltr'><strong>qdd.&#39;,</strong></span> <span class='ocrx_word' id='word_1_312' title='bbox 780 3681 904 3733; x_wconf 82' lang='lat' dir='ltr'><strong>interficit</strong></span> <span class='ocrx_word' id='word_1_313' title='bbox 915 3695 944 3730; x_wconf 82' lang='lat' dir='ltr'><strong>u.</strong></span> <span class='ocrx_word' id='word_1_314' title='bbox 1071 3678 1150 3729; x_wconf 70' lang='lat' dir='ltr'><strong>liam</strong></span> <span class='ocrx_word' id='word_1_315' title='bbox 1162 3692 1178 3726; x_wconf 90' lang='lat' dir='ltr'><strong>o</strong></span> <span class='ocrx_word' id='word_1_316' title='bbox 1188 3678 1210 3738; x_wconf 88' lang='lat' dir='ltr'><strong>b,</strong></span> <span class='ocrx_word' id='word_1_317' title='bbox 1226 3676 1277 3727; x_wconf 84' lang='lat' dir='ltr'><strong>iarn</strong></span> 
     </span>
     <span class='ocr_line' id='line_1_35' title="bbox 155 3754 1272 3825; baseline -0.001 -19"><span class='ocrx_word' id='word_1_318' title='bbox 155 3755 205 3808; x_wconf 83' lang='lat' dir='ltr'><strong>albi</strong></span> <span class='ocrx_word' id='word_1_319' title='bbox 217 3772 246 3808; x_wconf 83' lang='lat' dir='ltr'><strong>u.</strong></span> <span class='ocrx_word' id='word_1_320' title='bbox 353 3761 385 3811; x_wconf 81' lang='lat' dir='ltr'><strong>lt]</strong></span> <span class='ocrx_word' id='word_1_321' title='bbox 399 3767 476 3825; x_wconf 87' lang='lat' dir='ltr'><strong>atque</strong></span> <span class='ocrx_word' id='word_1_322' title='bbox 489 3761 514 3809; x_wconf 89' lang='lat' dir='ltr'><strong>ia</strong></span> <span class='ocrx_word' id='word_1_323' title='bbox 529 3761 742 3824; x_wconf 69' lang='lat' dir='ltr'><strong>angustiasabc.</strong></span> <span class='ocrx_word' id='word_1_324' title='bbox 847 3756 1015 3813; x_wconf 65' lang='lat' dir='ltr'><strong>ltabaciaum</strong></span> <span class='ocrx_word' id='word_1_325' title='bbox 1028 3754 1075 3816; x_wconf 85' lang='lat' dir='ltr'><strong>ab,</strong></span> <span class='ocrx_word' id='word_1_326' title='bbox 1091 3754 1236 3803; x_wconf 83' lang='lat' dir='ltr'><strong>abscissum</strong></span> <span class='ocrx_word' id='word_1_327' title='bbox 1245 3767 1272 3805; x_wconf 86' lang='lat' dir='ltr'><strong>at.</strong></span> 
     </span>
    </p>

    <p class='ocr_par' dir='ltr' id='par_1_9' title="bbox 156 3830 1278 4290">
     <span class='ocr_line' id='line_1_36' title="bbox 264 3830 1277 3903; baseline -0.005 -16"><span class='ocrx_word' id='word_1_328' title='bbox 264 3835 347 3903; x_wconf 82' lang='lat' dir='ltr'><strong>partis</strong></span> <span class='ocrx_word' id='word_1_329' title='bbox 360 3851 421 3887; x_wconf 82' lang='lat' dir='ltr'><strong>cum</strong></span> <span class='ocrx_word' id='word_1_330' title='bbox 436 3837 508 3885; x_wconf 76' lang='lat' dir='ltr'><strong>‘msa</strong></span> <span class='ocrx_word' id='word_1_331' title='bbox 524 3837 642 3902; x_wconf 82' lang='lat' dir='ltr'><strong>olipuct&#39;</strong></span> <span class='ocrx_word' id='word_1_332' title='bbox 656 3852 682 3887; x_wconf 86' lang='lat' dir='ltr'><strong>u.</strong></span> <span class='ocrx_word' id='word_1_333' title='bbox 796 3837 882 3886; x_wconf 84' lang='lat' dir='ltr'><strong>altera</strong></span> <span class='ocrx_word' id='word_1_334' title='bbox 894 3833 972 3884; x_wconf 86' lang='lat' dir='ltr'><strong>alteri</strong></span> <span class='ocrx_word' id='word_1_335' title='bbox 985 3832 1025 3895; x_wconf 83' lang='lat' dir='ltr'><strong>(a)</strong></span> <span class='ocrx_word' id='word_1_336' title='bbox 1037 3831 1052 3881; x_wconf 75' lang='grc'><strong>3</strong></span> <span class='ocrx_word' id='word_1_337' title='bbox 1066 3830 1143 3893; x_wconf 74' lang='lat' dir='ltr'><strong>uate,</strong></span> <span class='ocrx_word' id='word_1_338' title='bbox 1158 3830 1227 3881; x_wconf 87' lang='lat' dir='ltr'><strong>altar</strong></span> <span class='ocrx_word' id='word_1_339' title='bbox 1238 3833 1277 3882; x_wconf 90' lang='lat' dir='ltr'><strong>al·</strong></span> 
     </span>
     <span class='ocr_line' id='line_1_37' title="bbox 156 3908 1277 3979; baseline -0.001 -17"><span class='ocrx_word' id='word_1_340' title='bbox 156 3912 208 3963; x_wconf 86' lang='lat' dir='ltr'><strong>teri</strong></span> <span class='ocrx_word' id='word_1_341' title='bbox 219 3913 333 3979; x_wconf 78' lang='lat' dir='ltr'><strong>reliqui.</strong></span> <span class='ocrx_word' id='word_1_342' title='bbox 439 3913 471 3965; x_wconf 82' lang='grc'><strong>13</strong></span> <span class='ocrx_word' id='word_1_343' title='bbox 485 3911 566 3963; x_wconf 84' lang='lat' dir='ltr'><strong>luisse</strong></span> <span class='ocrx_word' id='word_1_344' title='bbox 579 3929 631 3964; x_wconf 82' lang='lat' dir='ltr'><strong>orn.</strong></span> <span class='ocrx_word' id='word_1_345' title='bbox 648 3914 673 3963; x_wconf 87' lang='lat' dir='ltr'><strong>b.</strong></span> <span class='ocrx_word' id='word_1_346' title='bbox 796 3912 829 3964; x_wconf 87' lang='lat' dir='ltr'><strong>tt</strong></span> <span class='ocrx_word' id='word_1_347' title='bbox 841 3925 972 3961; x_wconf 86' lang='lat' dir='ltr'><strong>concursu</strong></span> <span class='ocrx_word' id='word_1_348' title='bbox 982 3908 1086 3972; x_wconf 75' lang='lat' dir='ltr'><strong>Morus,</strong></span> <span class='ocrx_word' id='word_1_349' title='bbox 1102 3924 1133 3960; x_wconf 79' lang='lat' dir='ltr'><strong>en</strong></span> <span class='ocrx_word' id='word_1_350' title='bbox 1147 3925 1277 3962; x_wconf 83' lang='lat' dir='ltr'><strong>concursu</strong></span> 
     </span>
     <span class='ocr_line' id='line_1_38' title="bbox 156 3988 1277 4056; baseline -0.002 -14"><span class='ocrx_word' id='word_1_351' title='bbox 156 3992 234 4044; x_wconf 81' lang='lat' dir='ltr'><strong>codd.</strong></span> <span class='ocrx_word' id='word_1_352' title='bbox 353 3993 409 4056; x_wconf 77' lang='lat' dir='ltr'><strong>agri</strong></span> <span class='ocrx_word' id='word_1_353' title='bbox 422 3996 471 4043; x_wconf 84' lang='lat' dir='ltr'><strong>ab.</strong></span> <span class='ocrx_word' id='word_1_354' title='bbox 590 3993 620 4044; x_wconf 84' lang='lat' dir='ltr'><strong>lb</strong></span> <span class='ocrx_word' id='word_1_355' title='bbox 633 3993 775 4043; x_wconf 79' lang='lat' dir='ltr'><strong>commanis</strong></span> <span class='ocrx_word' id='word_1_356' title='bbox 789 4007 858 4041; x_wconf 80' lang='lat' dir='ltr'><strong>unus</strong></span> <span class='ocrx_word' id='word_1_357' title='bbox 871 3990 937 4053; x_wconf 68' lang='lat' dir='ltr'><strong>det„</strong></span> <span class='ocrx_word' id='word_1_358' title='bbox 952 3988 1079 4040; x_wconf 85' lang='lat' dir='ltr'><strong>communi</strong></span> <span class='ocrx_word' id='word_1_359' title='bbox 1092 3988 1133 4038; x_wconf 89' lang='lat' dir='ltr'><strong>ub</strong></span> <span class='ocrx_word' id='word_1_360' title='bbox 1141 4007 1150 4051; x_wconf 93' lang='lat'><strong>,·</strong></span> <span class='ocrx_word' id='word_1_361' title='bbox 1165 4006 1277 4040; x_wconf 87' lang='lat' dir='ltr'><strong>comma-</strong></span> 
     </span>
     <span class='ocr_line' id='line_1_39' title="bbox 156 4067 1276 4136; baseline -0.003 -16"><span class='ocrx_word' id='word_1_362' title='bbox 156 4085 243 4122; x_wconf 83' lang='lat' dir='ltr'><strong>neau.</strong></span> <span class='ocrx_word' id='word_1_363' title='bbox 371 4072 400 4123; x_wconf 85' lang='lat' dir='ltr'><strong>ll</strong></span> <span class='ocrx_word' id='word_1_364' title='bbox 415 4071 588 4122; x_wconf 84' lang='lat' dir='ltr'><strong>recordabaat</strong></span> <span class='ocrx_word' id='word_1_365' title='bbox 600 4085 627 4120; x_wconf 85' lang='lat' dir='ltr'><strong>a.</strong></span> <span class='ocrx_word' id='word_1_366' title='bbox 752 4069 956 4136; x_wconf 68' lang='lat' dir='ltr'><strong>liqnoticnsu.</strong></span> <span class='ocrx_word' id='word_1_367' title='bbox 1068 4067 1276 4118; x_wconf 87' lang='lat' dir='ltr'><strong>ducisnltionel</strong></span> 
     </span>
     <span class='ocr_line' id='line_1_40' title="bbox 157 4145 1278 4216; baseline -0.004 -19"><span class='ocrx_word' id='word_1_368' title='bbox 157 4148 233 4216; x_wconf 83' lang='lat' dir='ltr'><strong>calpa</strong></span> <span class='ocrx_word' id='word_1_369' title='bbox 247 4151 345 4201; x_wconf 86' lang='lat' dir='ltr'><strong>tribuni</strong></span> <span class='ocrx_word' id='word_1_370' title='bbox 358 4164 385 4200; x_wconf 86' lang='lat' dir='ltr'><strong>u.</strong></span> <span class='ocrx_word' id='word_1_371' title='bbox 492 4149 634 4198; x_wconf 83' lang='lat' dir='ltr'><strong>exereitum</strong></span> <span class='ocrx_word' id='word_1_372' title='bbox 649 4163 672 4196; x_wconf 87' lang='lat' dir='ltr'><strong>o.</strong></span> <span class='ocrx_word' id='word_1_373' title='bbox 774 4145 852 4215; x_wconf 73' lang='lat' dir='ltr'><strong>tuat</strong></span> <span class='ocrx_word' id='word_1_374' title='bbox 866 4163 924 4198; x_wconf 83' lang='lat' dir='ltr'><strong>cum</strong></span> <span class='ocrx_word' id='word_1_375' title='bbox 937 4147 954 4202; x_wconf 78' lang='lat'>2</span> <span class='ocrx_word' id='word_1_376' title='bbox 967 4145 1033 4198; x_wconf 81' lang='lat' dir='ltr'><strong>dett.</strong></span> <span class='ocrx_word' id='word_1_377' title='bbox 1043 4162 1071 4198; x_wconf 88' lang='lat' dir='ltr'><strong>u.</strong></span> <span class='ocrx_word' id='word_1_378' title='bbox 1175 4147 1207 4199; x_wconf 76' lang='lat' dir='ltr'><strong>ts</strong></span> <span class='ocrx_word' id='word_1_379' title='bbox 1218 4160 1278 4193; x_wconf 83' lang='lat' dir='ltr'><strong>con·</strong></span> 
     </span>
     <span class='ocr_line' id='line_1_41' title="bbox 156 4224 666 4290; baseline -0.002 -16"><span class='ocrx_word' id='word_1_380' title='bbox 156 4225 257 4276; x_wconf 82' lang='lat' dir='ltr'><strong>tionem</strong></span> <span class='ocrx_word' id='word_1_381' title='bbox 273 4225 324 4290; x_wconf 88' lang='lat' dir='ltr'><strong>(u).</strong></span> <span class='ocrx_word' id='word_1_382' title='bbox 431 4224 464 4277; x_wconf 82' lang='lat' dir='ltr'><strong>tt</strong></span> <span class='ocrx_word' id='word_1_383' title='bbox 478 4224 628 4275; x_wconf 85' lang='lat' dir='ltr'><strong>acciderant</strong></span> <span class='ocrx_word' id='word_1_384' title='bbox 643 4225 666 4274; x_wconf 88' lang='lat' dir='ltr'><strong>b.</strong></span> 
     </span>
    </p>
   </div>
   <div class='ocr_carea' id='block_1_4' title="bbox 0 0 1351 4688">
    <p class='ocr_par' dir='ltr' id='par_1_10' title="bbox 0 0 1351 4688">
     <span class='ocr_line' id='line_1_42' title="bbox 0 0 1351 4688; baseline 0 0"><span class='ocrx_word' id='word_1_385' title='bbox 0 0 1351 4688; x_wconf 95' lang='lat' dir='ltr'><strong> </strong></span> 
     </span>
    </p>
   </div>
  </div>
 </body>
</html>
