2692 4688
496 197 816 265 -154-

94 373 228 457 legiones
244 373 275 437 in
294 369 441 458 lllyricum
457 370 558 449 clusit,
577 382 608 435 et
621 371 799 453 insequente
815 370 912 433 hieme
927 366 1075 434 Gabinius
1089 390 1156 435 cum
1173 374 1218 437 le-

93 476 232 560 gionibus
248 476 397 553 tironum,
423 494 500 558 quae
515 495 610 558 nuper
624 484 711 537 erent
727 473 931 556 conscriptae,
957 474 1060 536 eodem
1077 475 1220 556 peruenit

93 578 188 661 (llirt.
207 579 237 643 b.
256 578 349 643 Alex.
367 575 600 659 taetitia).
618 573 731 641 Verum
748 575 804 640 bae
818 575 954 659 legiones
970 572 1091 640 Gabinii
1106 576 1144 640 ad
1162 599 1218 645 uo-

93 692 185 746 stram
201 681 349 746 rationem
364 701 425 743 non
440 679 605 765 pertinent:
627 700 694 743 cum
710 678 788 743 enim
804 679 935 742 brunum
951 678 1090 743 dicautur
1104 690 1219 766 uulpem

91 807 148 868 que
164 785 367 869 conscriptae,
389 791 523 868 apertum
539 792 586 846 est
601 801 653 845 eas
668 781 832 865 superioris
847 781 920 845 aurii
934 782 1040 861 exitu,
1061 805 1121 866 quo
1137 780 1219 851 Cae-

90 907 143 952 aar
157 884 349 952 Brundisium
366 884 461 963 uenit,
480 884 610 949 nondum
625 884 806 949 constitutas
822 885 927 948 lmese.
953 882 1058 968 Itaque
1073 898 1220 970 quattuor

90 990 218 1054 Antonii
246 989 415 1076 legionibus
443 999 473 1052 et
495 987 608 1051 duabus
631 984 785 1052 Cornificii
808 1008 827 1051 a
849 988 1010 1054 duodecim
1031 989 1216 1073 legionibus,

88 1090 366 1177 quaellrundisium
382 1101 540 1167 uenerant,
559 1090 691 1156 deductis
699 1091 795 1176 ipsum
804 1088 967 1156 Caesarem
978 1112 1045 1155 eum
1054 1092 1218 1178 sexlcgio·

91 1195 179 1259 nibus
196 1197 360 1280 prolectam
370 1215 439 1259 esse
449 1192 611 1277 colligitur.
636 1192 1215 1260 llemnnmerusaliaratioireell'mitur.

91 1292 209 1363 Caesar
230 1299 329 1374 enim,
351 1307 541 1383 posteaquam
562 1296 803 1361 Antoninszenm
825 1309 966 1380 quattuor
988 1298 1156 1384 legionibus
1177 1299 1216 1364 al

90 1420 158 1464 enm
174 1401 323 1484 peruenit,
341 1401 467 1464 deducta
479 1394 572 1464 Orico
586 1398 717 1484 legione,
734 1421 822 1482 quam
837 1400 877 1465 ibi
893 1401 1058 1465 adueniens
1073 1401 1217 1486 pneatatt

91 1522 179 1565 causa
196 1513 349 1586 posuerat,
368 1502 520 1584 tribusque
536 1502 709 1565 cohortibus
725 1504 841 1566 relictis
863 1508 877 1583 (
884 1524 913 1566 c.
930 1500 994 1586 39)
1013 1501 1053 1567 la·
1070 1498 1215 1569 Cassiis·

90 1600 262 1688 Longinum
277 1626 343 1669 cum
360 1624 420 1668 una
432 1604 552 1687 legione
566 1604 597 1668 in
612 1603 812 1683 Thessaliam,
829 1601 869 1670 C.-
887 1602 1053 1671 Caluisium
1067 1602 1215 1672 Sabim

90 1706 352 1773 cum'cohortibus'
374 1708 504 1791 quinque
524 1707 557 1770 in
578 1705 746 1786 Aetoliam,
777 1703 837 1772 Cn.
866 1707 1030 1773 Domitium
1052 1704 1215 1775 Cslaiauu

91 1830 157 1874 oum
174 1810 287 1875 duabus
307 1810 474 1896 legionibus
488 1809 520 1874 in
535 1807 745 1874 Macedoniam
761 1811 842 1874 misit
856 1814 897 1890 (c.
917 1811 986 1892 at).
1033 1808 1214 1894 Quindecin

89 1924 190 1977 autem
207 1909 307 1978 Cassii
323 1925 354 1979 et
368 1908 497 1979 Caluisii
513 1914 652 1977 cobortes
668 1923 772 1996 postea
786 1910 871 1977 Fubo
887 1910 1002 1979 Caleno
1019 1915 1052 1978 iu
1066 1913 1213 1981 Aebsisaa

90 2015 240 2080 ducendas
262 2016 353 2081 tetii.
390 2013 439 2080 De
460 2037 517 2099 qua
537 2034 571 2079 rc
587 2037 615 2077 c.
634 2013 674 2077 55
691 2015 732 2078 ἰιι.
752 2016 794 2079 ita
809 2018 951 2099 scriptum
968 2028 1032 2081 esta
1066 2018 1212 2093 ‘heloim

43 2187 46 2192 ,
88 2116 275 2199 Acarnania,
291 2118 496 2205 Amphilochis
513 2140 566 2204 per
581 2115 720 2182 Cassium
736 2115 906 2201 Longinum
929 2129 959 2184 el
974 2116 1140 2184 Caluisium
1154 2118 1214 2186 Sa·

88 2220 202 2301 binum,
214 2234 254 2287 ut
268 2223 557 2300 demonstrauimus,
579 2222 710 2305 receptis
727 2222 924 2305 temptandam
941 2221 998 2286 sibi
1013 2223 1161 2288 Achaiam
1176 2228 1213 2305 ie

89 2325 177 2409 paulo
193 2326 311 2409 longius
327 2325 574 2410 progrediendum
590 2323 782 2387 existimabat
796 2319 926 2388 Caesar.
952 2323 1053 2408 ltaque
1068 2346 1106 2390 eo
1122 2321 1213 2392 Cale·

87 2449 158 2491 uum
181 2428 263 2491 misit
286 2429 372 2511 eique
387 2424 532 2491 Sabinum
555 2437 586 2490 et
606 2423 745 2491 Cassium
769 2449 835 2489 cum
856 2427 1032 2492 cohortibus
1046 2428 1209 2514 adiungit’.

86 2527 168 2592 Nam
186 2529 294 2612 ‘eique'
310 2541 394 2594 reete
409 2527 609 2614 Glandoipius
624 2530 814 2593 scribendum
829 2531 971 2609 coniecit,
987 2532 1214 2599 eum-ederetur

90 2642 133 2694 ‘et
148 2627 189 2713 Q.
207 2628 380 2696 Sabinum's
404 2632 431 2695 is
447 2632 524 2695 enim
541 2629 635 2696 Gaius
650 2628 780 2696 Sabinus
796 2633 962 2696 dicebatur.
1009 2631 1097 2715 Quae
1118 2632 1213 2698 uerba

87 2748 126 2798 tre
142 2735 208 2818 quis
223 2734 266 2799 ita
280 2733 509 2820 interpretetur,
535 2736 632 2818 ipsum
649 2730 794 2798 Calenum
812 2746 967 2819 praeterea
981 2756 1083 2800 secum
1099 2736 1212 2821 aliquit

87 2838 254 2901 cohortium
270 2839 432 2902 adduxisse
447 2837 559 2915 uideri,
576 2856 617 2900 cx
631 2833 712 2900 Plut.
731 2833 822 2903 Caes.
839 2836 882 2901 43
898 2850 1019 2903 constat
1032 2859 1093 2900 nou
1108 2839 1211 2922 plum

86 2961 172 3022 quaro
188 2942 355 3024 quindecim
371 2940 511 3004 cobortes
526 2961 593 3003 cnm
609 2960 645 3004 co
661 2940 692 3003 in
706 2940 823 3005 Achaia
839 2942 944 3006 luisse.
989 2938 1134 3024 Quintum
1157 2946 1212 3011 ass·

86 3052 145 3107 tem
161 3042 283 3110 Tillium
298 3054 330 3107 et
343 3043 470 3108 Lucium
486 3037 686 3121 Canuleium,
712 3065 786 3126 quos
800 3039 919 3108 Caesar
932 3064 961 3107 c.
978 3043 1034 3118 42,
1050 3044 1131 3109 iliaci
1141 3048 1210 3111 'iru-

85 3148 356 3212 mantnriaecausu
370 3144 535 3230 inllpiru'm
550 3147 659 3210 misem
674 3146 790 3223 scribit,
807 3147 906 3211 nullas
921 3147 1023 3231 copias
1037 3168 1141 3211 secum
1157 3148 1211 3213 ba·

85 3246 187 3310 buisse
203 3249 266 3331 ipsa
281 3269 333 3312 res
346 3249 457 3312 indicio
473 3259 539 3326 est,
561 3269 627 3312 cum
647 3270 683 3312 ea
699 3249 782 3335 regio
798 3249 899 3312 statim
915 3260 983 3333 post
997 3244 1143 3314 Caesaris
1157 3252 1210 3316 ab·

85 3359 206 3414 uentum
221 3350 331 3413 ineius
345 3361 523 3433 potestatem
539 3352 674 3416 uenisset
689 3353 732 3435 (c.
751 3350 792 3412 12
808 3355 919 3432 extr.).
943 3348 1003 3415 Sat
1019 3356 1085 3415 cum
1102 3352 1210 3417 deicis

85 3474 104 3516 a
119 3451 313 3538 Dyrrhachio
327 3453 357 3516 in
375 3452 565 3517 Thessaliam
581 3453 750 3517 discederet
765 3449 893 3529 Caesar,
909 3453 1090 3538 Apolloniae
1101 3450 1148 3519 lV
1157 3476 1210 3519 co-

85 3552 199 3633 hortes,
215 3551 300 3619 Lissi
315 3578 416 3634 mam,
434 3553 519 3621 Orici
535 3552 591 3634 lll,
609 3552 739 3639 quesibi
756 3553 847 3617 luisse
862 3556 1042 3639 supradixi,
1059 3558 1210 3640 praesidio

83 3656 203 3741 reliquit
218 3660 259 3739 (c.
279 3657 347 3736 58),
365 3661 437 3723 (luas
453 3669 553 3722 autem
569 3657 725 3742 legiones,
744 3678 816 3739 quas
832 3678 898 3720 cum
914 3656 1049 3721 Domitio
1064 3662 1096 3723 iu
1109 3658 1210 3725 Thea-

84 3760 190 3825 saliam
206 3760 340 3839 miserat‚
357 3782 463 3824 rursus
479 3760 537 3826 sihi
552 3759 711 3823 coniunxit
727 3762 768 3837 (c.
786 3757 854 3838 80).
878 3758 939 3823 lam
956 3763 992 3824 dc
1008 3760 1114 3844 copiis,
1131 3782 1209 3845 quae

85 3863 162 3947 aputl
176 3860 351 3929 Pharsalum
377 3885 443 3928 cum
460 3862 595 3927 Caesare
620 3864 755 3939 luerunt,
774 3884 802 3925 c.
819 3863 881 3941 89,
908 3864 930 3928 2
953 3863 1024 3927 baec
1045 3864 1207 3946 leguntur:

83 3962 249 4031 ‘Cohortes
269 3968 301 4031 in
323 3968 389 4033 acie
411 3963 541 4030 LXXX
564 3966 741 4030 constitutas
757 3964 900 4045 babebat,
918 3986 995 4049 quae
1010 3986 1126 4032 summa
1142 3968 1210 4031 era't

82 4068 194 4134 milium
209 4066 326 4149 XXll,
348 4070 487 4133 cobortes
503 4067 532 4132 ll
548 4069 658 4133 eastris
675 4069 824 4154 praesidio
840 4070 1033 4152 reliquerat'.
1064 4068 1109 4133 Aa
1123 4068 1209 4133 illut

81 4193 237 4237 nnmerum
252 4173 405 4258 octogiuta
420 4170 599 4248 cohortium,
617 4171 688 4235 licet
703 4172 828 4235 eundem
838 4183 930 4256 ponat
938 4169 1066 4237 Orosius
1075 4169 1133 4250 Vl,
1153 4170 1207 4249 lu,

81 4270 250 4340 aCaesare
263 4274 391 4360 positum
413 4292 474 4338 uon
490 4295 560 4339 ease
575 4274 663 4339 lscile
677 4274 825 4338 euincan.
872 4270 1037 4340 Caesarem
1061 4275 1142 4339 caim
1165 4295 1209 4340 ex
