2692 4688
72 201 137 269 aut
442 198 447 207 '
476 193 541 261 bu·
555 192 701 263 BELLO
723 192 913 264 GALHGO

124 369 386 438 animaduerteret
400 365 515 431 bostem
529 367 688 452 conplures
703 367 767 433 dies
783 369 891 433 eastris
906 369 1013 453 palude
1028 380 1059 433 et
1072 370 1131 435 loci
1147 384 1257 438 natura

131 474 296 541 munitisse
304 483 408 536 tenere
420 490 516 552 neque
524 471 687 555 oppugnari
695 480 795 535 castra
802 491 906 535 eorum
914 471 1257 560 sinedimicationeper·

131 576 247 643 aieiosa
262 595 319 639 nec
333 574 431 637 locoar
446 571 659 637 munitionibus
668 571 764 637 elaadi
780 573 983 639 uisiamaiore
997 578 1135 640 exercitu
1151 598 1253 661 passe,

121 680 252 746 litteras
267 677 305 741 ad
329 673 516 740 Trebonium
531 673 642 749 nitur,
666 685 698 738 ut
712 696 799 756 quam
813 676 972 739 celerrime
986 688 1089 760 posset
1103 678 1253 763 legionem

123 793 206 859 Ιιιιιι,
222 798 298 862 qaae
313 798 380 841 cum
394 774 434 839 Τ.
451 772 560 839 Sextio
575 774 676 858 legato
689 777 721 838 iu
731 773 918 859 Biturigibus
934 778 1097 855 hiemabat,
1113 802 1251 847 arcesse-
1274 797 1291 848 ι

131 894 181 951 ιιι
195 893 286 965 atque
299 879 341 943 ita
364 899 429 941 ouan
453 877 549 941 tribus
571 877 740 959 legionibus
761 880 876 963 magnis
891 881 1051 946 itineribus
1066 883 1103 946 ad
1119 905 1153 948 se
1168 886 1255 951 ueni-

93 987 200 1066 Zreta
226 984 291 1068 ipse
305 982 421 1065 equites
437 979 468 1042 in
484 980 580 1043 uicem
594 977 759 1043 Remorum
774 1002 809 1045 ac
826 979 994 1067 Lingonum
1011 985 1252 1070 reliquarumque

131 1087 298 1163 oinitaurm,
315 1102 441 1167 quorum
456 1102 595 1164 magnum
612 1102 768 1145 numerum
783 1094 980 1158 euocauerat,
998 1087 1145 1168 praesidio
1159 1089 1252 1171 pabu-

74 1188 287 1263 mationibus
303 1185 406 1258 alictii,
424 1183 473 1266 qui
487 1182 738 1246 sabitasbostium
754 1184 1144 1253 incursionessustinereut.
1162 1187 1253 1273 Quod

131 1314 197 1358 cnm
214 1289 324 1355 cotidie
337 1288 434 1362 ieret,
450 1306 486 1349 ac
500 1284 559 1347 iam
575 1287 790 1351 consuetudine
799 1286 952 1372 diligentia
961 1289 1156 1369 minueretur,
1173 1296 1252 1377 quod
1276 1306 1309 1359 tt

130 1394 305 1480 plerumque
328 1387 436 1452 accidit
455 1386 669 1459 diuturnitate,
694 1385 847 1452 Bellouaci
871 1390 986 1455 delecta
1008 1412 1096 1455 manu
1120 1394 1251 1477 peditum

130 1495 259 1578 cognitis
274 1488 453 1556 stationibus
469 1487 626 1553 cotidianis
643 1490 772 1571 equitum
790 1502 962 1556 nostrorum
970 1492 1161 1559 siluestribus
1175 1495 1251 1560 loeis

94 1597 255 1663 binsidias
270 1594 431 1676 disponunt
445 1591 608 1672 eodemque
631 1591 747 1672 equites
764 1605 884 1675 postero
899 1595 947 1658 die
963 1595 1103 1672 miuuut,
1127 1598 1175 1681 qui
1191 1600 1252 1682 pri-

130 1720 209 1769 raum
224 1698 370 1762 elicerent
378 1703 499 1757 nostros
507 1692 677 1777 [insidiae],
693 1694 800 1757 deinde
815 1696 1035 1761 circumuentos
1049 1698 1251 1782 aggrederen-

96 1801 116 1867 3
131 1808 191 1867 tor.
217 1797 316 1864 'Cuius
332 1795 400 1860 mali
415 1814 483 1859 sors
498 1795 601 1858 incidit
615 1792 741 1872 llemis,
762 1797 869 1878 quibos
885 1798 935 1862 ille
950 1800 1014 1863 dies
1029 1800 1170 1882 iungendi
1185 1823 1250 1866 mu·
1275 1813 1308 1867 ts

131 1903 214 1967 neris
229 1901 407 1964 obuencrat.
437 1894 577 1978 Namque
592 1895 642 1972 bi,
667 1918 732 1960 cum
756 1909 879 1982 repente
902 1899 1030 1964 bostium
1054 1903 1169 1984 equites
1183 1904 1248 1969 aui·

129 2003 362 2068 maduertissent
383 2019 418 2064 ac
440 2017 564 2062 numero
586 1999 758 2080 superiores
780 2001 959 2083 paucitatem
983 2004 1246 2090 contempsissent,

93 2105 267 2191 dcapidiu's
283 2102 410 2167 insecuti
433 2100 579 2185 peditibus
603 2101 731 2184 undique
753 2113 824 2165 sunt
845 2104 1030 2169 circumdati.
1078 2104 1146 2189 Quo
1170 2110 1249 2173 iacto

129 2207 296 2295 perturbati
304 2205 452 2278 celerius,
469 2223 555 2285 quam
570 2203 754 2266 consuetudo
772 2206 829 2267 lert
843 2206 992 2287 equestris
1007 2208 1130 2290 proelii,
1150 2230 1185 2273 se
1200 2231 1248 2273 re·

117 2319 274 2395 ceperunt
285 2309 400 2372 amisso
413 2304 575 2379 Vertisco,
599 2305 731 2389 principe
747 2306 897 2384 (ciuitatis,
922 2310 1074 2391 praelecto
1095 2311 1248 2393 equitum3
1271 2322 1306 2374 att

93 2412 114 2479 5
129 2413 178 2497 qui
193 2410 259 2475 curie
276 2411 421 2490 uixepuo
436 2417 558 2490 propter
572 2416 700 2471 aetatem
717 2419 819 2491 posset
833 2411 896 2486 uti,
916 2419 1015 2474 umen
1030 2415 1247 2478 consuetudine

128 2513 285 2580 Gallorum
308 2530 405 2592 oeque
428 2509 537 2573 aetatis
559 2509 755 2583 excusatione
783 2509 814 2575 in
842 2511 1030 2594 suscipienda
1060 2517 1246 2596 praefectura

89 2617 201 2683 bosus
216 2624 280 2677 crat
297 2632 392 2695 oeque
408 2611 542 2675 dimicari
557 2611 623 2675 siae
639 2631 672 2675 se
689 2613 836 2676 uoluerat.
863 2611 1009 2678 lnilaotur
1017 2625 1107 2698 atque
1120 2615 1248 2678 incitan-

126 2730 177 2782 tur
191 2716 320 2781 bostium
335 2713 426 2779 animi
442 2714 572 2777 secundo
588 2713 713 2797 proelio,
731 2713 863 2798 principe
878 2725 910 2778 et
924 2716 1073 2798 praelecto
1081 2713 1247 2780 Remorum

89 2824 111 2888 7
125 2821 295 2894 interiecto,
315 2817 468 2898 nostrique
483 2816 662 2878 detrimento
678 2816 875 2878 admonentur
889 2816 1059 2897 diligentius
1082 2818 1247 2900 exploratis
1270 2832 1304 2882 25

126 2924 200 2987 locis
216 2920 364 2985 stationes
387 2919 546 3000 disponere
568 2939 604 2981 ac
621 2919 801 2981 moderatius
815 2917 969 2980 cedentem
985 2917 1099 3000 insequi
1117 2918 1243 2983 bostem.

69 3025 113 3097 18
126 3022 199 3090 Non
213 3021 417 3087 intermittunt
430 3019 548 3084 interim
570 3020 718 3083 cotidiana
744 3020 857 3105 proelia
871 3018 902 3084 in
917 3030 1080 3105 conspectu
1095 3030 1246 3084 unorum·

90 3130 185 3211 2que
201 3135 386 3201 castrorum,
415 3144 492 3206 quae
513 3123 549 3186 ad
572 3123 646 3186 uada
669 3123 872 3205 transitusque
895 3123 1005 3187 iebant
1019 3122 1144 3207 paludis.
1177 3120 1246 3206 Qua

236 3262 248 3314 1
264 3261 375 3312 animum
389 3260 541 3312 adnecteret
553 3277 589 3311 ece
601 3260 673 3312 And.
689 3262 776 3311 deon.
793 3276 819 3311 ιι.
941 3262 1028 3313 bostes
1042 3276 1056 3311 e
1068 3260 1139 3314 And.
1156 3260 1245 3312 Onon.

234 3339 373 3406 conplures
386 3337 419 3388 B.
534 3338 598 3390 locis
611 3339 636 3389 B
644 3355 658 3387 e
672 3339 746 3387 ‘mse
760 3342 788 3388 et
799 3337 859 3388 edd.
874 3336 949 3402 qdd.’
1069 3338 1245 3405 toppogaaee

126 3420 237 3472 lt‘maa.
251 3419 278 3464 et
290 3414 350 3464 edd.
364 3412 438 3478 ede!
622 3415 636 3465 ³
651 3415 700 3465 nial
715 3440 747 3450 -
761 3414 817 3478 (ll)
831 3414 1037 3476 aggrederentur
1048 3429 1101 3464 om.
1116 3415 1142 3466 A
1148 3412 1244 3465 BCD.

234 3493 294 3546 lad
308 3490 398 3543 Gaium
411 3489 567 3543 Trebonium
583 3493 607 3545 b.
714 3492 796 3558 possit
809 3492 833 3541 b.
930 3490 1058 3555 dmagoia
1071 3507 1084 3541 e
1097 3496 1125 3541 et
1135 3489 1244 3554 reliqui,

125 3590 201 3645 qnam
214 3572 315 3638 magala
328 3571 353 3621 b.
458 3572 513 3624 'lio
526 3572 600 3622 nicos
614 3573 638 3621 b.
746 3570 882 3634 denarum
895 3584 909 3618 e
923 3569 1011 3620 Onon.
1119 3568 1150 3618 ll)
1162 3568 1245 3619 minu·

124 3650 225 3719 aretur]
238 3651 404 3702 inueniretur
417 3650 465 3701 te.
592 3652 621 3702 13
634 3651 776 3714 eademque
789 3649 855 3698 bee.
980 3648 1011 3701 tt
1025 3647 1135 3699 insidiae
1147 3648 1244 3711 abde,

124 3732 228 3786 lasidlis
240 3746 296 3781 cu.-
308 3728 426 3781 inclusit
435 3728 580 3781 Wbttta'ua.
595 3729 626 3779 Ρ.
644 3728 670 3779 11
678 3731 700 3780 1.
826 3727 857 3778 lb
870 3728 940 3778 mala
951 3742 966 3777 a
979 3724 1068 3777 Onon.
1200 3724 1246 3774 ille

124 3811 181 3862 dlea
195 3811 220 3861 B
232 3807 328 3870 ‘maa.',
341 3807 388 3858 ille
401 3806 474 3856 locus
487 3821 504 3856 o
513 3821 535 3856 e.
642 3804 674 3855 ld
687 3803 714 3854 bi
727 3803 751 3854 B
762 3801 823 3853 edd.
837 3809 901 3854 oute
913 3803 990 3867 Ata,
1004 3802 1023 3852 ii
1036 3801 1122 3855 Aldus
1135 3817 1163 3851 ιι.

125 3884 236 3937 ιιιίιιιιιιιι
250 3884 429 3933 aduertissent
440 3890 476 3932 ee
486 3881 558 3933 And.
575 3881 661 3930 Oeen.
679 3894 706 3929 ιι.
849 3881 880 3932 18
892 3880 1023 3948 peditibus
1037 3878 1060 3929 B
1074 3878 1214 3943 ‘reliqot'‚
1229 3893 1245 3929 a

123 3959 253 4028 peditibus
267 3956 359 4008 bede.
483 3957 515 4008 ib
528 3956 644 4022 equestri
659 3972 686 4006 se
700 3953 798 4020 proelio
813 3965 966 4023 receperunt
981 3957 1005 4009 b.
1132 3954 1166 4006 20
1178 3951 1244 4003 Ver-

123 4035 201 4102 tiaco]
214 4032 322 4084 Veratio
335 4032 398 4083 add.
415 4032 464 4095 cd,
478 4030 574 4084 lieruto
588 4033 652 4083 add.
668 4033 692 4082 b.
707 4030 772 4082 Vici.
789 4032 847 4083 Cr'r.
860 4030 939 4081 Verr.
954 4032 995 4097 li,
1010 4032 1059 4090 lb,
1075 4028 1133 4080 tet.

123 4113 156 4168 2³
170 4125 251 4175 neque
265 4108 428 4160 dimicari-
442 4108 562 4159 uoluerat
574 4124 627 4158 om.
644 4109 668 4157 b.
771 4109 896 4158 indantur
908 4123 949 4157 oe
964 4109 1069 4174 {sorana
1082 4107 1164 4154 etium
1179 4104 1242 4168 od',

112 4192 315 4247 inflammantur
327 4186 351 4238 B
363 4191 390 4236 et
401 4185 510 4251 reliqui.
650 4185 682 4236 bt
697 4187 874 4236 intermittunt
887 4201 909 4247 e,
924 4185 1075 4238 intermittit
1087 4182 1243 4245 .dBCDb,·

123 4264 331 4319 intermittuntur
343 4277 370 4312 ιι.
384 4261 415 4312 Ρ.
431 4261 489 4312 lib.
595 4269 778 4327 utrorumquae
792 4262 824 4312 B.
