2692 4688
546 187 867 253 —llll—

146 371 273 455 nauigiis
288 365 563 432 Alexandrinorum
580 371 756 446 opponatur.
783 355 833 422 Cl.
846 380 874 421 o.
892 355 947 432 ld,
963 355 984 419 7
997 360 1179 437 ‘sequnntur
1194 355 1274 419 Ιιιιιι.

99 456 119 475 ’
146 493 218 540 suae
234 492 328 537 naues
344 468 527 533 nonnullae'.

230 574 336 639 Eiusd.
360 593 388 635 c.
414 568 479 654 §.5
500 569 542 632 ita
558 567 673 631 editor:
701 563 802 628 ‘Nam
824 584 891 627 curn
913 561 949 625 ad
972 557 1126 643 Canopum
1150 572 1273 626 uentum

145 688 237 753 esset,
255 677 462 756 instructaque
478 671 626 755 utrimque
642 669 749 731 classis
764 666 969 741 conflixisset,
993 674 1027 727 et
1039 682 1096 727 sua
1111 674 1275 729 consueta·

144 782 212 844 dine
238 778 418 862 Euphranor
448 775 561 858 primus
586 771 730 854 proelium
751 768 954 832 commisisset
975 777 1007 830 et
1028 765 1091 829 illie
1120 767 1274 832 triremem

146 882 275 946 hostium
300 880 484 962 perforasset
505 896 541 938 ac
564 873 771 945 demersisset,
797 870 961 954 proximam
982 868 1102 951 longius
1117 869 1275 935 insecutus

145 1004 247 1069 parum
263 981 405 1045 celeriter
419 973 645 1058 insequentibus
660 973 782 1056 reliquis
798 974 1020 1035 circumuentus
1035 970 1073 1033 ab
1088 969 1276 1035 Alexandri·

144 1088 193 1150 nis
208 1088 277 1150 est'.
302 1079 544 1163 Oudendorpius‚
557 1098 624 1141 cum
641 1077 673 1139 in
688 1076 775 1140 codd.
794 1096 853 1139 non
870 1075 968 1151 ‘illio’‚
984 1074 1038 1137 sed
1055 1072 1124 1137 ‘illi'
1139 1074 1277 1139 inussis-

144 1199 203 1266 set,
222 1188 298 1250 hanc
313 1206 382 1249 esse
396 1184 548 1265 antiquam
564 1179 644 1243 illius
659 1178 744 1241 uocis
760 1178 885 1241 formam
911 1176 1053 1241 defendit.
1086 1172 1192 1241 Satius
1206 1188 1276 1242 erat

145 1291 268 1361 dooere,
293 1289 362 1371 qnid
379 1287 419 1350 ita
443 1284 561 1348 Hirtius
583 1281 810 1363 significandum
832 1288 966 1363 putasset
988 1296 1055 1343 eam
1070 1298 1136 1343 rem
1150 1296 1188 1343 eo
1202 1278 1273 1343 loeo

144 1403 260 1477 gestam
285 1411 370 1464 esse,
396 1386 472 1469 qnod
494 1385 565 1448 mihi
588 1382 703 1465 quidem
724 1381 826 1466 putide
849 1382 910 1443 lieri
935 1382 1065 1443 uidetur.
1095 1376 1132 1444 ln
1151 1379 1274 1465 optimis

146 1504 347 1577 quattuorque
370 1486 567 1551 deterioribus
583 1486 669 1548 codd.
685 1485 797 1568 legitur
814 1483 868 1546 ‘illi
885 1518 927 1527 -
942 1484 1151 1566 perforassent
1170 1502 1207 1547 ae
1222 1484 1275 1549 de·

145 1591 344 1660 mersissent'.
374 1587 478 1673 ltaque
493 1608 558 1650 cum
575 1585 666 1649 uerba
681 1606 786 1651 errore
802 1586 998 1649 multitudinis
1013 1586 1130 1650 numeri
1146 1586 1273 1651 fotum

146 1695 346 1781 accepissent,
364 1691 502 1776 qnoniam
520 1690 559 1753 ita
575 1689 741 1752 subiectum
757 1687 1001 1766 desiderabatur,
1028 1688 1094 1752 ‘illi'
1108 1688 1275 1774 interpola·

146 1812 208 1864 tum
225 1818 293 1862 csse
309 1793 493 1860 existimaui.

230 1896 270 1965 C.
287 1897 342 1974 28,
359 1894 380 1959 3
394 1897 424 1959 in
440 1893 559 1979 optimis
575 1895 660 1957 codd.
679 1893 851 1975 duobusque
867 1893 1066 1957 deterioribus
1074 1893 1119 1958 sic
1126 1894 1272 1981 ιοιίιιιιιι

145 2015 209 2068 ests
235 1997 437 2067 ‘Consederat
459 2016 525 2059 cum
546 1997 640 2080 copiis
662 2017 720 2059 rex
743 1997 808 2060 loco
832 2006 941 2060 natura
962 1998 1089 2074 monito,
1112 1996 1192 2081 quod
1206 2008 1275 2063 arat

144 2106 210 2189 ipse
225 2102 378 2168 excelsior
392 2099 516 2184 planitie
530 2118 571 2162 ex
586 2099 724 2162 omnibns
740 2099 873 2180 partibus
888 2099 1038 2177 subiecta,
1054 2098 1159 2185 tribus:
1169 2110 1273 2165 antem

145 2228 186 2271 ex
201 2204 343 2270 lateribus
359 2204 452 2267 uariis
468 2221 613 2285 generum
625 2201 840 2264 monitionibus
855 2199 1032 2283 tegebatur‘s
1049 2201 1149 2266 editur
1161 2201 1271 2267 ‘aeriis

145 2309 278 2394 genere'.
304 2302 364 2370 Sed
380 2305 499 2369 uarium
514 2323 627 2385 genere
644 2314 703 2365 turn
721 2303 836 2365 densum
853 2302 963 2389 aliquid
979 2305 1079 2368 dicere
1093 2303 1176 2381 licet,
1202 2324 1270 2367 snm

144 2411 250 2495 generi
266 2410 331 2471 siue
346 2407 529 2490 cogitatione
543 2407 610 2467 siue
625 2404 762 2469 oratione
776 2405 833 2468 alia
850 2425 900 2467 res
916 2406 1087 2489 opponitur.
1111 2402 1146 2469 ld
1161 2405 1201 2469 ab
1215 2406 1272 2470 boc

144 2514 211 2576 loco
227 2510 356 2574 alienum
372 2528 442 2571 esse
457 2515 590 2590 apparet.
617 2503 761 2570 Codicum
782 2508 931 2589 scriptura
953 2507 1024 2572 mibi
1047 2508 1173 2573 indicari
1188 2508 1272 2573 nide-

144 2625 195 2676 tur
209 2612 311 2675 exitus
327 2606 539 2672 uocabolorum
556 2618 739 2691 permutatos
760 2629 828 2673 esse
851 2610 903 2685 (de
918 2630 976 2691 quo
991 2609 1057 2673 uitii
1071 2630 1185 2695 genere
1207 2609 1272 2675 uixi

144 2736 172 2797 p.
193 2711 275 2789 171)
290 2711 539 2792 scribendumque
563 2710 674 2773 ‘uariis
694 2711 853 2794 generibus
869 2712 1064 2775 munitionum
1081 2712 1270 2795 tegebatnr'.

229 2812 268 2879 C.
292 2814 347 2893 29,
372 2814 394 2877 d
415 2814 489 2877 baec
512 2812 694 2876 edebantur:
723 2809 847 2896 ‘ltaque
870 2816 974 2878 eodem
995 2826 1131 2898 ternpore
1152 2816 1271 2899 equites

145 2917 289 2983 Germani
312 2917 438 3000 dispersi
461 2916 536 2979 uada
562 2914 690 2978 dominis
713 2927 893 3002 quaerentes
916 2919 1022 2999 partim
1044 2918 1271 2983 demissioribus

141 3021 215 3103 ripis
231 3020 338 3083 flumen
350 3028 562 3095 tranarunt,et
580 3018 735 3102 legionarii
752 3020 867 3103 magnis
882 3019 1038 3083 arboribus
1051 3020 1176 3097 excisis,
1193 3040 1271 3103 qnae

144 3122 329 3206 longitudine
351 3134 506 3204 utramque
528 3120 622 3204 ripam
644 3122 871 3203 contingerent,
897 3122 1038 3205 proiectis
1053 3121 1270 3207 repentinoque

142 3244 253 3306 aggere
266 3225 376 3286 iniecto
392 3224 499 3285 llumen
516 3223 722 3286 transierunt'.
747 3221 782 3286 ln
791 3220 860 3285 Par.
872 3221 1032 3289 see.Leid.
1043 3245 1086 3307 pr.
1094 3223 1269 3309 duobusque

141 3325 342 3389 deterioribus
355 3325 440 3387 codd.
450 3326 560 3407 legitor
571 3325 839 3404 ‘cadalluminum'‚
852 3329 929 3409 qnod
939 3328 1009 3391 mibi
1018 3327 1116 3411 potius
1125 3327 1269 3391 obserua-

141 3429 251 3490 tionem
269 3426 395 3508 prodere
411 3428 564 3511 nragistri,
582 3448 656 3510 quae
672 3430 747 3491 uada
764 3429 947 3506 dicerentur,
963 3430 1162 3514 explicantis,
1181 3450 1268 3514 quan

141 3528 254 3591 librarii
284 3528 381 3591 errori
410 3528 597 3594 tribuendum
621 3530 715 3593 nistros
739 3539 801 3607 est,
827 3530 913 3594 cuins
937 3552 1028 3595 causa
1050 3552 1108 3595 non
1132 3543 1265 3617 apparet.

141 3627 260 3694 Deinde
282 3651 342 3692 non
365 3641 503 3713 poterant
524 3632 581 3695 duo
597 3632 754 3717 participia
770 3633 826 3695 boc
846 3635 933 3697 modo
949 3634 1105 3717 componis
1137 3636 1268 3717 ‘magnis

141 3731 297 3796 arboribus
326 3733 438 3797 excisis
464 3735 627 3818 proiectis'.
663 3732 824 3799 Diuersum
849 3749 895 3800 est
917 3738 1013 3814 eninr,
1032 3738 1110 3819 quod
1126 3734 1268 3802 Clarkios

142 3834 267 3897 contulit
282 3855 323 3898 ex
338 3832 428 3898 Caes.
448 3838 476 3899 b.
496 3840 555 3901 cio.
573 3835 631 3916 lll,
659 3834 721 3901 100
734 3849 815 3901 extr.
836 3848 925 3902 ‘ante
948 3839 1092 3923 proelium
1115 3841 1147 3903 in
1168 3838 1268 3905 Tbes·

142 3935 215 3997 salia
234 3937 342 3999 tactum
358 3938 532 4020 cognitum':
555 3961 623 4002 nam
639 3940 731 4004 uerba
756 3942 806 4004 ‘in
821 3938 979 4006 Thessalia
999 3940 1128 4005 lactum’
1146 3962 1202 4026 pro
1216 3962 1269 4027 ap-

140 4037 289 4122 positione
304 4050 385 4102 sunt.
410 4035 639 4124 Oudendorpius
653 4042 753 4125 plane,
771 4044 839 4126 quid
854 4056 1008 4128 ageretur,
1026 4065 1086 4108 non
1100 4044 1267 4123 intellexit,

143 4162 209 4204 cum
226 4142 255 4221 fi.
273 4140 293 4203 2
315 4140 344 4203 b.
363 4162 430 4225 cap.
449 4143 620 4226 ‘expeditos
643 4146 775 4209 delectos
791 4147 915 4230 eqrrites'
932 4147 1071 4211 similiter
1085 4148 1144 4211 diei
1160 4148 1269 4213 existi·

139 4255 210 4308 ιιιιιι.
250 4240 326 4307 Corn
348 4244 472 4307 arbores
493 4255 524 4308 ct
546 4246 668 4309 excisae
689 4259 719 4311 ct
735 4249 885 4332 proiectae
901 4250 962 4313 sint
977 4272 1014 4313 eo
1030 4261 1184 4333 temporo,
1208 4270 1268 4333 qno
