2692 4688
506 195 826 261 ..143-

101 379 160 433 ιοιιι
176 365 315 431 hocloco
331 367 418 451 plane
433 367 616 433 contrarium
633 379 698 447 est,
716 389 783 433 cum
796 365 1005 437 Massilienses
1021 368 1225 443 Caesarianos

99 471 256 535 eeleritate
278 470 398 533 nauium
421 470 564 548 eludere,
594 482 838 537 transcurrentes
867 492 967 538 manos
993 475 1169 561 detergere,
1192 481 1224 544 in

96 593 215 639 summa
229 573 365 639 ardbciis
381 583 412 638 et
425 573 552 640 scientia
566 575 800 659 gubernatorum
815 596 949 660 pugnare
963 577 1118 658 dieantur,
1143 601 1224 646 com-

72 756 75 761 ἢ
97 677 198 741 miens
218 676 365 761 congredi
386 687 449 741 tum
472 678 607 755 demum,
631 699 698 743 cum
721 678 810 761 spatii
830 680 979 763 angustiis
1000 684 1172 747 necessario
1192 685 1222 748 id

95 783 200 847 mere
222 789 381 864 cogantur.
418 777 617 846 scribendum
632 792 699 846 erat
712 780 806 864 igitur
829 781 1033 866 ‘impetusque
1054 805 1158 849 eorum
1174 787 1224 851 dc·

97 881 273 968 cipiebant’.
312 879 499 949 simulabant
520 884 600 948 euim
614 905 649 948 se
663 883 804 968 impeturn
821 897 1001 969 excepturos
1017 897 1060 964 et,
1077 908 1144 952 cum
1159 886 1225 953 llo·

96 987 178 1051 mani
194 983 297 1051 neuim
311 986 539 1065 incitauissent,
560 997 595 1049 ιιι
613 987 724 1050 rostris
740 999 976 1066 concurrerent,
994 989 1179 1057 declinantes
1194 1002 1225 1058 et
1308 1051 1314 1067 ,

97 1088 178 1153 latas
193 1088 389 1155 aduersarius
403 1089 490 1154 nauis
505 1090 770 1173 praeteruehentes
784 1111 885 1155 remos
900 1091 1106 1175 detergebant.

183 1187 225 1257 C.
241 1189 286 1255 64
307 1191 502 1269 describitur,
519 1192 763 1275 quemadmodum
777 1192 935 1257 Afraniani
951 1214 970 1256 a
984 1190 1127 1259 Caesaris
1143 1195 1227 1277 equi·

99 1305 165 1359 tatu
184 1294 219 1359 in
240 1295 360 1379 agmine
381 1295 476 1378 carpti
498 1305 529 1358 ct
551 1295 629 1360 male
650 1292 744 1358 babiti
765 1293 838 1358 sint.
879 1294 993 1360 ‘Prima
1015 1296 1105 1375 luce’,
1130 1297 1225 1380 iuquit

100 1393 239 1476 Caesar,
266 1396 540 1480 ‘exsuperioribus
555 1397 650 1474 locis,
669 1416 746 1479 quae
762 1392 906 1462 Caesaris
921 1400 1029 1463 castris
1049 1411 1138 1464 erant
1152 1421 1224 1465 con·

98 1501 222 1578 innota,
252 1499 432 1565 cernebatur
458 1500 609 1585 equitatus
637 1500 734 1565 nostri
757 1499 870 1583 proelio
900 1501 1081 1567 nouissimos
1103 1503 1224 1568 illorum

100 1602 195 1687 remi
220 1602 433 1679 uehementer,
459 1623 495 1667 ac
516 1623 738 1686 nonnumquam
760 1603 912 1668 sustinere
932 1613 1099 1669 exmcmum
1115 1625 1223 1691 agmen

100 1714 191 1789 etque
205 1703 394 1789 interrumpi,
410 1704 485 1770 alias
500 1705 605 1770 inferri
621 1706 708 1788 signa
717 1716 748 1769 et
762 1706 972 1770 uniuersarnm
986 1706 1153 1772 cobortium
1168 1709 1224 1772 iru-

100 1817 172 1892 petn
185 1817 309 1871 nostroe
324 1807 470 1892 propelli'.
495 1804 683 1873 sustinuisse
698 1817 865 1875 extreumna
881 1829 990 1891 agmen
1004 1819 1089 1873 recte
1103 1809 1223 1888 dicitur,

100 1931 169 1974 cun
190 1909 370 1975 subsisteret
390 1911 578 1994 impetusque
606 1912 738 1993 equitum
768 1912 923 1995 exciperet
951 1921 1040 1996 atque
1061 1913 1224 1997 perferret.

100 2009 167 2079 Sed
182 2012 378 2096 interruptum
400 2032 469 2077 esse
490 2034 598 2097 agmen
612 2013 755 2078 credibile
770 2034 832 2077 nou
846 2024 909 2076 est:
927 2014 1004 2096 quod
1019 2034 1084 2078 euna
1100 2016 1226 2080 accidis·

99 2127 174 2193 set,
202 2114 326 2179 alteram
345 2123 459 2199 purtem
482 2116 520 2178 ab
541 2117 638 2180 altera
658 2116 780 2179 excludi
810 2127 841 2180 ct
870 2115 1080 2179 circumueniri
1100 2138 1225 2182 neccsse

101 2229 190 2295 erat,
215 2237 293 2301 qnae
310 2236 361 2283 res
383 2218 505 2283 minime
519 2218 558 2282 iis
575 2219 698 2282 euenire
713 2227 850 2302 poterat,
874 2218 922 2299 qui
938 2218 1079 2301 impetum
1095 2220 1225 2300 equitum

102 2319 305 2386 sustinebant.
326 2316 433 2404 ltaque
450 2319 617 2406 ‘inrumpi’
631 2319 730 2404 posui.
767 2318 910 2402 Equestri
936 2318 1014 2383 enim
1037 2321 1168 2404 procella
1181 2321 1228 2384 in·

102 2435 231 2508 muente
247 2423 354 2488 alieubi
369 2423 482 2508 primos
496 2422 608 2508 proteri
624 2432 655 2487 et
668 2423 745 2487 deici
760 2432 981 2502 neomseeratq
999 2422 1052 2487 sed
1066 2433 1128 2486 tum
1135 2422 1229 2488 Atra·

103 2528 188 2593 niam
201 2526 296 2591 illatis
310 2526 406 2610 signis
423 2527 538 2609 equites
553 2545 659 2589 rursus
671 2525 882 2609 propellebant.

189 2627 230 2694 C.
247 2625 341 2708 65,3
363 2629 437 2695 baec
457 2629 637 2694 edebantur:
665 2625 725 2692 ι1111
747 2626 918 2693 necessario
947 2628 1114 2707 maturius,
1140 2651 1227 2714 quam

105 2733 340 2808 constituerant,
357 2742 457 2797 castra
472 2741 597 2817 ponunt.
623 2727 774 2795 Suberant
787 2731 866 2796 enim
881 2741 998 2795 montes
1014 2743 1103 2813 atque
1118 2753 1136 2795 a
1151 2731 1228 2795 mili·

108 2835 160 2900 bus
181 2855 325 2921 passuum
346 2835 477 2918 quinque
498 2835 607 2899 itinera
631 2833 758 2899 difficilia
780 2844 868 2916 atque
884 2844 1011 2918 angusta
1027 2832 1227 2915 excipiebant.

108 2936 169 3003 llos
185 2939 268 3003 intra
281 2946 399 3003 montes
413 2958 448 3002 se
462 2936 657 3021 recipiebant,
675 2947 709 3000 ut
723 2938 886 3021 equitatu·
903 2937 1072 3020 effugerent
1086 2931 1229 2999 Caesaris

109 3041 324 3125 praesidiisque
350 3040 384 3106 in
412 3040 560 3124 Quodis
586 3038 741 3105 collocatis
764 3039 930 3101 exercitum
961 3038 1070 3101 itinere
1093 3037 1230 3121 probibe·

109 3156 193 3223 rent,
224 3145 285 3228 ipsi
314 3143 381 3207 sine
405 3141 536 3226 periculo
558 3163 594 3207 ae
621 3141 729 3205 timore
751 3137 869 3206 Iberum
899 3141 1000 3223 copias
1026 3141 1228 3205 traducerent.

112 3243 195 3328 Quod
215 3246 274 3310 init
293 3245 354 3310 illis
376 3245 541 3311 conandum
564 3253 654 3330 atqua
669 3242 749 3307 omui
763 3243 881 3308 ratione
897 3242 1100 3321 efficiendum,
1116 3245 1170 3310 sed
1185 3254 1231 3309 te·

112 3350 169 3413 tius
183 3349 244 3414 diei
259 3368 358 3432 pugna
372 3358 464 3431 atque
478 3346 596 3413 itineris
610 3345 714 3411 labore
727 3346 838 3411 defessi
860 3367 922 3410 rem
938 3348 970 3411 iu
986 3359 1137 3432 posterum
1153 3348 1230 3412 diem

112 3450 310 3517 distulerunt’.
349 3447 462 3516 Verum
485 3450 564 3534 quod
577 3449 733 3514 smniani
755 3469 790 3513 se
804 3448 884 3513 intra
899 3459 1016 3514 montes
1038 3450 1173 3534 recipere
1188 3449 1232 3512 di-

112 3566 235 3633 cuntur,
251 3566 399 3639 repugnat
412 3551 618 3637 superioribus
632 3551 750 3629 uerbis,
767 3551 873 3633 quibus
889 3571 941 3617 eos
957 3564 1056 3618 castra
1070 3553 1129 3617 iam
1144 3575 1232 3638 posu·

113 3655 170 3721 isse
185 3657 368 3722 declaratum
382 3667 446 3734 eat,
463 3674 561 3738 neque
576 3655 674 3719 minus
690 3654 932 3736 insequentibus,
950 3655 1056 3737 quibus
1071 3657 1232 3740 repreben-

112 3759 234 3837 duotur,
258 3758 338 3843 quod
360 3759 420 3823 iter
441 3759 478 3822 ad
500 3769 619 3823 montes
640 3757 672 3822 iu
695 3768 847 3841 posterum
870 3759 948 3822 diem
963 3757 1158 3825 distulissent.
1197 3755 1233 3822 1ιι

113 3863 245 3926 omnibns
267 3872 367 3926 autem
388 3860 474 3925 codd.
493 3863 567 3927 baec
589 3862 633 3926 ita
655 3861 766 3943 scripta
782 3870 871 3924 sante
891 3860 957 3925 ‘bos
971 3872 1088 3924 montes
1103 3862 1183 3926 intra
1198 3881 1232 3925 se

112 3963 315 4048 reeipicbaut'.
353 3959 507 4046 Quaeris
527 3963 679 4047 corrigere
702 3984 763 4026 non
787 3962 937 4027 dubitaui:
957 3963 1023 4028 ‘hos
1046 3975 1164 4028 montes
1187 3965 1233 4028 in·

114 4077 189 4131 trare
204 4067 389 4152 cupiebant’.
427 4065 465 4130 ln
481 4065 675 4150 sequentibus
691 4076 791 4129 autem
806 4068 908 4131 uerbis
925 4066 1087 4149 genitiuum
1106 4062 1233 4131 ‘Caesa-

112 4169 170 4233 ris'
196 4181 269 4234 ante
292 4168 497 4234 ‘exercitum'
521 4168 727 4233 collocandum
750 4179 820 4251 puto
851 4181 972 4253 propter
999 4169 1233 4252 oppositionem,

112 4294 193 4356 qnam
208 4272 349 4358 prosimu
362 4272 494 4339 lubente
513 4271 741 4356 ‘praesidiisque
762 4272 794 4336 in
814 4271 961 4355 angustiis
983 4270 1138 4336 collocatis
1154 4263 1233 4331 Cae·
