<?xml version="1.0" encoding="UTF-8"?>
<!DOCTYPE html PUBLIC "-//W3C//DTD XHTML 1.0 Transitional//EN"
    "http://www.w3.org/TR/xhtml1/DTD/xhtml1-transitional.dtd">
<html xmlns="http://www.w3.org/1999/xhtml" xml:lang="en" lang="en">
 <head>
  <title>
</title>
<meta http-equiv="Content-Type" content="text/html;charset=utf-8" />
  <meta name='ocr-system' content='tesseract 3.04.00' />
  <meta name='ocr-capabilities' content='ocr_page ocr_carea ocr_par ocr_line ocrx_word'/>
</head>
<body>
  <div class='ocr_page' id='page_1' title='image "./civliicaesarisc02hirtgoog_0139.png"; bbox 0 0 2692 4688; ppageno 0'>
   <div class='ocr_carea' id='block_1_1' title="bbox 484 192 805 261">
    <p class='ocr_par' dir='ltr' id='par_1_1' title="bbox 484 192 805 261">
     <span class='ocr_line' id='line_1_1' title="bbox 484 192 805 261; baseline 0.006 -18"><span class='ocrx_word' id='word_1_1' title='bbox 484 192 805 261; x_wconf 67' lang='grc'>...132-</span> 
     </span>
    </p>
   </div>
   <div class='ocr_carea' id='block_1_2' title="bbox 84 364 1213 872">
    <p class='ocr_par' dir='ltr' id='par_1_2' title="bbox 84 364 1213 872">
     <span class='ocr_line' id='line_1_2' title="bbox 85 364 1209 456; baseline -0.006 -15"><span class='ocrx_word' id='word_1_2' title='bbox 85 371 269 441; x_wconf 86' lang='lat' dir='ltr'><strong>meutissime</strong></span> <span class='ocrx_word' id='word_1_3' title='bbox 281 367 460 453; x_wconf 85' lang='lat' dir='ltr'><strong>interpolata</strong></span> <span class='ocrx_word' id='word_1_4' title='bbox 475 378 555 431; x_wconf 88' lang='lat' dir='ltr'><strong>sunt.</strong></span> <span class='ocrx_word' id='word_1_5' title='bbox 581 370 610 453; x_wconf 61' lang='grc' dir='ltr'><strong>ξ.</strong></span> <span class='ocrx_word' id='word_1_6' title='bbox 622 367 956 433; x_wconf 76' lang='lat' dir='ltr'><strong>enimdlracceduntura</strong></span> <span class='ocrx_word' id='word_1_7' title='bbox 977 364 1098 450; x_wconf 84' lang='lat' dir='ltr'><strong>‘Neque</strong></span> <span class='ocrx_word' id='word_1_8' title='bbox 1112 388 1209 456; x_wconf 82' lang='lat' dir='ltr'><strong>expe·</strong></span> 
     </span>
     <span class='ocr_line' id='line_1_3' title="bbox 84 470 1211 559; baseline -0.005 -14"><span class='ocrx_word' id='word_1_9' title='bbox 84 487 179 554; x_wconf 70' lang='lat' dir='ltr'><strong>cunt,</strong></span> <span class='ocrx_word' id='word_1_10' title='bbox 196 475 274 559; x_wconf 92' lang='lat' dir='ltr'><strong>quod</strong></span> <span class='ocrx_word' id='word_1_11' title='bbox 282 471 487 558; x_wconf 86' lang='lat' dir='ltr'><strong>superioribus</strong></span> <span class='ocrx_word' id='word_1_12' title='bbox 498 473 585 536; x_wconf 88' lang='lat' dir='ltr'><strong>annis</strong></span> <span class='ocrx_word' id='word_1_13' title='bbox 593 474 755 551; x_wconf 90' lang='lat' dir='ltr'><strong>acciderat,</strong></span> <span class='ocrx_word' id='word_1_14' title='bbox 772 483 805 535; x_wconf 92' lang='lat' dir='ltr'><strong>ut</strong></span> <span class='ocrx_word' id='word_1_15' title='bbox 818 472 854 535; x_wconf 92' lang='lat' dir='ltr'><strong>de</strong></span> <span class='ocrx_word' id='word_1_16' title='bbox 867 470 1100 555; x_wconf 85' lang='lat' dir='ltr'><strong>eorumimpenic</strong></span> <span class='ocrx_word' id='word_1_17' title='bbox 1108 474 1146 536; x_wconf 87' lang='lat' dir='ltr'><strong>ad</strong></span> <span class='ocrx_word' id='word_1_18' title='bbox 1155 495 1211 558; x_wconf 92' lang='lat' dir='ltr'><strong>po·</strong></span> 
     </span>
     <span class='ocr_line' id='line_1_4' title="bbox 85 569 1211 667; baseline -0.003 -21"><span class='ocrx_word' id='word_1_19' title='bbox 85 583 183 667; x_wconf 88' lang='lat' dir='ltr'><strong>pulum</strong></span> <span class='ocrx_word' id='word_1_20' title='bbox 193 574 502 660; x_wconf 83' lang='lat' dir='ltr'><strong>foraturpaludatiquc</strong></span> <span class='ocrx_word' id='word_1_21' title='bbox 518 575 596 639; x_wconf 91' lang='lat' dir='ltr'><strong>uotis</strong></span> <span class='ocrx_word' id='word_1_22' title='bbox 612 575 787 659; x_wconf 89' lang='lat' dir='ltr'><strong>nuncupatis</strong></span> <span class='ocrx_word' id='word_1_23' title='bbox 802 585 924 640; x_wconf 87' lang='lat' dir='ltr'><strong>exeant.</strong></span> <span class='ocrx_word' id='word_1_24' title='bbox 948 569 1110 651; x_wconf 77' lang='lat' dir='ltr'><strong>Consules,</strong></span> <span class='ocrx_word' id='word_1_25' title='bbox 1128 578 1211 660; x_wconf 88' lang='lat' dir='ltr'><strong>quod</strong></span> 
     </span>
     <span class='ocr_line' id='line_1_5' title="bbox 84 676 1213 766; baseline -0.004 -16"><span class='ocrx_word' id='word_1_26' title='bbox 84 683 189 766; x_wconf 79' lang='lat' dir='ltr'><strong>antcid</strong></span> <span class='ocrx_word' id='word_1_27' title='bbox 198 692 312 762; x_wconf 89' lang='lat' dir='ltr'><strong>tepus</strong></span> <span class='ocrx_word' id='word_1_28' title='bbox 328 676 477 742; x_wconf 86' lang='lat' dir='ltr'><strong>acciderat</strong></span> <span class='ocrx_word' id='word_1_29' title='bbox 492 698 663 760; x_wconf 73' lang='lat' dir='ltr'><strong>nunquan,</strong></span> <span class='ocrx_word' id='word_1_30' title='bbox 681 677 803 742; x_wconf 77' lang='lat' dir='ltr'><strong>exurlte</strong></span> <span class='ocrx_word' id='word_1_31' title='bbox 817 677 1055 762; x_wconf 81' lang='lat' dir='ltr'><strong>proficiscuntur,</strong></span> <span class='ocrx_word' id='word_1_32' title='bbox 1070 678 1213 746; x_wconf 77' lang='lat' dir='ltr'><strong>lictores·</strong></span> 
     </span>
     <span class='ocr_line' id='line_1_6' title="bbox 84 775 1213 872; baseline -0.002 -20"><span class='ocrx_word' id='word_1_33' title='bbox 84 809 141 872; x_wconf 89' lang='lat' dir='ltr'><strong>qne</strong></span> <span class='ocrx_word' id='word_1_34' title='bbox 164 785 275 849; x_wconf 84' lang='lat' dir='ltr'><strong>habent</strong></span> <span class='ocrx_word' id='word_1_35' title='bbox 296 782 327 844; x_wconf 92' lang='lat' dir='ltr'><strong>in</strong></span> <span class='ocrx_word' id='word_1_36' title='bbox 350 779 424 844; x_wconf 83' lang='lat' dir='ltr'><strong>urltc</strong></span> <span class='ocrx_word' id='word_1_37' title='bbox 446 790 477 843; x_wconf 90' lang='lat' dir='ltr'><strong>et</strong></span> <span class='ocrx_word' id='word_1_38' title='bbox 498 775 647 864; x_wconf 89' lang='lat' dir='ltr'><strong>Capitolio</strong></span> <span class='ocrx_word' id='word_1_39' title='bbox 670 779 780 863; x_wconf 90' lang='lat' dir='ltr'><strong>priuati</strong></span> <span class='ocrx_word' id='word_1_40' title='bbox 802 791 907 845; x_wconf 88' lang='lat' dir='ltr'><strong>contra</strong></span> <span class='ocrx_word' id='word_1_41' title='bbox 929 780 1028 845; x_wconf 89' lang='lat' dir='ltr'><strong>omnia</strong></span> <span class='ocrx_word' id='word_1_42' title='bbox 1048 784 1213 851; x_wconf 74' lang='lat' dir='ltr'><strong>uetustatis</strong></span> 
     </span>
    </p>
   </div>
   <div class='ocr_carea' id='block_1_3' title="bbox 82 881 1213 4352">
    <p class='ocr_par' dir='ltr' id='par_1_3' title="bbox 82 881 1213 4352">
     <span class='ocr_line' id='line_1_7' title="bbox 84 881 1213 974; baseline -0.003 -20"><span class='ocrx_word' id='word_1_43' title='bbox 84 885 242 974; x_wconf 85' lang='lat' dir='ltr'><strong>exempla&#39;.</strong></span> <span class='ocrx_word' id='word_1_44' title='bbox 267 881 425 945; x_wconf 78' lang='lat' dir='ltr'><strong>llicuerlra</strong></span> <span class='ocrx_word' id='word_1_45' title='bbox 443 882 611 964; x_wconf 87' lang='lat' dir='ltr'><strong>‘quodacte</strong></span> <span class='ocrx_word' id='word_1_46' title='bbox 623 883 652 946; x_wconf 95' lang='lat' dir='ltr'><strong>id</strong></span> <span class='ocrx_word' id='word_1_47' title='bbox 665 882 1213 970; x_wconf 54' lang='lat' dir='ltr'><strong>ternpus&#39;accideratnurnquam&#39;lenti</strong></span> 
     </span>
     <span class='ocr_line' id='line_1_8' title="bbox 83 984 1211 1076; baseline -0.002 -20"><span class='ocrx_word' id='word_1_48' title='bbox 83 1012 143 1057; x_wconf 92' lang='lat' dir='ltr'><strong>non</strong></span> <span class='ocrx_word' id='word_1_49' title='bbox 151 1009 239 1076; x_wconf 90' lang='lat' dir='ltr'><strong>posse</strong></span> <span class='ocrx_word' id='word_1_50' title='bbox 247 986 377 1054; x_wconf 85' lang='lat' dir='ltr'><strong>Vossius</strong></span> <span class='ocrx_word' id='word_1_51' title='bbox 384 987 545 1052; x_wconf 81' lang='lat' dir='ltr'><strong>intellexit.</strong></span> <span class='ocrx_word' id='word_1_52' title='bbox 570 986 651 1052; x_wconf 86' lang='lat' dir='ltr'><strong>Nam</strong></span> <span class='ocrx_word' id='word_1_53' title='bbox 668 986 725 1050; x_wconf 87' lang='lat' dir='ltr'><strong>etsi</strong></span> <span class='ocrx_word' id='word_1_54' title='bbox 740 984 1004 1068; x_wconf 87' lang='lat' dir='ltr'><strong>aliquantnmante</strong></span> <span class='ocrx_word' id='word_1_55' title='bbox 1019 986 1076 1050; x_wconf 89' lang='lat' dir='ltr'><strong>hcc</strong></span> <span class='ocrx_word' id='word_1_56' title='bbox 1091 997 1211 1074; x_wconf 80' lang='lat' dir='ltr'><strong>tempus</strong></span> 
     </span>
     <span class='ocr_line' id='line_1_9' title="bbox 84 1087 1213 1175; baseline -0.002 -18"><span class='ocrx_word' id='word_1_57' title='bbox 84 1093 224 1158; x_wconf 89' lang='lat' dir='ltr'><strong>consules</strong></span> <span class='ocrx_word' id='word_1_58' title='bbox 237 1111 291 1175; x_wconf 92' lang='lat' dir='ltr'><strong>per</strong></span> <span class='ocrx_word' id='word_1_59' title='bbox 306 1089 510 1174; x_wconf 84' lang='lat' dir='ltr'><strong>magistratum</strong></span> <span class='ocrx_word' id='word_1_60' title='bbox 521 1088 553 1155; x_wconf 89' lang='lat' dir='ltr'><strong>in</strong></span> <span class='ocrx_word' id='word_1_61' title='bbox 568 1090 641 1154; x_wconf 84' lang='lat' dir='ltr'><strong>arbe</strong></span> <span class='ocrx_word' id='word_1_62' title='bbox 656 1110 779 1153; x_wconf 86' lang='lat' dir='ltr'><strong>manera</strong></span> <span class='ocrx_word' id='word_1_63' title='bbox 793 1087 940 1162; x_wconf 86' lang='lat' dir='ltr'><strong>solebant,</strong></span> <span class='ocrx_word' id='word_1_64' title='bbox 965 1097 1064 1153; x_wconf 87' lang='lat' dir='ltr'><strong>tamen</strong></span> <span class='ocrx_word' id='word_1_65' title='bbox 1081 1089 1154 1153; x_wconf 87' lang='lat' dir='ltr'><strong>nilril</strong></span> <span class='ocrx_word' id='word_1_66' title='bbox 1170 1110 1213 1157; x_wconf 87' lang='grc' dir='ltr'><strong>ιιι</strong></span> 
     </span>
     <span class='ocr_line' id='line_1_10' title="bbox 84 1191 1210 1278; baseline -0.004 -17"><span class='ocrx_word' id='word_1_67' title='bbox 84 1191 1210 1278; x_wconf 78' lang='lat' dir='ltr'><strong>tumquidemimpediebat,qucminusinipsomagistratu,quoutusesect,</strong></span> 
     </span>
     <span class='ocr_line' id='line_1_11' title="bbox 84 1291 1211 1379; baseline -0.001 -17"><span class='ocrx_word' id='word_1_68' title='bbox 84 1299 287 1362; x_wconf 78' lang='lat' dir='ltr'><strong>mitterentur.</strong></span> <span class='ocrx_word' id='word_1_69' title='bbox 317 1293 421 1379; x_wconf 90' lang='lat' dir='ltr'><strong>ltaque</strong></span> <span class='ocrx_word' id='word_1_70' title='bbox 437 1291 547 1360; x_wconf 90' lang='lat' dir='ltr'><strong>Cicero</strong></span> <span class='ocrx_word' id='word_1_71' title='bbox 569 1295 606 1359; x_wconf 88' lang='lat' dir='ltr'><strong>de</strong></span> <span class='ocrx_word' id='word_1_72' title='bbox 629 1294 683 1357; x_wconf 81' lang='lat' dir='ltr'><strong>lucc</strong></span> <span class='ocrx_word' id='word_1_73' title='bbox 704 1293 767 1377; x_wconf 85' lang='lat' dir='ltr'><strong>ipsa</strong></span> <span class='ocrx_word' id='word_1_74' title='bbox 788 1292 943 1358; x_wconf 87' lang='lat' dir='ltr'><strong>consulum</strong></span> <span class='ocrx_word' id='word_1_75' title='bbox 964 1294 1151 1379; x_wconf 82' lang='lat' dir='ltr'><strong>proiectione</strong></span> <span class='ocrx_word' id='word_1_76' title='bbox 1171 1296 1211 1361; x_wconf 74' lang='lat' dir='ltr'><strong>etl</strong></span> 
     </span>
     <span class='ocr_line' id='line_1_12' title="bbox 82 1394 1210 1480; baseline -0.001 -16"><span class='ocrx_word' id='word_1_77' title='bbox 82 1400 216 1464; x_wconf 83' lang='lat' dir='ltr'><strong>Atticum</strong></span> <span class='ocrx_word' id='word_1_78' title='bbox 231 1395 318 1475; x_wconf 90' lang='lat' dir='ltr'><strong>Vlll,</strong></span> <span class='ocrx_word' id='word_1_79' title='bbox 344 1397 397 1473; x_wconf 81' lang='lat'><strong>15,</strong></span> <span class='ocrx_word' id='word_1_80' title='bbox 419 1396 439 1461; x_wconf 82' lang='lat'><strong>3</strong></span> <span class='ocrx_word' id='word_1_81' title='bbox 460 1397 567 1462; x_wconf 76' lang='lat' dir='ltr'><strong>scribit</strong></span> <span class='ocrx_word' id='word_1_82' title='bbox 588 1395 657 1480; x_wconf 88' lang='lat' dir='ltr'><strong>‘ipsi</strong></span> <span class='ocrx_word' id='word_1_83' title='bbox 672 1394 823 1472; x_wconf 80' lang='lat' dir='ltr'><strong>consules,</strong></span> <span class='ocrx_word' id='word_1_84' title='bbox 840 1394 945 1477; x_wconf 85' lang='lat' dir='ltr'><strong>quibas</strong></span> <span class='ocrx_word' id='word_1_85' title='bbox 965 1416 1048 1461; x_wconf 86' lang='lat' dir='ltr'><strong>more</strong></span> <span class='ocrx_word' id='word_1_86' title='bbox 1062 1397 1210 1463; x_wconf 74' lang='lat' dir='ltr'><strong>maiorm</strong></span> 
     </span>
     <span class='ocr_line' id='line_1_13' title="bbox 84 1494 1211 1582; baseline -0.002 -13"><span class='ocrx_word' id='word_1_87' title='bbox 84 1521 258 1568; x_wconf 86' lang='lat' dir='ltr'><strong>concessam</strong></span> <span class='ocrx_word' id='word_1_88' title='bbox 281 1511 329 1564; x_wconf 90' lang='lat' dir='ltr'><strong>est</strong></span> <span class='ocrx_word' id='word_1_89' title='bbox 343 1499 392 1563; x_wconf 90' lang='lat' dir='ltr'><strong>uel</strong></span> <span class='ocrx_word' id='word_1_90' title='bbox 408 1519 512 1563; x_wconf 89' lang='lat' dir='ltr'><strong>omnes</strong></span> <span class='ocrx_word' id='word_1_91' title='bbox 537 1498 620 1563; x_wconf 92' lang='lat' dir='ltr'><strong>adire</strong></span> <span class='ocrx_word' id='word_1_92' title='bbox 641 1494 834 1582; x_wconf 67' lang='lat' dir='ltr'><strong>prouincias,</strong></span> <span class='ocrx_word' id='word_1_93' title='bbox 852 1507 883 1561; x_wconf 92' lang='lat' dir='ltr'><strong>et</strong></span> <span class='ocrx_word' id='word_1_94' title='bbox 897 1497 1011 1564; x_wconf 87' lang='lat' dir='ltr'><strong>duobus</strong></span> <span class='ocrx_word' id='word_1_95' title='bbox 1034 1498 1121 1564; x_wconf 78' lang='lat' dir='ltr'><strong>cunis</strong></span> <span class='ocrx_word' id='word_1_96' title='bbox 1136 1510 1211 1567; x_wconf 84' lang='lat' dir='ltr'><strong>anto</strong></span> 
     </span>
     <span class='ocr_line' id='line_1_14' title="bbox 84 1596 1209 1677; baseline -0.001 -7"><span class='ocrx_word' id='word_1_97' title='bbox 84 1603 206 1670; x_wconf 77' lang='lat' dir='ltr'><strong>Caedes</strong></span> <span class='ocrx_word' id='word_1_98' title='bbox 221 1602 257 1667; x_wconf 88' lang='lat' dir='ltr'><strong>ad</strong></span> <span class='ocrx_word' id='word_1_99' title='bbox 274 1597 450 1666; x_wconf 78' lang='lat' dir='ltr'>Ciceronem</span> <span class='ocrx_word' id='word_1_100' title='bbox 466 1598 541 1664; x_wconf 82' lang='lat' dir='ltr'><strong>Fam</strong></span> <span class='ocrx_word' id='word_1_101' title='bbox 556 1596 643 1677; x_wconf 88' lang='lat' dir='ltr'><strong>Vttt,</strong></span> <span class='ocrx_word' id='word_1_102' title='bbox 667 1596 721 1677; x_wconf 88' lang='lat'><strong>10,</strong></span> <span class='ocrx_word' id='word_1_103' title='bbox 744 1597 766 1661; x_wconf 76' lang='grc'>2</span> <span class='ocrx_word' id='word_1_104' title='bbox 781 1598 919 1663; x_wconf 90' lang='lat' dir='ltr'><strong>consules</strong></span> <span class='ocrx_word' id='word_1_105' title='bbox 934 1600 1057 1665; x_wconf 88' lang='lat' dir='ltr'><strong>omniuo</strong></span> <span class='ocrx_word' id='word_1_106' title='bbox 1070 1613 1209 1669; x_wconf 72' lang='lat' dir='ltr'><strong>acuatum</strong></span> 
     </span>
     <span class='ocr_line' id='line_1_15' title="bbox 83 1700 1211 1788; baseline 0.001 -18"><span class='ocrx_word' id='word_1_107' title='bbox 83 1706 193 1771; x_wconf 86' lang='lat' dir='ltr'><strong>hahere</strong></span> <span class='ocrx_word' id='word_1_108' title='bbox 209 1704 301 1785; x_wconf 87' lang='lat' dir='ltr'><strong>nolle,</strong></span> <span class='ocrx_word' id='word_1_109' title='bbox 316 1704 383 1788; x_wconf 90' lang='lat' dir='ltr'><strong>quia</strong></span> <span class='ocrx_word' id='word_1_110' title='bbox 399 1703 506 1767; x_wconf 85' lang='lat' dir='ltr'><strong>timore</strong></span> <span class='ocrx_word' id='word_1_111' title='bbox 514 1700 646 1766; x_wconf 74' lang='lat' dir='ltr'>Parthici</span> <span class='ocrx_word' id='word_1_112' title='bbox 662 1700 733 1766; x_wconf 84' lang='lat' dir='ltr'><strong>belli</strong></span> <span class='ocrx_word' id='word_1_113' title='bbox 749 1701 848 1764; x_wconf 86' lang='lat' dir='ltr'><strong>oblato</strong></span> <span class='ocrx_word' id='word_1_114' title='bbox 864 1712 1055 1782; x_wconf 87' lang='lat' dir='ltr'><strong>uererentur,</strong></span> <span class='ocrx_word' id='word_1_115' title='bbox 1072 1724 1211 1771; x_wconf 73' lang='lat' dir='ltr'><strong>cesena·</strong></span> 
     </span>
     <span class='ocr_line' id='line_1_16' title="bbox 83 1801 1209 1893; baseline 0.003 -21"><span class='ocrx_word' id='word_1_116' title='bbox 83 1819 132 1872; x_wconf 90' lang='lat' dir='ltr'><strong>tus</strong></span> <span class='ocrx_word' id='word_1_117' title='bbox 155 1808 323 1874; x_wconf 89' lang='lat' dir='ltr'><strong>consultum</strong></span> <span class='ocrx_word' id='word_1_118' title='bbox 345 1811 441 1887; x_wconf 88' lang='lat' dir='ltr'><strong>lieret,</strong></span> <span class='ocrx_word' id='word_1_119' title='bbox 472 1820 507 1872; x_wconf 94' lang='lat' dir='ltr'><strong>ut</strong></span> <span class='ocrx_word' id='word_1_120' title='bbox 528 1804 657 1893; x_wconf 87' lang='lat' dir='ltr'><strong>paludati</strong></span> <span class='ocrx_word' id='word_1_121' title='bbox 679 1804 810 1868; x_wconf 81' lang='lat' dir='ltr'><strong>exireat.</strong></span> <span class='ocrx_word' id='word_1_122' title='bbox 848 1801 945 1867; x_wconf 84' lang='lat' dir='ltr'><strong>llecte</strong></span> <span class='ocrx_word' id='word_1_123' title='bbox 965 1804 1059 1888; x_wconf 89' lang='lat' dir='ltr'><strong>igitur</strong></span> <span class='ocrx_word' id='word_1_124' title='bbox 1078 1802 1209 1875; x_wconf 75' lang='lat' dir='ltr'><strong>Vossius</strong></span> 
     </span>
     <span class='ocr_line' id='line_1_17' title="bbox 84 1904 1212 1995; baseline 0.001 -20"><span class='ocrx_word' id='word_1_125' title='bbox 84 1911 159 1975; x_wconf 88' lang='lat' dir='ltr'><strong>haec</strong></span> <span class='ocrx_word' id='word_1_126' title='bbox 175 1912 268 1976; x_wconf 84' lang='lat' dir='ltr'><strong>uerba</strong></span> <span class='ocrx_word' id='word_1_127' title='bbox 283 1912 409 1977; x_wconf 89' lang='lat' dir='ltr'><strong>delenda</strong></span> <span class='ocrx_word' id='word_1_128' title='bbox 424 1932 492 1976; x_wconf 87' lang='lat' dir='ltr'><strong>esse</strong></span> <span class='ocrx_word' id='word_1_129' title='bbox 514 1907 667 1973; x_wconf 89' lang='lat' dir='ltr'><strong>iudicauit.</strong></span> <span class='ocrx_word' id='word_1_130' title='bbox 699 1904 781 1970; x_wconf 87' lang='lat' dir='ltr'><strong>Nam</strong></span> <span class='ocrx_word' id='word_1_131' title='bbox 797 1927 884 1990; x_wconf 90' lang='lat' dir='ltr'><strong>quam</strong></span> <span class='ocrx_word' id='word_1_132' title='bbox 900 1907 1007 1972; x_wconf 91' lang='lat' dir='ltr'><strong>deiude</strong></span> <span class='ocrx_word' id='word_1_133' title='bbox 1022 1909 1212 1995; x_wconf 82' lang='lat' dir='ltr'><strong>excogitauit</strong></span> 
     </span>
     <span class='ocr_line' id='line_1_18' title="bbox 82 2008 1209 2097; baseline 0 -21"><span class='ocrx_word' id='word_1_134' title='bbox 82 2013 247 2092; x_wconf 87' lang='lat' dir='ltr'><strong>rationem,</strong></span> <span class='ocrx_word' id='word_1_135' title='bbox 275 2025 309 2078; x_wconf 92' lang='lat' dir='ltr'><strong>ut</strong></span> <span class='ocrx_word' id='word_1_136' title='bbox 334 2016 390 2080; x_wconf 89' lang='lat' dir='ltr'><strong>hoc</strong></span> <span class='ocrx_word' id='word_1_137' title='bbox 414 2015 541 2079; x_wconf 88' lang='lat' dir='ltr'><strong>incisum</strong></span> <span class='ocrx_word' id='word_1_138' title='bbox 569 2012 605 2076; x_wconf 86' lang='lat' dir='ltr'><strong>ad</strong></span> <span class='ocrx_word' id='word_1_139' title='bbox 631 2008 785 2094; x_wconf 76' lang='lat' dir='ltr'><strong>sequentia</strong></span> <span class='ocrx_word' id='word_1_140' title='bbox 812 2011 984 2074; x_wconf 73' lang='lat' dir='ltr'><strong>traheretur</strong></span> <span class='ocrx_word' id='word_1_141' title='bbox 1014 2011 1209 2097; x_wconf 75' lang='lat' dir='ltr'><strong>‘lictoresque</strong></span> 
     </span>
     <span class='ocr_line' id='line_1_19' title="bbox 84 2112 1208 2204; baseline 0.002 -25"><span class='ocrx_word' id='word_1_142' title='bbox 84 2116 195 2180; x_wconf 86' lang='lat' dir='ltr'><strong>habent</strong></span> <span class='ocrx_word' id='word_1_143' title='bbox 216 2117 247 2180; x_wconf 92' lang='lat' dir='ltr'><strong>in</strong></span> <span class='ocrx_word' id='word_1_144' title='bbox 268 2117 341 2182; x_wconf 81' lang='lat' dir='ltr'><strong>urltc</strong></span> <span class='ocrx_word' id='word_1_145' title='bbox 363 2129 394 2182; x_wconf 90' lang='lat' dir='ltr'><strong>et</strong></span> <span class='ocrx_word' id='word_1_146' title='bbox 410 2114 560 2204; x_wconf 88' lang='lat' dir='ltr'><strong>Capitolio</strong></span> <span class='ocrx_word' id='word_1_147' title='bbox 575 2113 707 2199; x_wconf 85' lang='lat' dir='ltr'><strong>priuati&#39;,</strong></span> <span class='ocrx_word' id='word_1_148' title='bbox 724 2133 820 2195; x_wconf 92' lang='lat' dir='ltr'><strong>neque</strong></span> <span class='ocrx_word' id='word_1_149' title='bbox 836 2112 899 2176; x_wconf 88' lang='lat' dir='ltr'><strong>lieri</strong></span> <span class='ocrx_word' id='word_1_150' title='bbox 914 2112 944 2175; x_wconf 95' lang='lat' dir='ltr'><strong>id</strong></span> <span class='ocrx_word' id='word_1_151' title='bbox 960 2124 1069 2196; x_wconf 86' lang='lat' dir='ltr'><strong>potest,</strong></span> <span class='ocrx_word' id='word_1_152' title='bbox 1093 2114 1153 2179; x_wconf 84' lang='lat' dir='ltr'><strong>nisi</strong></span> <span class='ocrx_word' id='word_1_153' title='bbox 1168 2134 1208 2181; x_wconf 83' lang='lat' dir='ltr'><strong>co</strong></span> 
     </span>
     <span class='ocr_line' id='line_1_20' title="bbox 84 2215 1208 2305; baseline -0.002 -22"><span class='ocrx_word' id='word_1_154' title='bbox 84 2221 284 2284; x_wconf 79' lang='lat' dir='ltr'><strong>transferetur</strong></span> <span class='ocrx_word' id='word_1_155' title='bbox 308 2222 511 2304; x_wconf 87' lang='lat' dir='ltr'><strong>(quamobrem</strong></span> <span class='ocrx_word' id='word_1_156' title='bbox 533 2220 661 2286; x_wconf 84' lang='lat' dir='ltr'><strong>Petauic</strong></span> <span class='ocrx_word' id='word_1_157' title='bbox 682 2229 751 2305; x_wconf 89' lang='lat' dir='ltr'><strong>post</strong></span> <span class='ocrx_word' id='word_1_158' title='bbox 775 2215 992 2298; x_wconf 85' lang='lat' dir='ltr'><strong>‘lictoresque&#39;</strong></span> <span class='ocrx_word' id='word_1_159' title='bbox 1013 2216 1208 2281; x_wconf 75' lang='lat' dir='ltr'><strong>inserendum</strong></span> 
     </span>
     <span class='ocr_line' id='line_1_21' title="bbox 84 2319 1211 2409; baseline -0.002 -23"><span class='ocrx_word' id='word_1_160' title='bbox 84 2322 269 2407; x_wconf 84' lang='lat' dir='ltr'><strong>uidebatur),</strong></span> <span class='ocrx_word' id='word_1_161' title='bbox 287 2344 384 2406; x_wconf 87' lang='lat' dir='ltr'><strong>neque</strong></span> <span class='ocrx_word' id='word_1_162' title='bbox 399 2323 458 2387; x_wconf 92' lang='lat' dir='ltr'><strong>ullo</strong></span> <span class='ocrx_word' id='word_1_163' title='bbox 474 2326 561 2388; x_wconf 88' lang='lat' dir='ltr'><strong>modo</strong></span> <span class='ocrx_word' id='word_1_164' title='bbox 575 2326 625 2399; x_wconf 88' lang='lat' dir='ltr'><strong>iis,</strong></span> <span class='ocrx_word' id='word_1_165' title='bbox 643 2342 720 2409; x_wconf 87' lang='lat' dir='ltr'><strong>quac</strong></span> <span class='ocrx_word' id='word_1_166' title='bbox 740 2319 781 2384; x_wconf 83' lang='lat' dir='ltr'><strong>ilti</strong></span> <span class='ocrx_word' id='word_1_167' title='bbox 797 2321 948 2403; x_wconf 88' lang='lat' dir='ltr'><strong>leguntur,</strong></span> <span class='ocrx_word' id='word_1_168' title='bbox 973 2324 1091 2383; x_wconf 90' lang='lat' dir='ltr'><strong>‘contra</strong></span> <span class='ocrx_word' id='word_1_169' title='bbox 1107 2319 1211 2385; x_wconf 81' lang='lat' dir='ltr'><strong>omnia</strong></span> 
     </span>
     <span class='ocr_line' id='line_1_22' title="bbox 84 2418 1210 2509; baseline 0.002 -23"><span class='ocrx_word' id='word_1_170' title='bbox 84 2425 245 2488; x_wconf 88' lang='lat' dir='ltr'><strong>uetustatis</strong></span> <span class='ocrx_word' id='word_1_171' title='bbox 262 2425 408 2509; x_wconf 82' lang='lat' dir='ltr'><strong>exempla‘</strong></span> <span class='ocrx_word' id='word_1_172' title='bbox 424 2424 473 2488; x_wconf 91' lang='lat' dir='ltr'><strong>illa</strong></span> <span class='ocrx_word' id='word_1_173' title='bbox 490 2425 580 2490; x_wconf 80' lang='lat' dir='ltr'><strong>uorlta</strong></span> <span class='ocrx_word' id='word_1_174' title='bbox 595 2421 754 2509; x_wconf 74' lang='lat' dir='ltr'><strong>superaddi</strong></span> <span class='ocrx_word' id='word_1_175' title='bbox 769 2432 905 2506; x_wconf 85' lang='lat' dir='ltr'><strong>possunt.</strong></span> <span class='ocrx_word' id='word_1_176' title='bbox 935 2418 1008 2485; x_wconf 93' lang='lat' dir='ltr'><strong>Non</strong></span> <span class='ocrx_word' id='word_1_177' title='bbox 1023 2421 1130 2487; x_wconf 89' lang='lat' dir='ltr'><strong>melius</strong></span> <span class='ocrx_word' id='word_1_178' title='bbox 1144 2419 1210 2488; x_wconf 81' lang='lat' dir='ltr'><strong>lla·</strong></span> 
     </span>
     <span class='ocr_line' id='line_1_23' title="bbox 85 2524 1209 2612; baseline 0.004 -25"><span class='ocrx_word' id='word_1_179' title='bbox 85 2524 180 2588; x_wconf 89' lang='lat' dir='ltr'><strong>uisius</strong></span> <span class='ocrx_word' id='word_1_180' title='bbox 196 2525 270 2589; x_wconf 90' lang='lat' dir='ltr'><strong>haec</strong></span> <span class='ocrx_word' id='word_1_181' title='bbox 286 2525 321 2588; x_wconf 94' lang='lat' dir='ltr'><strong>ad</strong></span> <span class='ocrx_word' id='word_1_182' title='bbox 338 2526 490 2609; x_wconf 85' lang='lat' dir='ltr'><strong>superiora</strong></span> <span class='ocrx_word' id='word_1_183' title='bbox 508 2528 709 2592; x_wconf 79' lang='lat' dir='ltr'><strong>transferebat</strong></span> <span class='ocrx_word' id='word_1_184' title='bbox 723 2527 755 2590; x_wconf 92' lang='lat' dir='ltr'><strong>in</strong></span> <span class='ocrx_word' id='word_1_185' title='bbox 772 2527 850 2591; x_wconf 86' lang='lat' dir='ltr'><strong>hunc</strong></span> <span class='ocrx_word' id='word_1_186' title='bbox 866 2528 999 2591; x_wconf 84' lang='lat' dir='ltr'><strong>modam:</strong></span> <span class='ocrx_word' id='word_1_187' title='bbox 1026 2532 1139 2612; x_wconf 84' lang='lat' dir='ltr'><strong>‘neque</strong></span> <span class='ocrx_word' id='word_1_188' title='bbox 1152 2544 1209 2591; x_wconf 82' lang='lat' dir='ltr'><strong>ex·</strong></span> 
     </span>
     <span class='ocr_line' id='line_1_24' title="bbox 85 2626 1208 2712; baseline 0.005 -25"><span class='ocrx_word' id='word_1_189' title='bbox 85 2636 216 2710; x_wconf 80' lang='lat' dir='ltr'><strong>pectant,</strong></span> <span class='ocrx_word' id='word_1_190' title='bbox 242 2626 318 2709; x_wconf 92' lang='lat' dir='ltr'><strong>quod</strong></span> <span class='ocrx_word' id='word_1_191' title='bbox 340 2628 542 2711; x_wconf 88' lang='lat' dir='ltr'><strong>superioribus</strong></span> <span class='ocrx_word' id='word_1_192' title='bbox 561 2629 648 2695; x_wconf 85' lang='lat' dir='ltr'><strong>aunis</strong></span> <span class='ocrx_word' id='word_1_193' title='bbox 669 2629 829 2708; x_wconf 86' lang='lat' dir='ltr'><strong>acciderat,</strong></span> <span class='ocrx_word' id='word_1_194' title='bbox 852 2640 886 2693; x_wconf 93' lang='lat' dir='ltr'><strong>ut</strong></span> <span class='ocrx_word' id='word_1_195' title='bbox 906 2631 942 2694; x_wconf 92' lang='lat' dir='ltr'><strong>de</strong></span> <span class='ocrx_word' id='word_1_196' title='bbox 963 2649 1065 2693; x_wconf 89' lang='lat' dir='ltr'><strong>eorum</strong></span> <span class='ocrx_word' id='word_1_197' title='bbox 1080 2627 1208 2712; x_wconf 85' lang='lat' dir='ltr'><strong>imperio</strong></span> 
     </span>
     <span class='ocr_line' id='line_1_25' title="bbox 84 2728 1209 2817; baseline 0.004 -26"><span class='ocrx_word' id='word_1_198' title='bbox 84 2730 120 2792; x_wconf 88' lang='lat' dir='ltr'><strong>ad</strong></span> <span class='ocrx_word' id='word_1_199' title='bbox 150 2728 287 2814; x_wconf 89' lang='lat' dir='ltr'><strong>populum</strong></span> <span class='ocrx_word' id='word_1_200' title='bbox 308 2732 431 2811; x_wconf 84' lang='lat' dir='ltr'><strong>feratur,</strong></span> <span class='ocrx_word' id='word_1_201' title='bbox 462 2733 650 2817; x_wconf 82' lang='lat' dir='ltr'><strong>paludatique</strong></span> <span class='ocrx_word' id='word_1_202' title='bbox 672 2733 751 2797; x_wconf 89' lang='lat' dir='ltr'><strong>uotis</strong></span> <span class='ocrx_word' id='word_1_203' title='bbox 774 2732 951 2817; x_wconf 86' lang='lat' dir='ltr'><strong>nuncupatis</strong></span> <span class='ocrx_word' id='word_1_204' title='bbox 975 2739 1097 2804; x_wconf 83' lang='grc' dir='ltr'><strong>ιιιιιιιι,</strong></span> <span class='ocrx_word' id='word_1_205' title='bbox 1128 2730 1209 2813; x_wconf 90' lang='lat' dir='ltr'><strong>quod</strong></span> 
     </span>
     <span class='ocr_line' id='line_1_26' title="bbox 84 2829 1209 2919; baseline 0.003 -24"><span class='ocrx_word' id='word_1_206' title='bbox 84 2843 154 2896; x_wconf 87' lang='lat' dir='ltr'><strong>autc</strong></span> <span class='ocrx_word' id='word_1_207' title='bbox 169 2832 199 2897; x_wconf 94' lang='lat' dir='ltr'><strong>id</strong></span> <span class='ocrx_word' id='word_1_208' title='bbox 215 2844 329 2917; x_wconf 90' lang='lat' dir='ltr'><strong>tempus</strong></span> <span class='ocrx_word' id='word_1_209' title='bbox 344 2835 497 2900; x_wconf 87' lang='lat' dir='ltr'><strong>acciderat</strong></span> <span class='ocrx_word' id='word_1_210' title='bbox 512 2835 691 2919; x_wconf 88' lang='lat' dir='ltr'><strong>numquam&#39;.</strong></span> <span class='ocrx_word' id='word_1_211' title='bbox 723 2834 804 2900; x_wconf 89' lang='lat' dir='ltr'><strong>Nam</strong></span> <span class='ocrx_word' id='word_1_212' title='bbox 820 2835 852 2898; x_wconf 94' lang='lat' dir='ltr'><strong>iu</strong></span> <span class='ocrx_word' id='word_1_213' title='bbox 868 2834 923 2898; x_wconf 89' lang='lat' dir='ltr'><strong>hac</strong></span> <span class='ocrx_word' id='word_1_214' title='bbox 937 2832 1074 2897; x_wconf 89' lang='lat' dir='ltr'><strong>oratione</strong></span> <span class='ocrx_word' id='word_1_215' title='bbox 1089 2829 1209 2898; x_wconf 83' lang='lat' dir='ltr'><strong>Caesar</strong></span> 
     </span>
     <span class='ocr_line' id='line_1_27' title="bbox 86 2931 1209 3023; baseline 0.003 -25"><span class='ocrx_word' id='word_1_216' title='bbox 86 2936 437 3019; x_wconf 86' lang='lat' dir='ltr'><strong>‘numquam&#39;omisisset:</strong></span> <span class='ocrx_word' id='word_1_217' title='bbox 456 2949 488 3002; x_wconf 90' lang='lat' dir='ltr'><strong>et</strong></span> <span class='ocrx_word' id='word_1_218' title='bbox 502 2939 627 3004; x_wconf 82' lang='lat' dir='ltr'><strong>ridicule</strong></span> <span class='ocrx_word' id='word_1_219' title='bbox 643 2938 768 3023; x_wconf 93' lang='lat' dir='ltr'><strong>singulis</strong></span> <span class='ocrx_word' id='word_1_220' title='bbox 785 2937 948 3002; x_wconf 89' lang='lat' dir='ltr'><strong>enuntiatis</strong></span> <span class='ocrx_word' id='word_1_221' title='bbox 955 2936 1008 2999; x_wconf 90' lang='lat' dir='ltr'><strong>illa</strong></span> <span class='ocrx_word' id='word_1_222' title='bbox 1019 2931 1103 3018; x_wconf 81' lang='lat' dir='ltr'><strong>quasi</strong></span> <span class='ocrx_word' id='word_1_223' title='bbox 1113 2936 1209 3001; x_wconf 76' lang='lat' dir='ltr'><strong>cauda</strong></span> 
     </span>
     <span class='ocr_line' id='line_1_28' title="bbox 84 3037 1209 3126; baseline 0.004 -25"><span class='ocrx_word' id='word_1_224' title='bbox 84 3038 299 3123; x_wconf 82' lang='lat' dir='ltr'><strong>agglutinatur.</strong></span> <span class='ocrx_word' id='word_1_225' title='bbox 338 3038 374 3104; x_wconf 92' lang='lat' dir='ltr'><strong>ln</strong></span> <span class='ocrx_word' id='word_1_226' title='bbox 389 3041 525 3105; x_wconf 89' lang='lat' dir='ltr'><strong>omnibus</strong></span> <span class='ocrx_word' id='word_1_227' title='bbox 541 3051 638 3105; x_wconf 83' lang='lat' dir='ltr'><strong>antean</strong></span> <span class='ocrx_word' id='word_1_228' title='bbox 661 3042 746 3106; x_wconf 90' lang='lat' dir='ltr'><strong>codd.</strong></span> <span class='ocrx_word' id='word_1_229' title='bbox 764 3040 875 3126; x_wconf 89' lang='lat' dir='ltr'><strong>legitur</strong></span> <span class='ocrx_word' id='word_1_230' title='bbox 897 3037 1046 3103; x_wconf 70' lang='grc' dir='ltr'><strong>ιιιιιιιιιιί</strong></span> <span class='ocrx_word' id='word_1_231' title='bbox 1072 3038 1209 3105; x_wconf 82' lang='lat' dir='ltr'><strong>‘exeant’</strong></span> 
     </span>
     <span class='ocr_line' id='line_1_29' title="bbox 85 3140 1208 3227; baseline 0.004 -24"><span class='ocrx_word' id='word_1_232' title='bbox 85 3141 259 3206; x_wconf 89' lang='lat' dir='ltr'><strong>coniectura</strong></span> <span class='ocrx_word' id='word_1_233' title='bbox 281 3152 329 3207; x_wconf 90' lang='lat' dir='ltr'><strong>est</strong></span> <span class='ocrx_word' id='word_1_234' title='bbox 350 3140 546 3227; x_wconf 88' lang='lat' dir='ltr'><strong>Glandorpii‚</strong></span> <span class='ocrx_word' id='word_1_235' title='bbox 569 3164 654 3226; x_wconf 85' lang='lat' dir='ltr'><strong>quana</strong></span> <span class='ocrx_word' id='word_1_236' title='bbox 670 3142 801 3208; x_wconf 88' lang='lat' dir='ltr'><strong>Vrsinus</strong></span> <span class='ocrx_word' id='word_1_237' title='bbox 816 3143 848 3207; x_wconf 92' lang='lat' dir='ltr'><strong>in</strong></span> <span class='ocrx_word' id='word_1_238' title='bbox 864 3164 919 3207; x_wconf 93' lang='lat' dir='ltr'><strong>suo</strong></span> <span class='ocrx_word' id='word_1_239' title='bbox 935 3141 1037 3206; x_wconf 88' lang='lat' dir='ltr'><strong>codice</strong></span> <span class='ocrx_word' id='word_1_240' title='bbox 1052 3141 1208 3208; x_wconf 82' lang='lat' dir='ltr'><strong>inuenisse</strong></span> 
     </span>
     <span class='ocr_line' id='line_1_30' title="bbox 85 3240 1209 3329; baseline 0.008 -29"><span class='ocrx_word' id='word_1_241' title='bbox 85 3240 180 3305; x_wconf 87' lang='lat' dir='ltr'><strong>uideri</strong></span> <span class='ocrx_word' id='word_1_242' title='bbox 195 3243 271 3304; x_wconf 91' lang='lat' dir='ltr'><strong>uult.</strong></span> <span class='ocrx_word' id='word_1_243' title='bbox 298 3241 444 3309; x_wconf 85' lang='lat' dir='ltr'><strong>‘Exeuut&#39;</strong></span> <span class='ocrx_word' id='word_1_244' title='bbox 461 3244 649 3310; x_wconf 86' lang='lat' dir='ltr'><strong>uerissimam</strong></span> <span class='ocrx_word' id='word_1_245' title='bbox 665 3258 722 3310; x_wconf 85' lang='lat' dir='ltr'><strong>est.</strong></span> <span class='ocrx_word' id='word_1_246' title='bbox 753 3244 788 3311; x_wconf 94' lang='lat' dir='ltr'><strong>ln</strong></span> <span class='ocrx_word' id='word_1_247' title='bbox 804 3268 840 3311; x_wconf 91' lang='lat' dir='ltr'><strong>eo</strong></span> <span class='ocrx_word' id='word_1_248' title='bbox 856 3247 934 3311; x_wconf 88' lang='lat' dir='ltr'><strong>euim</strong></span> <span class='ocrx_word' id='word_1_249' title='bbox 951 3253 1090 3308; x_wconf 86' lang='lat' dir='ltr'><strong>uersatur</strong></span> <span class='ocrx_word' id='word_1_250' title='bbox 1106 3264 1209 3329; x_wconf 85' lang='lat' dir='ltr'><strong>repre·</strong></span> 
     </span>
     <span class='ocr_line' id='line_1_31' title="bbox 86 3341 1208 3434; baseline 0.007 -29"><span class='ocrx_word' id='word_1_251' title='bbox 86 3341 203 3417; x_wconf 88' lang='lat' dir='ltr'><strong>hensio,</strong></span> <span class='ocrx_word' id='word_1_252' title='bbox 222 3344 312 3425; x_wconf 91' lang='lat' dir='ltr'><strong>quod,</strong></span> <span class='ocrx_word' id='word_1_253' title='bbox 330 3347 558 3430; x_wconf 86' lang='lat' dir='ltr'><strong>cumimperium</strong></span> <span class='ocrx_word' id='word_1_254' title='bbox 569 3368 671 3412; x_wconf 89' lang='lat' dir='ltr'><strong>eorum</strong></span> <span class='ocrx_word' id='word_1_255' title='bbox 688 3350 820 3434; x_wconf 93' lang='lat' dir='ltr'><strong>apopulo</strong></span> <span class='ocrx_word' id='word_1_256' title='bbox 831 3350 1208 3423; x_wconf 79' lang='lat' dir='ltr'><strong>confirmatamnonessct,</strong></span> 
     </span>
     <span class='ocr_line' id='line_1_32' title="bbox 85 3445 1209 3532; baseline 0.005 -25"><span class='ocrx_word' id='word_1_257' title='bbox 85 3454 185 3508; x_wconf 79' lang='grc' dir='ltr'><strong>ιιιιιιιι</strong></span> <span class='ocrx_word' id='word_1_258' title='bbox 201 3456 233 3508; x_wconf 89' lang='grc' dir='ltr'><strong>ιι</strong></span> <span class='ocrx_word' id='word_1_259' title='bbox 246 3445 504 3532; x_wconf 89' lang='lat' dir='ltr'><strong>iusignia&#39;imperii</strong></span> <span class='ocrx_word' id='word_1_260' title='bbox 520 3448 666 3532; x_wconf 84' lang='lat' dir='ltr'><strong>gerebant</strong></span> <span class='ocrx_word' id='word_1_261' title='bbox 680 3461 711 3514; x_wconf 91' lang='lat' dir='ltr'><strong>ct</strong></span> <span class='ocrx_word' id='word_1_262' title='bbox 726 3453 829 3515; x_wconf 90' lang='lat' dir='ltr'><strong>eodem</strong></span> <span class='ocrx_word' id='word_1_263' title='bbox 844 3450 944 3526; x_wconf 88' lang='lat' dir='ltr'><strong>modo,</strong></span> <span class='ocrx_word' id='word_1_264' title='bbox 967 3459 1055 3530; x_wconf 90' lang='lat' dir='ltr'><strong>atque</strong></span> <span class='ocrx_word' id='word_1_265' title='bbox 1076 3448 1124 3530; x_wconf 89' lang='lat' dir='ltr'><strong>qui</strong></span> <span class='ocrx_word' id='word_1_266' title='bbox 1141 3470 1209 3513; x_wconf 86' lang='lat' dir='ltr'><strong>curu</strong></span> 
     </span>
     <span class='ocr_line' id='line_1_33' title="bbox 85 3546 1208 3634; baseline 0.006 -26"><span class='ocrx_word' id='word_1_267' title='bbox 85 3546 210 3629; x_wconf 88' lang='lat' dir='ltr'><strong>imperio</strong></span> <span class='ocrx_word' id='word_1_268' title='bbox 225 3547 360 3628; x_wconf 79' lang='lat' dir='ltr'><strong>exibant,</strong></span> <span class='ocrx_word' id='word_1_269' title='bbox 378 3561 447 3614; x_wconf 88' lang='lat' dir='ltr'><strong>acta</strong></span> <span class='ocrx_word' id='word_1_270' title='bbox 463 3550 686 3634; x_wconf 84' lang='lat' dir='ltr'><strong>uatncnpabant.</strong></span> <span class='ocrx_word' id='word_1_271' title='bbox 718 3549 881 3617; x_wconf 88' lang='lat' dir='ltr'><strong>Praeterea</strong></span> <span class='ocrx_word' id='word_1_272' title='bbox 898 3552 928 3615; x_wconf 90' lang='lat' dir='ltr'><strong>in</strong></span> <span class='ocrx_word' id='word_1_273' title='bbox 944 3551 1018 3616; x_wconf 87' lang='lat' dir='ltr'><strong>Par.</strong></span> <span class='ocrx_word' id='word_1_274' title='bbox 1036 3570 1099 3613; x_wconf 90' lang='lat' dir='ltr'><strong>soc.</strong></span> <span class='ocrx_word' id='word_1_275' title='bbox 1116 3548 1208 3615; x_wconf 86' lang='lat' dir='ltr'><strong>Leid.</strong></span> 
     </span>
     <span class='ocr_line' id='line_1_34' title="bbox 86 3648 1211 3740; baseline 0.009 -29"><span class='ocrx_word' id='word_1_276' title='bbox 86 3669 132 3733; x_wconf 87' lang='lat' dir='ltr'><strong>pr.</strong></span> <span class='ocrx_word' id='word_1_277' title='bbox 149 3648 283 3733; x_wconf 87' lang='lat' dir='ltr'><strong>pluribus</strong></span> <span class='ocrx_word' id='word_1_278' title='bbox 299 3651 499 3716; x_wconf 88' lang='lat' dir='ltr'><strong>deterioribus</strong></span> <span class='ocrx_word' id='word_1_279' title='bbox 514 3653 657 3735; x_wconf 88' lang='lat' dir='ltr'><strong>scriptum</strong></span> <span class='ocrx_word' id='word_1_280' title='bbox 674 3665 722 3717; x_wconf 72' lang='lat' dir='ltr'><strong>est</strong></span> <span class='ocrx_word' id='word_1_281' title='bbox 738 3657 827 3738; x_wconf 88' lang='lat' dir='ltr'><strong>‘qaod</strong></span> <span class='ocrx_word' id='word_1_282' title='bbox 842 3665 913 3718; x_wconf 91' lang='lat' dir='ltr'><strong>aute</strong></span> <span class='ocrx_word' id='word_1_283' title='bbox 925 3656 953 3718; x_wconf 92' lang='lat' dir='ltr'><strong>id</strong></span> <span class='ocrx_word' id='word_1_284' title='bbox 970 3667 1085 3740; x_wconf 88' lang='lat' dir='ltr'><strong>tempus</strong></span> <span class='ocrx_word' id='word_1_285' title='bbox 1100 3656 1211 3721; x_wconf 89' lang='lat' dir='ltr'><strong>accidit</strong></span> 
     </span>
     <span class='ocr_line' id='line_1_35' title="bbox 86 3748 1211 3838; baseline 0.01 -26"><span class='ocrx_word' id='word_1_286' title='bbox 86 3748 256 3834; x_wconf 86' lang='lat' dir='ltr'><strong>numquam&#39;</strong></span> <span class='ocrx_word' id='word_1_287' title='bbox 272 3763 406 3837; x_wconf 87' lang='lat' dir='ltr'><strong>temporo</strong></span> <span class='ocrx_word' id='word_1_288' title='bbox 422 3755 556 3838; x_wconf 86' lang='lat' dir='ltr'><strong>magistri</strong></span> <span class='ocrx_word' id='word_1_289' title='bbox 572 3755 863 3835; x_wconf 88' lang='lat' dir='ltr'><strong>obseruatiunculac‚</strong></span> <span class='ocrx_word' id='word_1_290' title='bbox 882 3779 941 3821; x_wconf 92' lang='lat' dir='ltr'><strong>non</strong></span> <span class='ocrx_word' id='word_1_291' title='bbox 950 3755 1092 3823; x_wconf 88' lang='lat' dir='ltr'><strong>Caesaris</strong></span> <span class='ocrx_word' id='word_1_292' title='bbox 1102 3778 1211 3823; x_wconf 83' lang='lat' dir='ltr'><strong>narra·</strong></span> 
     </span>
     <span class='ocr_line' id='line_1_36' title="bbox 85 3851 1210 3945; baseline 0.009 -29"><span class='ocrx_word' id='word_1_293' title='bbox 85 3851 158 3916; x_wconf 90' lang='lat' dir='ltr'><strong>tioni</strong></span> <span class='ocrx_word' id='word_1_294' title='bbox 181 3855 385 3918; x_wconf 88' lang='lat' dir='ltr'><strong>accomodata.</strong></span> <span class='ocrx_word' id='word_1_295' title='bbox 424 3856 524 3939; x_wconf 83' lang='lat' dir='ltr'><strong>Atque</strong></span> <span class='ocrx_word' id='word_1_296' title='bbox 544 3858 581 3921; x_wconf 90' lang='lat' dir='ltr'><strong>ab</strong></span> <span class='ocrx_word' id='word_1_297' title='bbox 604 3859 708 3923; x_wconf 88' lang='lat' dir='ltr'><strong>eodem</strong></span> <span class='ocrx_word' id='word_1_298' title='bbox 731 3861 876 3945; x_wconf 89' lang='lat' dir='ltr'><strong>magistro</strong></span> <span class='ocrx_word' id='word_1_299' title='bbox 904 3863 1062 3945; x_wconf 88' lang='lat' dir='ltr'><strong>superiora</strong></span> <span class='ocrx_word' id='word_1_300' title='bbox 1091 3882 1210 3945; x_wconf 88' lang='lat' dir='ltr'><strong>qnoque</strong></span> 
     </span>
     <span class='ocr_line' id='line_1_37' title="bbox 86 3953 1211 4049; baseline 0.008 -31"><span class='ocrx_word' id='word_1_301' title='bbox 86 3953 177 4018; x_wconf 87' lang='lat' dir='ltr'><strong>uerba</strong></span> <span class='ocrx_word' id='word_1_302' title='bbox 194 3958 282 4038; x_wconf 89' lang='lat' dir='ltr'><strong>‘quod</strong></span> <span class='ocrx_word' id='word_1_303' title='bbox 298 3956 502 4040; x_wconf 83' lang='lat' dir='ltr'><strong>superioribus</strong></span> <span class='ocrx_word' id='word_1_304' title='bbox 518 3959 604 4023; x_wconf 90' lang='lat' dir='ltr'><strong>aunis</strong></span> <span class='ocrx_word' id='word_1_305' title='bbox 620 3962 778 4026; x_wconf 82' lang='lat' dir='ltr'><strong>acciderat‘</strong></span> <span class='ocrx_word' id='word_1_306' title='bbox 791 3966 922 4049; x_wconf 81' lang='lat' dir='ltr'><strong>prolecta</strong></span> <span class='ocrx_word' id='word_1_307' title='bbox 938 3974 1019 4027; x_wconf 90' lang='lat' dir='ltr'><strong>sunt.</strong></span> <span class='ocrx_word' id='word_1_308' title='bbox 1036 3962 1119 4028; x_wconf 89' lang='lat' dir='ltr'><strong>Nam</strong></span> <span class='ocrx_word' id='word_1_309' title='bbox 1131 3964 1211 4047; x_wconf 92' lang='lat' dir='ltr'><strong>quod</strong></span> 
     </span>
     <span class='ocr_line' id='line_1_38' title="bbox 87 4054 1210 4148; baseline 0.007 -27"><span class='ocrx_word' id='word_1_310' title='bbox 87 4054 204 4122; x_wconf 82' lang='lat' dir='ltr'><strong>Caesar</strong></span> <span class='ocrx_word' id='word_1_311' title='bbox 219 4058 255 4121; x_wconf 87' lang='lat' dir='ltr'><strong>de</strong></span> <span class='ocrx_word' id='word_1_312' title='bbox 270 4058 393 4141; x_wconf 88' lang='lat' dir='ltr'><strong>imperio</strong></span> <span class='ocrx_word' id='word_1_313' title='bbox 408 4059 444 4123; x_wconf 94' lang='lat' dir='ltr'><strong>ad</strong></span> <span class='ocrx_word' id='word_1_314' title='bbox 461 4061 597 4144; x_wconf 89' lang='lat' dir='ltr'><strong>populum</strong></span> <span class='ocrx_word' id='word_1_315' title='bbox 608 4065 760 4129; x_wconf 82' lang='lat' dir='ltr'><strong>ferendam</strong></span> <span class='ocrx_word' id='word_1_316' title='bbox 770 4067 985 4143; x_wconf 79' lang='lat' dir='ltr'><strong>luissescriltit‚</strong></span> <span class='ocrx_word' id='word_1_317' title='bbox 1005 4067 1100 4148; x_wconf 87' lang='lat' dir='ltr'><strong>legem</strong></span> <span class='ocrx_word' id='word_1_318' title='bbox 1110 4067 1210 4129; x_wconf 82' lang='lat' dir='ltr'><strong>curia·</strong></span> 
     </span>
     <span class='ocr_line' id='line_1_39' title="bbox 86 4159 1209 4245; baseline 0.009 -23"><span class='ocrx_word' id='word_1_319' title='bbox 86 4169 144 4223; x_wconf 75' lang='grc' dir='ltr'><strong>ιιιιι</strong></span> <span class='ocrx_word' id='word_1_320' title='bbox 160 4159 295 4243; x_wconf 84' lang='lat' dir='ltr'><strong>intellegi</strong></span> <span class='ocrx_word' id='word_1_321' title='bbox 310 4171 443 4245; x_wconf 87' lang='lat' dir='ltr'><strong>apertum</strong></span> <span class='ocrx_word' id='word_1_322' title='bbox 457 4172 515 4226; x_wconf 89' lang='lat' dir='ltr'><strong>est.</strong></span> <span class='ocrx_word' id='word_1_323' title='bbox 553 4162 599 4228; x_wconf 80' lang='lat' dir='ltr'><strong>lla</strong></span> <span class='ocrx_word' id='word_1_324' title='bbox 616 4165 722 4232; x_wconf 68' lang='lat' dir='ltr'><strong>liuius</strong></span> <span class='ocrx_word' id='word_1_325' title='bbox 738 4165 780 4240; x_wconf 85' lang='lat' dir='ltr'><strong>ll,</strong></span> <span class='ocrx_word' id='word_1_326' title='bbox 804 4166 846 4230; x_wconf 82' lang='lat'><strong>52</strong></span> <span class='ocrx_word' id='word_1_327' title='bbox 860 4189 923 4232; x_wconf 90' lang='lat' dir='ltr'><strong>rem</strong></span> <span class='ocrx_word' id='word_1_328' title='bbox 939 4169 1095 4232; x_wconf 88' lang='lat' dir='ltr'><strong>militarem</strong></span> <span class='ocrx_word' id='word_1_329' title='bbox 1112 4167 1209 4232; x_wconf 92' lang='lat' dir='ltr'><strong>conti·</strong></span> 
     </span>
     <span class='ocr_line' id='line_1_40' title="bbox 86 4257 1208 4352; baseline 0.009 -27"><span class='ocrx_word' id='word_1_330' title='bbox 86 4263 151 4327; x_wconf 88' lang='lat' dir='ltr'><strong>acri</strong></span> <span class='ocrx_word' id='word_1_331' title='bbox 172 4263 254 4344; x_wconf 88' lang='lat' dir='ltr'><strong>dicit,</strong></span> <span class='ocrx_word' id='word_1_332' title='bbox 278 4257 389 4327; x_wconf 90' lang='lat' dir='ltr'><strong>Cicero</strong></span> <span class='ocrx_word' id='word_1_333' title='bbox 411 4265 448 4329; x_wconf 91' lang='lat' dir='ltr'><strong>de</strong></span> <span class='ocrx_word' id='word_1_334' title='bbox 471 4265 530 4350; x_wconf 87' lang='lat' dir='ltr'><strong>leg.</strong></span> <span class='ocrx_word' id='word_1_335' title='bbox 553 4288 619 4352; x_wconf 91' lang='lat' dir='ltr'><strong>agr.</strong></span> <span class='ocrx_word' id='word_1_336' title='bbox 638 4267 680 4349; x_wconf 91' lang='lat' dir='ltr'><strong>ll,</strong></span> <span class='ocrx_word' id='word_1_337' title='bbox 706 4269 757 4348; x_wconf 79' lang='lat'><strong>12,</strong></span> <span class='ocrx_word' id='word_1_338' title='bbox 779 4268 819 4332; x_wconf 77' lang='lat' dir='ltr'><strong>dl</strong></span> <span class='ocrx_word' id='word_1_339' title='bbox 836 4270 902 4334; x_wconf 88' lang='lat' dir='ltr'><strong>sine</strong></span> <span class='ocrx_word' id='word_1_340' title='bbox 918 4291 955 4335; x_wconf 92' lang='lat' dir='ltr'><strong>ea</strong></span> <span class='ocrx_word' id='word_1_341' title='bbox 969 4292 1034 4336; x_wconf 84' lang='lat' dir='ltr'><strong>reru</strong></span> <span class='ocrx_word' id='word_1_342' title='bbox 1049 4270 1208 4335; x_wconf 75' lang='lat' dir='ltr'><strong>militarem</strong></span> 
     </span>
    </p>
   </div>
   <div class='ocr_carea' id='block_1_4' title="bbox 0 0 1352 4688">
    <p class='ocr_par' dir='ltr' id='par_1_4' title="bbox 0 0 1352 4688">
     <span class='ocr_line' id='line_1_41' title="bbox 0 0 1352 4688; baseline 0 0"><span class='ocrx_word' id='word_1_343' title='bbox 0 0 1352 4688; x_wconf 95' lang='lat' dir='ltr'><strong> </strong></span> 
     </span>
    </p>
   </div>
  </div>
 </body>
</html>
