2692 4688
416 188 556 262 C0blbl.
573 189 870 262 lesere-re.
1197 197 1258 267 att

79 365 194 434 remitti
209 362 305 429 iubet.
333 360 394 429 Sed
412 384 452 427 ex
464 385 587 429 numero
603 365 787 430 tribunorum
803 365 927 428 rnilitum
936 367 1202 456 centurionumque
1217 370 1239 436 2

80 468 217 536 nonnulli
233 488 287 531 sua
303 466 458 530 uoluntate
473 468 549 551 apud
565 486 633 530 eum
656 477 876 532 remanserunt.
923 465 1008 550 Quos
1029 470 1079 535 ille
1099 484 1203 556 postea

79 570 238 659 magnoin
254 570 369 633 honore
386 569 506 648 babuit3
531 571 722 634 centuriones
743 572 775 634 in
791 570 907 654 priores
923 569 1062 649 ordines,
1088 575 1203 660 equites

81 674 238 741 llomunos
260 671 291 733 in
315 670 505 733 tribunicium
529 672 661 736 restituit
676 673 830 736 bonorem.
877 669 1095 737 Premebantur
1108 674 1200 740 Afra·
1214 677 1261 748 78

44 793 61 844 t
83 777 165 844 uiam
182 772 385 860 pabulatione,
402 773 590 855 aquabantur
604 794 707 858 aegre.
745 772 901 838 Frumenti
917 775 1031 858 copiam
1047 776 1205 861 legionarii

81 878 255 946 nonnullam
272 873 432 952 habebant,
454 876 530 958 qnod
547 875 662 940 dierum
677 887 752 940 xxtt
768 877 804 941 ab
819 873 918 940 Ilerda
934 878 1113 942 frumentum
1129 879 1203 944 iussi

83 992 172 1048 eraut
187 979 310 1051 efferre,
328 975 435 1039 cetrati
451 977 672 1063 auxiliaresque
688 979 810 1055 nullam,
828 998 950 1061 quorum
967 990 1097 1045 erantet
1113 981 1241 1046 facul-2

84 1095 161 1149 tates
176 1083 214 1146 ad
230 1080 393 1166 parandum
418 1080 549 1164 exiguae
563 1092 595 1144 ct
610 1102 735 1167 corpora
750 1081 868 1145 insueta
884 1082 921 1145 ad
937 1103 1029 1146 onera
1046 1085 1202 1166 portanda.

82 1184 192 1274 Itaque
206 1203 331 1268 magnus
347 1202 449 1245 eorum
471 1183 582 1246 cotidie
604 1204 745 1248 numerus
767 1184 803 1246 ud
820 1179 984 1248 Caesarum
1007 1185 1203 1268 perfugiebat.

29 1300 62 1356 to
85 1286 123 1353 ln
138 1287 185 1351 bis
201 1296 266 1350 erat
277 1284 425 1368 angustiis
434 1304 495 1347 res.
521 1281 581 1348 Sed
597 1306 638 1349 ex
653 1286 813 1370 propositis
829 1287 962 1349 consiliis
979 1287 1092 1352 duobus
1109 1288 1240 1373 expli-3

86 1390 178 1456 citius
192 1388 349 1452 uidebatur
358 1384 487 1450 Ilerdam
503 1387 627 1466 reuerti,
645 1389 722 1472 quod
738 1387 776 1451 ibi
793 1388 909 1471 paulum
920 1391 1059 1454 frumenti
1075 1392 1205 1476 relique-

85 1501 167 1557 rant.
191 1487 238 1555 lbi
252 1510 288 1554 se
300 1489 445 1571 reliquum
460 1490 617 1553 consilium
633 1491 834 1576 explicaturos
846 1491 1044 1556 confidebant.
1069 1492 1203 1558 Tarraco
1220 1491 1241 1558 d

87 1593 191 1658 aberat
205 1592 343 1678 lougius3
361 1613 419 1675 quo
434 1594 530 1677 spatio
543 1593 642 1676 plures
658 1613 720 1657 rem
736 1611 825 1677 posse
840 1615 929 1658 casus
942 1597 1076 1681 recipere
1089 1595 1205 1659 intelle-

87 1696 208 1780 gebant.
241 1693 307 1758 lloc
327 1695 452 1777 probato
474 1696 601 1759 consilio
623 1716 664 1759 ex
686 1697 794 1759 castris
815 1697 1053 1781 proficiscuntur.
1086 1694 1239 1762 Caesarb

30 1808 63 1863 ta
87 1799 222 1882 equitatu
236 1798 412 1879 praemisso,
431 1799 479 1880 qui
495 1797 690 1860 nouissimum
707 1818 814 1880 agmen
830 1809 1068 1882 carperetatque
1083 1801 1206 1884 impedi·

87 1910 147 1979 ret,
164 1900 306 1982 ipsecum
320 1897 487 1983 legionibus
502 1900 704 1982 subsequitur.
721 1897 847 1962 Nullum
863 1900 1204 1986 intercedebattempus,

88 2002 159 2085 quin
176 2000 303 2064 extremi
319 2020 384 2064 eum
397 2003 545 2086 equitibus
562 2003 791 2086 proeliarentur.
816 1999 920 2066 Genus
928 2014 993 2066 erat
1008 2004 1201 2090 bccpuguae.
1217 2003 1262 2074 79

87 2102 258 2188 Expeditae
272 2102 411 2168 cobortes
427 2103 620 2168 nouissimum
638 2124 744 2187 agmen
760 2103 1099 2187 claudebautplurcsquo
1116 2108 1146 2169 in
1163 2107 1206 2170 lo·

88 2207 132 2270 cis
148 2206 365 2289 campestribus
379 2206 595 2271 subsistebant.
641 2203 675 2270 Si
691 2227 776 2269 mons
793 2216 859 2267 erat
873 2205 1097 2279 ascendendus,
1121 2208 1207 2270 facile
1221 2206 1243 2271 2

29 2319 64 2378 2⁰
87 2309 153 2393 ipsa
167 2306 226 2370 loci
241 2319 348 2371 natura
372 2309 532 2393 periculum
556 2308 738 2393 repellebat,
760 2309 839 2390 quod
862 2326 901 2369 ex
918 2305 991 2369 locis
1006 2306 1208 2390 superioribus

88 2411 141 2498 qui
154 2418 381 2474 antecesserunt
395 2433 465 2475 suos
475 2413 671 2475 ascendeutes
681 2410 894 2496 protegebant:
913 2432 979 2472 curn
997 2409 1083 2474 uallis
1100 2420 1151 2473 aut
1166 2409 1209 2472 lc·
1225 2406 1245 2471 3

89 2511 278 2576 cusdecliuis
292 2513 427 2590 suberat,
445 2535 541 2597 neque
556 2514 589 2592 ii,
607 2514 655 2597 qui
673 2525 909 2592 antecesserant,
927 2513 1110 2578 morantibus
1123 2534 1209 2598 opem
1240 2516 1244 2521 '

89 2616 168 2678 ferre
184 2625 335 2699 poteraut,
353 2617 467 2698 equites
483 2637 556 2680 uero
572 2637 612 2680 ex
626 2616 693 2679 loco
709 2617 864 2701 superiore
879 2617 908 2680 iu
918 2638 1041 2682 auersos
1057 2617 1210 2680 telaconi·

89 2716 218 2794 ciebant,
237 2727 298 2780 tum
315 2740 423 2802 magno
439 2729 505 2782 erat
520 2719 550 2781 in
567 2718 698 2802 periculo
714 2741 776 2782 res.
808 2719 1057 2801 Relinquebatur,
1075 2729 1124 2794 ut,
1143 2718 1246 2781 eumd

29 2829 65 2886 2⁵
88 2819 232 2883 eiusmodi
249 2821 323 2885 locis
348 2831 429 2883 esset
451 2820 736 2904 appropinquatum,
762 2820 912 2906 legionum
934 2821 1020 2904 signa
1043 2818 1211 2882 consistere

89 2921 227 2986 iuberent
242 2943 409 3007 magnoque
425 2924 536 3006 impeta
553 2923 712 3005 equitatum
729 2924 930 3006 repellerent,
948 2942 983 2983 eo
1000 2929 1147 2983 sumntoto
1163 2940 1211 2983 re·

91 3033 179 3107 pente
193 3023 313 3089 incitati
334 3045 423 3087 cursa
445 3045 513 3088 sese
536 3025 567 3087 in
590 3025 676 3087 uallis
699 3024 831 3087 uniuersi
855 3024 1046 3086 demitterent
1068 3030 1155 3101 atque
1170 3021 1212 3084 ita

91 3126 274 3210 uansgressi
291 3147 395 3191 rursus
411 3127 441 3189 in
458 3127 532 3190 locis
549 3126 753 3209 superioribus
768 3126 980 3188 consisterent.
1002 3120 1082 3185 Nam
1098 3133 1211 3186 tautum
1228 3121 1247 3186 5

90 3223 129 3289 ob
145 3226 274 3310 equitum
289 3248 412 3292 suorum
427 3228 549 3293 auxiliis
570 3228 712 3306 aberant,
737 3248 862 3311 quorum
886 3246 1041 3289 numerum
1066 3224 1213 3289 habebant

202 3416 257 3468 din
273 3421 375 3485 priores
396 3420 571 3482 Ctaocoaiur,
594 3420 733 3485 ampliores
752 3419 827 3480 ube,·
849 3417 874 3466 lu
895 3416 1033 3482 ampliores
1052 3432 1079 3466 o.
1100 3417 1131 3467 P.
1153 3415 1212 3468 101.

204 3496 317 3561 equitum
331 3499 356 3548 iu
372 3499 396 3548 b.
520 3500 536 3548 l
549 3499 711 3549 tribunitium
725 3500 774 3562 (u).
911 3498 924 3546 5
939 3496 1067 3560 legionesi
1078 3512 1105 3546 u.

92 3570 270 3625 bnonnallatn
285 3576 432 3644 Grppbt'm,
448 3576 562 3627 nonnulli
577 3577 654 3627 codd.
759 3573 1010 3637 lauxiliatorosque
1026 3575 1049 3622 b.
1156 3575 1212 3625 8ud

92 3651 228 3715 prandium
241 3668 258 3702 a
273 3653 374 3703 ‘omnes
387 3653 465 3702 mci'.
615 3653 644 3704 10
658 3653 796 3718 explicitus
810 3666 825 3699 a
840 3655 866 3698 et
878 3653 918 3698 sic
931 3654 981 3698 urit
993 3649 1123 3714 explicitis
1138 3651 1212 3699 ‘mam

92 3727 176 3792 quast,
192 3730 339 3795 expeditius
351 3745 401 3794 pro
416 3744 475 3778 nur.
492 3728 555 3777 lect.
570 3744 593 3777 c.
720 3728 745 3778 ll
764 3728 866 3792 paulum
880 3742 896 3774 u
912 3727 985 3775 ‘mre
997 3721 1138 3789 pleriquo’,
1154 3741 1217 3790 pau·

91 3802 214 3854 lulumu.
332 3804 578 3871 ltTerruquoub.
696 3803 726 3855 lb
741 3802 913 3853 intercidebat
928 3803 952 3851 b.
1059 3801 1215 3867 lttpluries·

95 3896 144 3945 que
160 3880 323 3933 Ce'ucounlur
336 3899 363 3934 u.
378 3884 408 3933 P.
425 3883 434 3934 l
443 3885 482 3933 tt.
610 3881 641 3933 19
655 3880 835 3931 ascendendus
850 3879 899 3944 (u).
1032 3879 1061 3932 21
1077 3885 1142 3930 ante
1153 3898 1214 3934 suot

93 3958 158 4009 add.
173 3960 285 4028 desuper
299 3977 334 4010 ex
347 3963 360 4010 5
375 3962 454 4024 dett,
468 3975 581 4025 quornm
597 3965 651 4009 tres
665 3975 726 4009 suos
740 3974 792 4008 om.
801 3995 810 4020 ,
826 3973 852 4007 u.
1002 3956 1184 4010 adscendentis
1199 3961 1214 4010 b

94 4039 162 4102 (ase.
177 4037 238 4101 (u)).
344 4040 378 4093 22
392 4038 415 4087 bi
430 4054 454 4099 u,
471 4053 523 4086 oua.
539 4037 563 4086 b.
685 4036 718 4086 23
732 4050 840 4084 auersos
854 4033 980 4098 Vrsinus,
995 4034 1121 4088 aduersos
1136 4037 1213 4087 codd.

204 4115 237 4166 2t
250 4130 303 4164 res.
319 4114 525 4180 Relinquebatur
539 4111 763 4178 Oudendorpiur,
778 4126 819 4162 res
833 4110 872 4161 rei
885 4111 1064 4176 inquirebatur
1076 4130 1102 4176 u,
1121 4129 1162 4163 res
1177 4129 1216 4163 ro-

93 4190 305 4258 linquirebautnr
319 4193 342 4254 b,
358 4192 397 4241 rel
411 4202 462 4240 tum
477 4190 657 4255 inquirebatur
669 4203 692 4238 c.
837 4187 870 4238 bb
884 4196 1010 4238 summoto
1024 4205 1050 4249 a,
1065 4206 1117 4239 raoa
1130 4190 1213 4238 subm.

202 4271 235 4322 27
250 4270 328 4321 uallis
342 4286 358 4320 a
374 4271 446 4320 ‘msa
461 4267 495 4332 θ’,
510 4267 604 4318 uallem
619 4265 644 4316 b.
783 4264 944 4316 dimitterent
955 4281 972 4315 u
986 4268 1058 4314 ‘msa
1068 4263 1212 4331 pterr'que'.

980 4346 1045 4410 at*
