<?xml version="1.0" encoding="UTF-8"?>
<!DOCTYPE html PUBLIC "-//W3C//DTD XHTML 1.0 Transitional//EN"
    "http://www.w3.org/TR/xhtml1/DTD/xhtml1-transitional.dtd">
<html xmlns="http://www.w3.org/1999/xhtml" xml:lang="en" lang="en">
 <head>
  <title>
</title>
<meta http-equiv="Content-Type" content="text/html;charset=utf-8" />
  <meta name='ocr-system' content='tesseract 3.04.00' />
  <meta name='ocr-capabilities' content='ocr_page ocr_carea ocr_par ocr_line ocrx_word'/>
</head>
<body>
  <div class='ocr_page' id='page_1' title='image "./civliicaesarisc02hirtgoog_0753.png"; bbox 0 0 2684 4694; ppageno 0'>
   <div class='ocr_carea' id='block_1_1' title="bbox 69 212 915 296">
    <p class='ocr_par' dir='ltr' id='par_1_1' title="bbox 69 212 915 296">
     <span class='ocr_line' id='line_1_1' title="bbox 69 212 915 296; baseline -0.014 0"><span class='ocrx_word' id='word_1_1' title='bbox 69 218 135 296; x_wconf 79' lang='lat' dir='ltr'><strong>tto‘</strong></span> <span class='ocrx_word' id='word_1_2' title='bbox 463 217 594 287; x_wconf 78' lang='lat' dir='ltr'><strong>BELbl</strong></span> <span class='ocrx_word' id='word_1_3' title='bbox 610 212 915 286; x_wconf 75' lang='lat' dir='ltr'><strong>lllSPANlENSlS</strong></span> 
     </span>
    </p>
   </div>
   <div class='ocr_carea' id='block_1_2' title="bbox 66 390 1312 2312">
    <p class='ocr_par' dir='ltr' id='par_1_2' title="bbox 91 390 1263 685">
     <span class='ocr_line' id='line_1_2' title="bbox 91 390 1263 478; baseline -0.009 -14"><span class='ocrx_word' id='word_1_4' title='bbox 91 396 187 464; x_wconf 75' lang='lat' dir='ltr'><strong>2iter</strong></span> <span class='ocrx_word' id='word_1_5' title='bbox 203 395 326 458; x_wconf 82' lang='lat' dir='ltr'><strong>faciunt.</strong></span> <span class='ocrx_word' id='word_1_6' title='bbox 360 391 519 478; x_wconf 87' lang='lat' dir='ltr'><strong>Pompeius</strong></span> <span class='ocrx_word' id='word_1_7' title='bbox 534 394 657 456; x_wconf 90' lang='lat' dir='ltr'><strong>bamero</strong></span> <span class='ocrx_word' id='word_1_8' title='bbox 674 402 705 455; x_wconf 88' lang='lat' dir='ltr'><strong>et</strong></span> <span class='ocrx_word' id='word_1_9' title='bbox 725 391 849 457; x_wconf 75' lang='lat' dir='ltr'><strong>sinistro</strong></span> <span class='ocrx_word' id='word_1_10' title='bbox 864 410 953 454; x_wconf 89' lang='lat' dir='ltr'><strong>crure</strong></span> <span class='ocrx_word' id='word_1_11' title='bbox 975 390 1179 455; x_wconf 87' lang='lat' dir='ltr'><strong>uehementer</strong></span> <span class='ocrx_word' id='word_1_12' title='bbox 1192 401 1263 457; x_wconf 87' lang='lat' dir='ltr'><strong>erat</strong></span> 
     </span>
     <span class='ocr_line' id='line_1_3' title="bbox 127 494 1261 575; baseline -0.004 -12"><span class='ocrx_word' id='word_1_13' title='bbox 127 494 260 564; x_wconf 77' lang='lat' dir='ltr'><strong>saueius.</strong></span> <span class='ocrx_word' id='word_1_14' title='bbox 278 496 345 560; x_wconf 88' lang='lat' dir='ltr'><strong>lluc</strong></span> <span class='ocrx_word' id='word_1_15' title='bbox 357 496 528 574; x_wconf 78' lang='lat' dir='ltr'>accedebat,</span> <span class='ocrx_word' id='word_1_16' title='bbox 540 497 668 559; x_wconf 87' lang='lat' dir='ltr'><strong>utetiam</strong></span> <span class='ocrx_word' id='word_1_17' title='bbox 677 495 768 559; x_wconf 86' lang='lat' dir='ltr'><strong>talum</strong></span> <span class='ocrx_word' id='word_1_18' title='bbox 778 494 967 572; x_wconf 58' lang='lat' dir='ltr'><strong>intorsissem</strong></span> <span class='ocrx_word' id='word_1_19' title='bbox 980 496 1261 575; x_wconf 83' lang='lat' dir='ltr'><strong>quaeresmaxime</strong></span> 
     </span>
     <span class='ocr_line' id='line_1_4' title="bbox 129 596 1260 685; baseline -0.001 -22"><span class='ocrx_word' id='word_1_20' title='bbox 129 600 318 685; x_wconf 84' lang='lat' dir='ltr'><strong>impediebat.</strong></span> <span class='ocrx_word' id='word_1_21' title='bbox 351 596 396 662; x_wconf 86' lang='lat' dir='ltr'><strong>lta</strong></span> <span class='ocrx_word' id='word_1_22' title='bbox 412 599 517 662; x_wconf 76' lang='lat' dir='ltr'><strong>lectica</strong></span> <span class='ocrx_word' id='word_1_23' title='bbox 532 598 568 660; x_wconf 90' lang='lat' dir='ltr'><strong>ad</strong></span> <span class='ocrx_word' id='word_1_24' title='bbox 583 608 696 662; x_wconf 86' lang='lat' dir='ltr'><strong>turrem</strong></span> <span class='ocrx_word' id='word_1_25' title='bbox 712 616 799 680; x_wconf 92' lang='lat' dir='ltr'><strong>quom</strong></span> <span class='ocrx_word' id='word_1_26' title='bbox 816 606 899 658; x_wconf 89' lang='lat' dir='ltr'><strong>essct</strong></span> <span class='ocrx_word' id='word_1_27' title='bbox 913 596 1050 672; x_wconf 88' lang='lat' dir='ltr'><strong>adlatus,</strong></span> <span class='ocrx_word' id='word_1_28' title='bbox 1067 597 1099 658; x_wconf 92' lang='lat' dir='ltr'><strong>in</strong></span> <span class='ocrx_word' id='word_1_29' title='bbox 1118 616 1157 659; x_wconf 87' lang='lat' dir='ltr'><strong>ea</strong></span> <span class='ocrx_word' id='word_1_30' title='bbox 1172 608 1260 662; x_wconf 83' lang='lat' dir='ltr'><strong>tene-</strong></span> 
     </span>
    </p>

    <p class='ocr_par' dir='ltr' id='par_1_3' title="bbox 93 694 1293 1194">
     <span class='ocr_line' id='line_1_5' title="bbox 93 694 1260 782; baseline -0.003 -15"><span class='ocrx_word' id='word_1_31' title='bbox 93 702 114 767; x_wconf 83' lang='lat'><strong>3</strong></span> <span class='ocrx_word' id='word_1_32' title='bbox 130 703 229 767; x_wconf 85' lang='lat' dir='ltr'><strong>batur.</strong></span> <span class='ocrx_word' id='word_1_33' title='bbox 261 699 428 765; x_wconf 77' lang='lat' dir='ltr'>Lusitanus</span> <span class='ocrx_word' id='word_1_34' title='bbox 445 722 528 765; x_wconf 88' lang='lat' dir='ltr'><strong>more</strong></span> <span class='ocrx_word' id='word_1_35' title='bbox 543 701 684 774; x_wconf 86' lang='lat' dir='ltr'><strong>militari,</strong></span> <span class='ocrx_word' id='word_1_36' title='bbox 702 720 767 762; x_wconf 91' lang='lat' dir='ltr'><strong>cum</strong></span> <span class='ocrx_word' id='word_1_37' title='bbox 785 720 802 761; x_wconf 87' lang='lat' dir='ltr'><strong>a</strong></span> <span class='ocrx_word' id='word_1_38' title='bbox 818 694 963 761; x_wconf 78' lang='lat' dir='ltr'>Caesaris</span> <span class='ocrx_word' id='word_1_39' title='bbox 978 699 1129 782; x_wconf 87' lang='lat' dir='ltr'><strong>praesidio</strong></span> <span class='ocrx_word' id='word_1_40' title='bbox 1145 698 1260 763; x_wconf 85' lang='lat' dir='ltr'><strong>luisset</strong></span> 
     </span>
     <span class='ocr_line' id='line_1_6' title="bbox 93 799 1293 888; baseline -0.002 -21"><span class='ocrx_word' id='word_1_41' title='bbox 93 804 320 888; x_wconf 62' lang='lat' dir='ltr'><strong>insuspectus,</strong></span> <span class='ocrx_word' id='word_1_42' title='bbox 339 803 478 866; x_wconf 73' lang='lat' dir='ltr'><strong>celeriter</strong></span> <span class='ocrx_word' id='word_1_43' title='bbox 493 805 625 886; x_wconf 90' lang='lat' dir='ltr'><strong>equitatu</strong></span> <span class='ocrx_word' id='word_1_44' title='bbox 642 801 874 882; x_wconf 73' lang='lat' dir='ltr'><strong>cohortibusque</strong></span> <span class='ocrx_word' id='word_1_45' title='bbox 889 800 1148 864; x_wconf 82' lang='lat' dir='ltr'><strong>circumcluditur.</strong></span> <span class='ocrx_word' id='word_1_46' title='bbox 1174 799 1258 865; x_wconf 84' lang='lat' dir='ltr'><strong>Erat</strong></span> <span class='ocrx_word' id='word_1_47' title='bbox 1277 814 1293 864; x_wconf 79' lang='lat' dir='ltr'><strong>t</strong></span> 
     </span>
     <span class='ocr_line' id='line_1_7' title="bbox 128 901 1261 988; baseline -0.003 -18"><span class='ocrx_word' id='word_1_48' title='bbox 128 926 270 970; x_wconf 87' lang='lat' dir='ltr'><strong>accessus</strong></span> <span class='ocrx_word' id='word_1_49' title='bbox 282 903 338 969; x_wconf 90' lang='lat' dir='ltr'><strong>loci</strong></span> <span class='ocrx_word' id='word_1_50' title='bbox 352 905 516 967; x_wconf 85' lang='lat' dir='ltr'><strong>difficultas.</strong></span> <span class='ocrx_word' id='word_1_51' title='bbox 542 908 564 988; x_wconf 85' lang='lat'>†</span> <span class='ocrx_word' id='word_1_52' title='bbox 580 902 659 968; x_wconf 84' lang='lat' dir='ltr'><strong>Nam</strong></span> <span class='ocrx_word' id='word_1_53' title='bbox 671 904 782 967; x_wconf 89' lang='lat' dir='ltr'><strong>ideirco</strong></span> <span class='ocrx_word' id='word_1_54' title='bbox 791 913 976 986; x_wconf 79' lang='lat' dir='ltr'><strong>proptessuo</strong></span> <span class='ocrx_word' id='word_1_55' title='bbox 985 901 1135 986; x_wconf 82' lang='lat' dir='ltr'><strong>praesidio</strong></span> <span class='ocrx_word' id='word_1_56' title='bbox 1147 903 1261 967; x_wconf 86' lang='lat' dir='ltr'><strong>luisset</strong></span> 
     </span>
     <span class='ocr_line' id='line_1_8' title="bbox 129 1003 1259 1092; baseline -0.004 -20"><span class='ocrx_word' id='word_1_57' title='bbox 129 1019 306 1092; x_wconf 84' lang='lat' dir='ltr'><strong>conspectas</strong></span> <span class='ocrx_word' id='word_1_58' title='bbox 329 1007 470 1070; x_wconf 88' lang='lat' dir='ltr'><strong>celeriter</strong></span> <span class='ocrx_word' id='word_1_59' title='bbox 489 1006 524 1070; x_wconf 89' lang='lat' dir='ltr'><strong>ad</strong></span> <span class='ocrx_word' id='word_1_60' title='bbox 548 1006 692 1069; x_wconf 89' lang='lat' dir='ltr'><strong>munitum</strong></span> <span class='ocrx_word' id='word_1_61' title='bbox 709 1005 812 1071; x_wconf 69' lang='lat' dir='ltr'><strong>‘locum</strong></span> <span class='ocrx_word' id='word_1_62' title='bbox 828 1015 937 1067; x_wconf 88' lang='lat' dir='ltr'><strong>natura</strong></span> <span class='ocrx_word' id='word_1_63' title='bbox 951 1014 1074 1087; x_wconf 79' lang='lat' dir='ltr'><strong>ceperat</strong></span> <span class='ocrx_word' id='word_1_64' title='bbox 1087 1003 1143 1068; x_wconf 90' lang='lat' dir='ltr'><strong>sibi</strong></span> <span class='ocrx_word' id='word_1_65' title='bbox 1159 1003 1259 1068; x_wconf 84' lang='lat' dir='ltr'><strong>Pona-</strong></span> 
     </span>
     <span class='ocr_line' id='line_1_9' title="bbox 128 1106 1259 1194; baseline -0.002 -21"><span class='ocrx_word' id='word_1_66' title='bbox 128 1114 212 1194; x_wconf 90' lang='lat' dir='ltr'><strong>peius</strong></span> <span class='ocrx_word' id='word_1_67' title='bbox 236 1109 373 1191; x_wconf 86' lang='lat' dir='ltr'><strong>quamuis</strong></span> <span class='ocrx_word' id='word_1_68' title='bbox 393 1129 501 1192; x_wconf 83' lang='lat' dir='ltr'><strong>magna</strong></span> <span class='ocrx_word' id='word_1_69' title='bbox 523 1108 711 1171; x_wconf 89' lang='lat' dir='ltr'><strong>multitudine</strong></span> <span class='ocrx_word' id='word_1_70' title='bbox 733 1107 853 1169; x_wconf 88' lang='lat' dir='ltr'><strong>deducti</strong></span> <span class='ocrx_word' id='word_1_71' title='bbox 875 1106 1011 1170; x_wconf 86' lang='lat' dir='ltr'><strong>bomincs</strong></span> <span class='ocrx_word' id='word_1_72' title='bbox 1033 1127 1073 1169; x_wconf 83' lang='lat' dir='ltr'><strong>ex</strong></span> <span class='ocrx_word' id='word_1_73' title='bbox 1096 1107 1259 1190; x_wconf 78' lang='lat' dir='ltr'><strong>superiore</strong></span> 
     </span>
    </p>

    <p class='ocr_par' dir='ltr' id='par_1_4' title="bbox 91 1207 1312 1499">
     <span class='ocr_line' id='line_1_10' title="bbox 91 1207 1255 1295; baseline -0.002 -20"><span class='ocrx_word' id='word_1_74' title='bbox 91 1209 111 1275; x_wconf 83' lang='lat'>5</span> <span class='ocrx_word' id='word_1_75' title='bbox 127 1212 193 1275; x_wconf 90' lang='lat' dir='ltr'><strong>loco</strong></span> <span class='ocrx_word' id='word_1_76' title='bbox 209 1212 367 1276; x_wconf 77' lang='lat' dir='ltr'><strong>defendere</strong></span> <span class='ocrx_word' id='word_1_77' title='bbox 391 1221 513 1295; x_wconf 87' lang='lat' dir='ltr'><strong>possent</strong></span> <span class='ocrx_word' id='word_1_78' title='bbox 534 1211 662 1274; x_wconf 91' lang='lat' dir='ltr'><strong>subeunt</strong></span> <span class='ocrx_word' id='word_1_79' title='bbox 677 1211 708 1272; x_wconf 95' lang='lat' dir='ltr'><strong>iu</strong></span> <span class='ocrx_word' id='word_1_80' title='bbox 723 1208 852 1273; x_wconf 86' lang='lat' dir='ltr'><strong>aduentu</strong></span> <span class='ocrx_word' id='word_1_81' title='bbox 868 1230 923 1272; x_wconf 89' lang='lat' dir='ltr'><strong>nos</strong></span> <span class='ocrx_word' id='word_1_82' title='bbox 939 1208 1090 1292; x_wconf 90' lang='lat' dir='ltr'><strong>depellunt</strong></span> <span class='ocrx_word' id='word_1_83' title='bbox 1102 1209 1152 1291; x_wconf 93' lang='lat' dir='ltr'><strong>qui</strong></span> <span class='ocrx_word' id='word_1_84' title='bbox 1168 1207 1255 1273; x_wconf 87' lang='lat' dir='ltr'><strong>telis.</strong></span> 
     </span>
     <span class='ocr_line' id='line_1_11' title="bbox 127 1310 1312 1397; baseline -0.001 -21"><span class='ocrx_word' id='word_1_85' title='bbox 127 1310 243 1396; x_wconf 80' lang='lat' dir='ltr'><strong>Quibus</strong></span> <span class='ocrx_word' id='word_1_86' title='bbox 260 1313 435 1377; x_wconf 84' lang='lat' dir='ltr'><strong>cedentibus</strong></span> <span class='ocrx_word' id='word_1_87' title='bbox 452 1313 585 1397; x_wconf 89' lang='lat' dir='ltr'><strong>cupidius</strong></span> <span class='ocrx_word' id='word_1_88' title='bbox 602 1311 835 1396; x_wconf 75' lang='lat' dir='ltr'><strong>insequebantur</strong></span> <span class='ocrx_word' id='word_1_89' title='bbox 850 1311 1015 1375; x_wconf 89' lang='lat' dir='ltr'><strong>aduersarii</strong></span> <span class='ocrx_word' id='word_1_90' title='bbox 1039 1321 1070 1372; x_wconf 90' lang='lat' dir='ltr'><strong>et</strong></span> <span class='ocrx_word' id='word_1_91' title='bbox 1090 1311 1257 1375; x_wconf 80' lang='lat' dir='ltr'><strong>confestim</strong></span> <span class='ocrx_word' id='word_1_92' title='bbox 1282 1323 1312 1375; x_wconf 85' lang='lat' dir='ltr'><strong>lo</strong></span> 
     </span>
     <span class='ocr_line' id='line_1_12' title="bbox 128 1412 1257 1499; baseline -0.001 -21"><span class='ocrx_word' id='word_1_93' title='bbox 128 1417 287 1478; x_wconf 88' lang='lat' dir='ltr'><strong>tardabant</strong></span> <span class='ocrx_word' id='word_1_94' title='bbox 301 1415 337 1477; x_wconf 86' lang='lat' dir='ltr'><strong>ab</strong></span> <span class='ocrx_word' id='word_1_95' title='bbox 354 1436 491 1479; x_wconf 84' lang='lat' dir='ltr'><strong>accessu.</strong></span> <span class='ocrx_word' id='word_1_96' title='bbox 524 1414 591 1478; x_wconf 86' lang='lat' dir='ltr'><strong>Hoc</strong></span> <span class='ocrx_word' id='word_1_97' title='bbox 607 1415 727 1499; x_wconf 87' lang='lat' dir='ltr'><strong>saepius</strong></span> <span class='ocrx_word' id='word_1_98' title='bbox 743 1417 821 1477; x_wconf 82' lang='lat' dir='ltr'><strong>facto</strong></span> <span class='ocrx_word' id='word_1_99' title='bbox 837 1412 1128 1476; x_wconf 88' lang='lat' dir='ltr'><strong>animaduertebatur</strong></span> <span class='ocrx_word' id='word_1_100' title='bbox 1143 1423 1257 1477; x_wconf 84' lang='lat' dir='ltr'><strong>nostro</strong></span> 
     </span>
    </p>

    <p class='ocr_par' dir='ltr' id='par_1_5' title="bbox 89 1514 1255 1804">
     <span class='ocr_line' id='line_1_13' title="bbox 89 1514 1255 1600; baseline 0 -21"><span class='ocrx_word' id='word_1_101' title='bbox 89 1515 110 1579; x_wconf 76' lang='lat' dir='ltr'><strong>t&#39;)</strong></span> <span class='ocrx_word' id='word_1_102' title='bbox 125 1538 234 1599; x_wconf 79' lang='lat' dir='ltr'><strong>magno</strong></span> <span class='ocrx_word' id='word_1_103' title='bbox 246 1518 273 1578; x_wconf 93' lang='lat' dir='ltr'><strong>id</strong></span> <span class='ocrx_word' id='word_1_104' title='bbox 287 1517 350 1579; x_wconf 85' lang='lat' dir='ltr'><strong>ficri</strong></span> <span class='ocrx_word' id='word_1_105' title='bbox 363 1518 503 1599; x_wconf 88' lang='lat' dir='ltr'><strong>periculo.</strong></span> <span class='ocrx_word' id='word_1_106' title='bbox 528 1515 629 1600; x_wconf 84' lang='lat' dir='ltr'><strong>Opere</strong></span> <span class='ocrx_word' id='word_1_107' title='bbox 639 1514 868 1581; x_wconf 76' lang='lat' dir='ltr'><strong>circummunire</strong></span> <span class='ocrx_word' id='word_1_108' title='bbox 881 1515 1056 1590; x_wconf 84' lang='lat' dir='ltr'><strong>instituuut3</strong></span> <span class='ocrx_word' id='word_1_109' title='bbox 1074 1514 1139 1598; x_wconf 87' lang='lat' dir='ltr'><strong>pari</strong></span> <span class='ocrx_word' id='word_1_110' title='bbox 1148 1526 1255 1579; x_wconf 86' lang='lat' dir='ltr'><strong>autem</strong></span> 
     </span>
     <span class='ocr_line' id='line_1_14' title="bbox 126 1616 1255 1701; baseline 0.001 -22"><span class='ocrx_word' id='word_1_111' title='bbox 126 1629 156 1680; x_wconf 90' lang='lat' dir='ltr'><strong>et</strong></span> <span class='ocrx_word' id='word_1_112' title='bbox 172 1619 262 1680; x_wconf 88' lang='lat' dir='ltr'><strong>celeri</strong></span> <span class='ocrx_word' id='word_1_113' title='bbox 279 1618 470 1681; x_wconf 81' lang='lat' dir='ltr'><strong>festinatione</strong></span> <span class='ocrx_word' id='word_1_114' title='bbox 493 1621 603 1682; x_wconf 87' lang='lat' dir='ltr'><strong>circum</strong></span> <span class='ocrx_word' id='word_1_115' title='bbox 626 1619 810 1682; x_wconf 90' lang='lat' dir='ltr'><strong>munitiones</strong></span> <span class='ocrx_word' id='word_1_116' title='bbox 831 1618 898 1701; x_wconf 80' lang='lat' dir='ltr'><strong>iugo</strong></span> <span class='ocrx_word' id='word_1_117' title='bbox 919 1616 1067 1698; x_wconf 81' lang='lat' dir='ltr'><strong>dirigunt,</strong></span> <span class='ocrx_word' id='word_1_118' title='bbox 1094 1625 1127 1676; x_wconf 89' lang='lat' dir='ltr'><strong>ot</strong></span> <span class='ocrx_word' id='word_1_119' title='bbox 1149 1635 1255 1697; x_wconf 85' lang='lat' dir='ltr'><strong>aequo</strong></span> 
     </span>
     <span class='ocr_line' id='line_1_15' title="bbox 127 1715 1251 1804; baseline -0.002 -22"><span class='ocrx_word' id='word_1_120' title='bbox 127 1719 200 1802; x_wconf 89' lang='lat' dir='ltr'><strong>pede</strong></span> <span class='ocrx_word' id='word_1_121' title='bbox 217 1740 282 1781; x_wconf 88' lang='lat' dir='ltr'><strong>cum</strong></span> <span class='ocrx_word' id='word_1_122' title='bbox 299 1719 480 1783; x_wconf 87' lang='lat' dir='ltr'><strong>aduersariis</strong></span> <span class='ocrx_word' id='word_1_123' title='bbox 496 1721 638 1803; x_wconf 85' lang='lat' dir='ltr'><strong>congredi</strong></span> <span class='ocrx_word' id='word_1_124' title='bbox 655 1731 789 1804; x_wconf 83' lang='lat' dir='ltr'><strong>possent.</strong></span> <span class='ocrx_word' id='word_1_125' title='bbox 814 1717 960 1802; x_wconf 82' lang='lat' dir='ltr'><strong>Aqoibus</strong></span> <span class='ocrx_word' id='word_1_126' title='bbox 975 1737 1041 1779; x_wconf 90' lang='lat' dir='ltr'><strong>cum</strong></span> <span class='ocrx_word' id='word_1_127' title='bbox 1053 1715 1251 1780; x_wconf 85' lang='lat' dir='ltr'><strong>animaduer-</strong></span> 
     </span>
    </p>

    <p class='ocr_par' dir='ltr' id='par_1_6' title="bbox 66 1818 1309 2111">
     <span class='ocr_line' id='line_1_16' title="bbox 66 1818 1309 1907; baseline -0.004 -17"><span class='ocrx_word' id='word_1_128' title='bbox 66 1819 111 1890; x_wconf 78' lang='grc'><strong>39</strong></span> <span class='ocrx_word' id='word_1_129' title='bbox 129 1841 193 1885; x_wconf 91' lang='lat' dir='ltr'><strong>sum</strong></span> <span class='ocrx_word' id='word_1_130' title='bbox 209 1833 303 1899; x_wconf 86' lang='lat' dir='ltr'><strong>esset,</strong></span> <span class='ocrx_word' id='word_1_131' title='bbox 322 1823 390 1906; x_wconf 80' lang='lat' dir='ltr'><strong>luga</strong></span> <span class='ocrx_word' id='word_1_132' title='bbox 406 1823 462 1885; x_wconf 88' lang='lat' dir='ltr'><strong>sibi</strong></span> <span class='ocrx_word' id='word_1_133' title='bbox 479 1824 659 1906; x_wconf 85' lang='lat' dir='ltr'><strong>praesidium</strong></span> <span class='ocrx_word' id='word_1_134' title='bbox 676 1823 808 1907; x_wconf 90' lang='lat' dir='ltr'><strong>capiunt.</strong></span> <span class='ocrx_word' id='word_1_135' title='bbox 839 1818 1016 1903; x_wconf 86' lang='lat' dir='ltr'><strong>Pompeios,</strong></span> <span class='ocrx_word' id='word_1_136' title='bbox 1039 1828 1182 1902; x_wconf 87' lang='lat' dir='ltr'><strong>utsupra</strong></span> <span class='ocrx_word' id='word_1_137' title='bbox 1198 1820 1252 1883; x_wconf 91' lang='lat' dir='ltr'><strong>de·</strong></span> <span class='ocrx_word' id='word_1_138' title='bbox 1279 1832 1309 1885; x_wconf 83' lang='lat' dir='ltr'><strong>rt</strong></span> 
     </span>
     <span class='ocr_line' id='line_1_17' title="bbox 125 1921 1250 2005; baseline 0 -19"><span class='ocrx_word' id='word_1_139' title='bbox 125 1923 370 2002; x_wconf 85' lang='lat' dir='ltr'><strong>monstrauimus,</strong></span> <span class='ocrx_word' id='word_1_140' title='bbox 389 1926 509 1989; x_wconf 89' lang='lat' dir='ltr'><strong>saucius</strong></span> <span class='ocrx_word' id='word_1_141' title='bbox 525 1935 555 1988; x_wconf 88' lang='lat' dir='ltr'><strong>et</strong></span> <span class='ocrx_word' id='word_1_142' title='bbox 570 1925 681 1988; x_wconf 88' lang='lat' dir='ltr'><strong>intorto</strong></span> <span class='ocrx_word' id='word_1_143' title='bbox 697 1925 759 1988; x_wconf 85' lang='lat' dir='ltr'><strong>talo</strong></span> <span class='ocrx_word' id='word_1_144' title='bbox 770 1925 883 1988; x_wconf 86' lang='lat' dir='ltr'><strong>idcirco</strong></span> <span class='ocrx_word' id='word_1_145' title='bbox 896 1921 1069 1985; x_wconf 76' lang='lat' dir='ltr'><strong>tardabatur</strong></span> <span class='ocrx_word' id='word_1_146' title='bbox 1079 1922 1117 1984; x_wconf 89' lang='lat' dir='ltr'><strong>ad</strong></span> <span class='ocrx_word' id='word_1_147' title='bbox 1129 1922 1250 2005; x_wconf 75' lang='lat' dir='ltr'><strong>lugien-</strong></span> 
     </span>
     <span class='ocr_line' id='line_1_18' title="bbox 124 2023 1250 2111; baseline 0.001 -25"><span class='ocrx_word' id='word_1_148' title='bbox 124 2025 204 2102; x_wconf 83' lang='lat' dir='ltr'><strong>dum‚</strong></span> <span class='ocrx_word' id='word_1_149' title='bbox 222 2025 351 2108; x_wconf 86' lang='lat' dir='ltr'><strong>itemque</strong></span> <span class='ocrx_word' id='word_1_150' title='bbox 367 2038 488 2111; x_wconf 88' lang='lat' dir='ltr'><strong>propter</strong></span> <span class='ocrx_word' id='word_1_151' title='bbox 503 2027 560 2090; x_wconf 87' lang='lat' dir='ltr'><strong>loci</strong></span> <span class='ocrx_word' id='word_1_152' title='bbox 577 2028 776 2091; x_wconf 84' lang='lat' dir='ltr'><strong>difficultatem</strong></span> <span class='ocrx_word' id='word_1_153' title='bbox 792 2044 887 2109; x_wconf 89' lang='lat' dir='ltr'><strong>noque</strong></span> <span class='ocrx_word' id='word_1_154' title='bbox 903 2044 979 2108; x_wconf 88' lang='lat' dir='ltr'><strong>equo</strong></span> <span class='ocrx_word' id='word_1_155' title='bbox 995 2043 1091 2106; x_wconf 88' lang='lat' dir='ltr'><strong>neque</strong></span> <span class='ocrx_word' id='word_1_156' title='bbox 1106 2023 1250 2087; x_wconf 90' lang='lat' dir='ltr'><strong>uebiculo</strong></span> 
     </span>
    </p>

    <p class='ocr_par' dir='ltr' id='par_1_7' title="bbox 86 2122 1245 2214">
     <span class='ocr_line' id='line_1_19' title="bbox 86 2122 1245 2214; baseline -0.003 -24"><span class='ocrx_word' id='word_1_157' title='bbox 86 2125 213 2193; x_wconf 77' lang='lat' dir='ltr'><strong>2saluti</strong></span> <span class='ocrx_word' id='word_1_158' title='bbox 228 2148 302 2192; x_wconf 86' lang='lat' dir='ltr'><strong>sune</strong></span> <span class='ocrx_word' id='word_1_159' title='bbox 318 2129 495 2212; x_wconf 86' lang='lat' dir='ltr'><strong>praesidinm</strong></span> <span class='ocrx_word' id='word_1_160' title='bbox 513 2148 620 2214; x_wconf 86' lang='lat' dir='ltr'><strong>parare</strong></span> <span class='ocrx_word' id='word_1_161' title='bbox 636 2139 762 2214; x_wconf 81' lang='lat' dir='ltr'><strong>poterat.</strong></span> <span class='ocrx_word' id='word_1_162' title='bbox 797 2126 914 2193; x_wconf 80' lang='lat' dir='ltr'><strong>Caedes</strong></span> <span class='ocrx_word' id='word_1_163' title='bbox 936 2149 960 2203; x_wconf 81' lang='lat' dir='ltr'><strong>a</strong></span> <span class='ocrx_word' id='word_1_164' title='bbox 978 2125 1090 2190; x_wconf 83' lang='lat' dir='ltr'><strong>nostris</strong></span> <span class='ocrx_word' id='word_1_165' title='bbox 1113 2122 1245 2208; x_wconf 86' lang='lat' dir='ltr'><strong>undique</strong></span> 
     </span>
    </p>

    <p class='ocr_par' dir='ltr' id='par_1_8' title="bbox 80 2226 1247 2312">
     <span class='ocr_line' id='line_1_20' title="bbox 80 2226 1247 2312; baseline -0.002 -20"><span class='ocrx_word' id='word_1_166' title='bbox 80 2226 401 2294; x_wconf 75' lang='lat' dir='ltr'><strong>dadministrabatur.&#39;</strong></span> <span class='ocrx_word' id='word_1_167' title='bbox 424 2228 576 2296; x_wconf 83' lang='lat' dir='ltr'><strong>Conclusa</strong></span> <span class='ocrx_word' id='word_1_168' title='bbox 594 2231 762 2295; x_wconf 89' lang='lat' dir='ltr'><strong>munitione</strong></span> <span class='ocrx_word' id='word_1_169' title='bbox 784 2229 963 2312; x_wconf 86' lang='lat' dir='ltr'><strong>amissisque</strong></span> <span class='ocrx_word' id='word_1_170' title='bbox 985 2227 1106 2292; x_wconf 83' lang='lat' dir='ltr'><strong>auxiliis</strong></span> <span class='ocrx_word' id='word_1_171' title='bbox 1121 2228 1157 2291; x_wconf 88' lang='lat' dir='ltr'><strong>ad</strong></span> <span class='ocrx_word' id='word_1_172' title='bbox 1173 2246 1247 2290; x_wconf 86' lang='lat' dir='ltr'><strong>con·</strong></span> 
     </span>
    </p>
   </div>
   <div class='ocr_carea' id='block_1_3' title="bbox 63 2328 1302 3027">
    <p class='ocr_par' dir='ltr' id='par_1_9' title="bbox 63 2328 1302 3027">
     <span class='ocr_line' id='line_1_21' title="bbox 123 2328 1302 2419; baseline -0.003 -24"><span class='ocrx_word' id='word_1_173' title='bbox 123 2333 230 2397; x_wconf 85' lang='lat' dir='ltr'><strong>uallem</strong></span> <span class='ocrx_word' id='word_1_174' title='bbox 248 2353 432 2419; x_wconf 73' lang='lat' dir='ltr'><strong>caesumque</strong></span> <span class='ocrx_word' id='word_1_175' title='bbox 446 2334 541 2397; x_wconf 87' lang='lat' dir='ltr'><strong>locum</strong></span> <span class='ocrx_word' id='word_1_176' title='bbox 559 2335 589 2397; x_wconf 91' lang='lat' dir='ltr'><strong>in</strong></span> <span class='ocrx_word' id='word_1_177' title='bbox 605 2328 775 2418; x_wconf 87' lang='lat' dir='ltr'><strong>speluncam</strong></span> <span class='ocrx_word' id='word_1_178' title='bbox 787 2331 947 2414; x_wconf 86' lang='lat' dir='ltr'><strong>Pompeius</strong></span> <span class='ocrx_word' id='word_1_179' title='bbox 962 2350 997 2393; x_wconf 83' lang='lat' dir='ltr'><strong>se</strong></span> <span class='ocrx_word' id='word_1_180' title='bbox 1012 2330 1162 2393; x_wconf 85' lang='lat' dir='ltr'><strong>occultare</strong></span> <span class='ocrx_word' id='word_1_181' title='bbox 1177 2349 1248 2393; x_wconf 90' lang='lat' dir='ltr'><strong>coe·</strong></span> <span class='ocrx_word' id='word_1_182' title='bbox 1269 2340 1302 2391; x_wconf 78' lang='lat' dir='ltr'><strong>td</strong></span> 
     </span>
     <span class='ocr_line' id='line_1_22' title="bbox 126 2430 1247 2517; baseline 0 -21"><span class='ocrx_word' id='word_1_183' title='bbox 126 2436 179 2517; x_wconf 87' lang='lat' dir='ltr'><strong>pit,</strong></span> <span class='ocrx_word' id='word_1_184' title='bbox 198 2446 227 2496; x_wconf 90' lang='lat' dir='ltr'><strong>ut</strong></span> <span class='ocrx_word' id='word_1_185' title='bbox 245 2455 262 2497; x_wconf 87' lang='grc' dir='ltr'><strong>ι</strong></span> <span class='ocrx_word' id='word_1_186' title='bbox 278 2436 390 2497; x_wconf 86' lang='lat' dir='ltr'><strong>nostris</strong></span> <span class='ocrx_word' id='word_1_187' title='bbox 407 2457 465 2498; x_wconf 92' lang='lat' dir='ltr'><strong>non</strong></span> <span class='ocrx_word' id='word_1_188' title='bbox 483 2437 569 2499; x_wconf 79' lang='lat' dir='ltr'><strong>facile</strong></span> <span class='ocrx_word' id='word_1_189' title='bbox 584 2437 772 2499; x_wconf 86' lang='lat' dir='ltr'><strong>inueniretur</strong></span> <span class='ocrx_word' id='word_1_190' title='bbox 788 2434 844 2496; x_wconf 92' lang='lat' dir='ltr'><strong>nisi</strong></span> <span class='ocrx_word' id='word_1_191' title='bbox 858 2434 1040 2516; x_wconf 85' lang='lat' dir='ltr'><strong>captiuorum</strong></span> <span class='ocrx_word' id='word_1_192' title='bbox 1054 2432 1176 2496; x_wconf 86' lang='lat' dir='ltr'><strong>indicio.</strong></span> <span class='ocrx_word' id='word_1_193' title='bbox 1202 2430 1247 2496; x_wconf 85' lang='lat' dir='ltr'><strong>lta</strong></span> 
     </span>
     <span class='ocr_line' id='line_1_23' title="bbox 122 2532 1240 2619; baseline 0.002 -24"><span class='ocrx_word' id='word_1_194' title='bbox 122 2535 162 2595; x_wconf 91' lang='lat' dir='ltr'><strong>ibi</strong></span> <span class='ocrx_word' id='word_1_195' title='bbox 179 2535 367 2613; x_wconf 80' lang='lat' dir='ltr'><strong>interficitur.</strong></span> <span class='ocrx_word' id='word_1_196' title='bbox 394 2534 469 2599; x_wconf 85' lang='lat' dir='ltr'><strong>Cum</strong></span> <span class='ocrx_word' id='word_1_197' title='bbox 480 2533 738 2601; x_wconf 86' lang='lat' dir='ltr'><strong>CaesarGadibus</strong></span> <span class='ocrx_word' id='word_1_198' title='bbox 754 2538 871 2614; x_wconf 82' lang='lat' dir='ltr'><strong>luisset,</strong></span> <span class='ocrx_word' id='word_1_199' title='bbox 889 2534 1035 2619; x_wconf 86' lang='lat' dir='ltr'><strong>Hispalim</strong></span> <span class='ocrx_word' id='word_1_200' title='bbox 1049 2545 1071 2596; x_wconf 86' lang='lat' dir='ltr'><strong>ll</strong></span> <span class='ocrx_word' id='word_1_201' title='bbox 1086 2532 1132 2598; x_wconf 86' lang='lat' dir='ltr'><strong>ld.</strong></span> <span class='ocrx_word' id='word_1_202' title='bbox 1143 2533 1240 2618; x_wconf 78' lang='lat' dir='ltr'><strong>April.</strong></span> 
     </span>
     <span class='ocr_line' id='line_1_24' title="bbox 63 2634 1242 2722; baseline -0.003 -19"><span class='ocrx_word' id='word_1_203' title='bbox 63 2635 110 2705; x_wconf 83' lang='lat'><strong>40</strong></span> <span class='ocrx_word' id='word_1_204' title='bbox 122 2647 208 2720; x_wconf 90' lang='lat' dir='ltr'><strong>caput</strong></span> <span class='ocrx_word' id='word_1_205' title='bbox 221 2636 342 2712; x_wconf 79' lang='lat' dir='ltr'><strong>allatum</strong></span> <span class='ocrx_word' id='word_1_206' title='bbox 360 2647 390 2699; x_wconf 90' lang='lat' dir='ltr'><strong>et</strong></span> <span class='ocrx_word' id='word_1_207' title='bbox 406 2639 511 2722; x_wconf 90' lang='lat' dir='ltr'><strong>populo</strong></span> <span class='ocrx_word' id='word_1_208' title='bbox 528 2640 625 2702; x_wconf 88' lang='lat' dir='ltr'><strong>datum</strong></span> <span class='ocrx_word' id='word_1_209' title='bbox 649 2650 697 2702; x_wconf 90' lang='lat' dir='ltr'><strong>est</strong></span> <span class='ocrx_word' id='word_1_210' title='bbox 718 2639 749 2701; x_wconf 92' lang='lat' dir='ltr'><strong>in</strong></span> <span class='ocrx_word' id='word_1_211' title='bbox 765 2649 967 2722; x_wconf 89' lang='lat' dir='ltr'><strong>conspectum.</strong></span> <span class='ocrx_word' id='word_1_212' title='bbox 1000 2634 1166 2700; x_wconf 79' lang='lat' dir='ltr'><strong>Interfecto</strong></span> <span class='ocrx_word' id='word_1_213' title='bbox 1181 2634 1242 2701; x_wconf 82' lang='lat' dir='ltr'><strong>Cn.</strong></span> 
     </span>
     <span class='ocr_line' id='line_1_25' title="bbox 120 2737 1246 2826; baseline 0 -24"><span class='ocrx_word' id='word_1_214' title='bbox 120 2737 262 2822; x_wconf 88' lang='lat' dir='ltr'><strong>Pompeio</strong></span> <span class='ocrx_word' id='word_1_215' title='bbox 278 2740 467 2803; x_wconf 87' lang='lat' dir='ltr'><strong>adolescente</strong></span> <span class='ocrx_word' id='word_1_216' title='bbox 482 2737 601 2814; x_wconf 82' lang='lat' dir='ltr'><strong>Didius,</strong></span> <span class='ocrx_word' id='word_1_217' title='bbox 619 2762 704 2823; x_wconf 84' lang='lat' dir='ltr'><strong>quern</strong></span> <span class='ocrx_word' id='word_1_218' title='bbox 722 2763 812 2826; x_wconf 84' lang='lat' dir='ltr'><strong>supra</strong></span> <span class='ocrx_word' id='word_1_219' title='bbox 828 2740 1110 2816; x_wconf 89' lang='lat' dir='ltr'><strong>demonstrauimus,</strong></span> <span class='ocrx_word' id='word_1_220' title='bbox 1128 2739 1180 2802; x_wconf 88' lang='lat' dir='ltr'><strong>illa</strong></span> <span class='ocrx_word' id='word_1_221' title='bbox 1192 2739 1246 2802; x_wconf 88' lang='lat' dir='ltr'><strong>ad·</strong></span> 
     </span>
     <span class='ocr_line' id='line_1_26' title="bbox 120 2841 1298 2926; baseline 0 -23"><span class='ocrx_word' id='word_1_222' title='bbox 120 2843 215 2903; x_wconf 84' lang='lat' dir='ltr'><strong>lcetrrs</strong></span> <span class='ocrx_word' id='word_1_223' title='bbox 239 2841 353 2924; x_wconf 82' lang='lat' dir='ltr'><strong>laetitia</strong></span> <span class='ocrx_word' id='word_1_224' title='bbox 377 2843 513 2925; x_wconf 82' lang='lat' dir='ltr'><strong>proximo</strong></span> <span class='ocrx_word' id='word_1_225' title='bbox 536 2863 569 2906; x_wconf 88' lang='lat' dir='ltr'><strong>se</strong></span> <span class='ocrx_word' id='word_1_226' title='bbox 590 2845 704 2926; x_wconf 86' lang='lat' dir='ltr'><strong>recepit</strong></span> <span class='ocrx_word' id='word_1_227' title='bbox 726 2842 849 2906; x_wconf 87' lang='lat' dir='ltr'><strong>castello</strong></span> <span class='ocrx_word' id='word_1_228' title='bbox 866 2842 1081 2924; x_wconf 88' lang='lat' dir='ltr'><strong>nonnullasque</strong></span> <span class='ocrx_word' id='word_1_229' title='bbox 1097 2862 1192 2905; x_wconf 88' lang='lat' dir='ltr'><strong>naues</strong></span> <span class='ocrx_word' id='word_1_230' title='bbox 1207 2842 1246 2905; x_wconf 87' lang='lat' dir='ltr'><strong>ad</strong></span> <span class='ocrx_word' id='word_1_231' title='bbox 1267 2853 1298 2906; x_wconf 76' lang='lat'><strong>25</strong></span> 
     </span>
     <span class='ocr_line' id='line_1_27' title="bbox 118 2944 1239 3027; baseline 0.002 -23"><span class='ocrx_word' id='word_1_232' title='bbox 118 2944 309 3006; x_wconf 86' lang='lat' dir='ltr'><strong>reficiendum</strong></span> <span class='ocrx_word' id='word_1_233' title='bbox 324 2945 465 3007; x_wconf 88' lang='lat' dir='ltr'><strong>subduxit</strong></span> <span class='ocrx_word' id='word_1_234' title='bbox 481 2955 530 3018; x_wconf 87' lang='lat' dir='ltr'><strong>et,</strong></span> <span class='ocrx_word' id='word_1_235' title='bbox 554 2946 687 3027; x_wconf 86' lang='lat' dir='ltr'><strong>quamuis</strong></span> <span class='ocrx_word' id='word_1_236' title='bbox 712 2992 719 3008; x_wconf 91' lang='lat'>.</span> <span class='ocrx_word' id='word_1_237' title='bbox 741 2991 749 3007; x_wconf 86' lang='lat'><strong>.</strong></span> <span class='ocrx_word' id='word_1_238' title='bbox 769 2991 777 3007; x_wconf 85' lang='lat'><strong>.</strong></span> <span class='ocrx_word' id='word_1_239' title='bbox 798 2990 805 3006; x_wconf 91' lang='lat'>.</span> <span class='ocrx_word' id='word_1_240' title='bbox 830 2954 952 3022; x_wconf 86' lang='lat' dir='ltr'><strong>essent,</strong></span> <span class='ocrx_word' id='word_1_241' title='bbox 976 2944 1180 3007; x_wconf 88' lang='lat' dir='ltr'><strong>brachium..</strong></span> <span class='ocrx_word' id='word_1_242' title='bbox 1202 2989 1210 3004; x_wconf 91' lang='lat'>.</span> <span class='ocrx_word' id='word_1_243' title='bbox 1232 2990 1239 3006; x_wconf 92' lang='lat'><strong>.</strong></span> 
     </span>
    </p>
   </div>
   <div class='ocr_carea' id='block_1_4' title="bbox 110 3115 1242 4346">
    <p class='ocr_par' dir='ltr' id='par_1_10' title="bbox 117 3115 1242 3572">
     <span class='ocr_line' id='line_1_28' title="bbox 227 3115 1131 3184; baseline 0 -19"><span class='ocrx_word' id='word_1_244' title='bbox 227 3116 298 3166; x_wconf 64' lang='lat' dir='ltr'><strong>lboc</strong></span> <span class='ocrx_word' id='word_1_245' title='bbox 312 3133 336 3167; x_wconf 86' lang='lat' dir='ltr'><strong>a.</strong></span> <span class='ocrx_word' id='word_1_246' title='bbox 443 3117 497 3168; x_wconf 84' lang='lat' dir='ltr'><strong>3nd</strong></span> <span class='ocrx_word' id='word_1_247' title='bbox 513 3119 641 3184; x_wconf 77' lang='lat' dir='ltr'><strong>turrcmf</strong></span> <span class='ocrx_word' id='word_1_248' title='bbox 650 3120 663 3168; x_wconf 85' lang='lat'>5</span> <span class='ocrx_word' id='word_1_249' title='bbox 678 3118 744 3169; x_wconf 84' lang='lat' dir='ltr'><strong>dett.</strong></span> <span class='ocrx_word' id='word_1_250' title='bbox 758 3118 952 3183; x_wconf 73' lang='lat' dir='ltr'><strong>Schneidcri,a</strong></span> <span class='ocrx_word' id='word_1_251' title='bbox 966 3125 1036 3167; x_wconf 89' lang='lat' dir='ltr'><strong>turre</strong></span> <span class='ocrx_word' id='word_1_252' title='bbox 1052 3115 1093 3183; x_wconf 87' lang='lat' dir='ltr'><strong>(o)</strong></span> <span class='ocrx_word' id='word_1_253' title='bbox 1103 3132 1131 3165; x_wconf 91' lang='grc' dir='ltr'><strong>ιι.</strong></span> 
     </span>
     <span class='ocr_line' id='line_1_29' title="bbox 117 3193 1242 3260; baseline 0.007 -23"><span class='ocrx_word' id='word_1_254' title='bbox 117 3203 173 3238; x_wconf 90' lang='lat' dir='ltr'><strong>cum</strong></span> <span class='ocrx_word' id='word_1_255' title='bbox 190 3193 213 3252; x_wconf 89' lang='lat' dir='ltr'><strong>b,</strong></span> <span class='ocrx_word' id='word_1_256' title='bbox 230 3207 302 3256; x_wconf 89' lang='lat' dir='ltr'><strong>quern</strong></span> <span class='ocrx_word' id='word_1_257' title='bbox 316 3210 349 3253; x_wconf 70' lang='grc' dir='ltr'><strong>ιιι</strong></span> <span class='ocrx_word' id='word_1_258' title='bbox 366 3211 415 3260; x_wconf 88' lang='lat' dir='ltr'><strong>qun</strong></span> <span class='ocrx_word' id='word_1_259' title='bbox 429 3211 456 3245; x_wconf 86' lang='grc' dir='ltr'><strong>ιι.</strong></span> <span class='ocrx_word' id='word_1_260' title='bbox 568 3196 670 3247; x_wconf 85' lang='lat' dir='ltr'><strong>ablatos</strong></span> <span class='ocrx_word' id='word_1_261' title='bbox 684 3211 710 3260; x_wconf 84' lang='lat' dir='ltr'><strong>u,</strong></span> <span class='ocrx_word' id='word_1_262' title='bbox 726 3198 829 3247; x_wconf 86' lang='lat' dir='ltr'><strong>oblatus</strong></span> <span class='ocrx_word' id='word_1_263' title='bbox 844 3198 868 3247; x_wconf 88' lang='lat' dir='ltr'><strong>b.</strong></span> <span class='ocrx_word' id='word_1_264' title='bbox 974 3196 1115 3247; x_wconf 86' lang='lat' dir='ltr'><strong>tenebatur</strong></span> <span class='ocrx_word' id='word_1_265' title='bbox 1127 3210 1186 3260; x_wconf 81' lang='lat' dir='ltr'><strong>ego,</strong></span> <span class='ocrx_word' id='word_1_266' title='bbox 1204 3193 1242 3245; x_wconf 85' lang='lat' dir='ltr'><strong>le-</strong></span> 
     </span>
     <span class='ocr_line' id='line_1_30' title="bbox 118 3267 1129 3337; baseline 0.009 -24"><span class='ocrx_word' id='word_1_267' title='bbox 118 3267 434 3322; x_wconf 77' lang='lat' dir='ltr'><strong>cctcturcodd.l’.ttl.</strong></span> <span class='ocrx_word' id='word_1_268' title='bbox 551 3272 702 3324; x_wconf 66' lang='lat' dir='ltr'><strong>beornd.</strong></span> <span class='ocrx_word' id='word_1_269' title='bbox 817 3271 1007 3337; x_wconf 72' lang='lat' dir='ltr'><strong>sneqtoid.</strong></span> <span class='ocrx_word' id='word_1_270' title='bbox 1024 3272 1053 3322; x_wconf 83' lang='grc' dir='ltr'><strong>Ρ.</strong></span> <span class='ocrx_word' id='word_1_271' title='bbox 1069 3272 1129 3324; x_wconf 67' lang='lat' dir='ltr'><strong>stt.</strong></span> 
     </span>
     <span class='ocr_line' id='line_1_31' title="bbox 117 3345 1240 3415; baseline 0.005 -21"><span class='ocrx_word' id='word_1_272' title='bbox 117 3345 237 3395; x_wconf 78' lang='lat' dir='ltr'><strong>bideireo</strong></span> <span class='ocrx_word' id='word_1_273' title='bbox 251 3363 267 3396; x_wconf 88' lang='grc' dir='ltr'><strong>ιι</strong></span> <span class='ocrx_word' id='word_1_274' title='bbox 282 3349 296 3395; x_wconf 89' lang='lat' dir='ltr'><strong>b</strong></span> <span class='ocrx_word' id='word_1_275' title='bbox 310 3350 324 3396; x_wconf 75' lang='lat' dir='ltr'><strong>l</strong></span> <span class='ocrx_word' id='word_1_276' title='bbox 338 3347 415 3410; x_wconf 76' lang='lat' dir='ltr'><strong>deca,</strong></span> <span class='ocrx_word' id='word_1_277' title='bbox 432 3350 529 3399; x_wconf 87' lang='lat' dir='ltr'><strong>idcirco</strong></span> <span class='ocrx_word' id='word_1_278' title='bbox 543 3351 609 3415; x_wconf 91' lang='lat' dir='ltr'><strong>quod</strong></span> <span class='ocrx_word' id='word_1_279' title='bbox 623 3366 651 3400; x_wconf 88' lang='grc' dir='ltr'><strong>ιι.</strong></span> <span class='ocrx_word' id='word_1_280' title='bbox 757 3367 803 3401; x_wconf 87' lang='lat' dir='ltr'><strong>suo</strong></span> <span class='ocrx_word' id='word_1_281' title='bbox 816 3367 842 3414; x_wconf 87' lang='grc' dir='ltr'><strong>ιι,</strong></span> <span class='ocrx_word' id='word_1_282' title='bbox 858 3367 905 3400; x_wconf 90' lang='lat' dir='ltr'><strong>suo</strong></span> <span class='ocrx_word' id='word_1_283' title='bbox 919 3364 931 3398; x_wconf 90' lang='grc' dir='ltr'><strong>ι</strong></span> <span class='ocrx_word' id='word_1_284' title='bbox 947 3357 1034 3400; x_wconf 86' lang='lat' dir='ltr'><strong>nostro</strong></span> <span class='ocrx_word' id='word_1_285' title='bbox 1048 3366 1076 3400; x_wconf 91' lang='grc' dir='ltr'><strong>ιι.</strong></span> <span class='ocrx_word' id='word_1_286' title='bbox 1181 3349 1240 3400; x_wconf 79' lang='lat' dir='ltr'><strong>tna</strong></span> 
     </span>
     <span class='ocr_line' id='line_1_32' title="bbox 117 3423 1242 3494; baseline 0.006 -24"><span class='ocrx_word' id='word_1_287' title='bbox 117 3436 134 3470; x_wconf 89' lang='grc' dir='ltr'><strong>ιι</strong></span> <span class='ocrx_word' id='word_1_288' title='bbox 148 3424 171 3485; x_wconf 89' lang='lat' dir='ltr'><strong>b,</strong></span> <span class='ocrx_word' id='word_1_289' title='bbox 186 3437 238 3472; x_wconf 84' lang='lat' dir='ltr'><strong>cm.</strong></span> <span class='ocrx_word' id='word_1_290' title='bbox 255 3423 342 3474; x_wconf 76' lang='lat' dir='ltr'><strong>Aldus</strong></span> <span class='ocrx_word' id='word_1_291' title='bbox 356 3440 383 3473; x_wconf 87' lang='grc' dir='ltr'><strong>ιι.</strong></span> <span class='ocrx_word' id='word_1_292' title='bbox 489 3435 594 3492; x_wconf 83' lang='lat' dir='ltr'><strong>ceperat</strong></span> <span class='ocrx_word' id='word_1_293' title='bbox 606 3427 716 3492; x_wconf 65' lang='lat' dir='ltr'><strong>reliqna,</strong></span> <span class='ocrx_word' id='word_1_294' title='bbox 732 3443 805 3493; x_wconf 86' lang='lat' dir='ltr'><strong>quem</strong></span> <span class='ocrx_word' id='word_1_295' title='bbox 820 3433 925 3494; x_wconf 85' lang='lat' dir='ltr'><strong>ceperat</strong></span> <span class='ocrx_word' id='word_1_296' title='bbox 938 3428 952 3476; x_wconf 91' lang='lat' dir='ltr'><strong>b</strong></span> <span class='ocrx_word' id='word_1_297' title='bbox 965 3442 993 3475; x_wconf 89' lang='grc' dir='ltr'><strong>ιι.</strong></span> <span class='ocrx_word' id='word_1_298' title='bbox 1100 3427 1115 3476; x_wconf 82' lang='grc'>9</span> <span class='ocrx_word' id='word_1_299' title='bbox 1130 3437 1242 3492; x_wconf 85' lang='lat' dir='ltr'><strong>possunt</strong></span> 
     </span>
     <span class='ocr_line' id='line_1_33' title="bbox 117 3502 1241 3572; baseline 0.004 -22"><span class='ocrx_word' id='word_1_300' title='bbox 117 3503 141 3550; x_wconf 86' lang='lat' dir='ltr'><strong>b.</strong></span> <span class='ocrx_word' id='word_1_301' title='bbox 246 3518 292 3551; x_wconf 81' lang='lat' dir='ltr'><strong>nna</strong></span> <span class='ocrx_word' id='word_1_302' title='bbox 307 3502 441 3567; x_wconf 84' lang='lat' dir='ltr'><strong>depellant</strong></span> <span class='ocrx_word' id='word_1_303' title='bbox 452 3519 469 3553; x_wconf 86' lang='lat' dir='ltr'><strong>a</strong></span> <span class='ocrx_word' id='word_1_304' title='bbox 483 3504 497 3553; x_wconf 90' lang='lat' dir='ltr'><strong>b</strong></span> <span class='ocrx_word' id='word_1_305' title='bbox 510 3505 526 3556; x_wconf 79' lang='lat'>2</span> <span class='ocrx_word' id='word_1_306' title='bbox 540 3505 618 3569; x_wconf 75' lang='lat' dir='ltr'><strong>dece,</strong></span> <span class='ocrx_word' id='word_1_307' title='bbox 635 3507 716 3556; x_wconf 88' lang='lat' dir='ltr'><strong>nostri</strong></span> <span class='ocrx_word' id='word_1_308' title='bbox 731 3507 898 3572; x_wconf 86' lang='lat' dir='ltr'><strong>depelluntur</strong></span> <span class='ocrx_word' id='word_1_309' title='bbox 910 3521 938 3556; x_wconf 91' lang='grc' dir='ltr'><strong>ιι.</strong></span> <span class='ocrx_word' id='word_1_310' title='bbox 1043 3504 1086 3569; x_wconf 91' lang='lat' dir='ltr'><strong>qui</strong></span> <span class='ocrx_word' id='word_1_311' title='bbox 1099 3521 1125 3567; x_wconf 87' lang='grc' dir='ltr'><strong>ιι,</strong></span> <span class='ocrx_word' id='word_1_312' title='bbox 1141 3521 1195 3554; x_wconf 81' lang='lat' dir='ltr'><strong>orn.</strong></span> <span class='ocrx_word' id='word_1_313' title='bbox 1212 3523 1241 3555; x_wconf 88' lang='grc' dir='ltr'><strong>ιι.</strong></span> 
     </span>
    </p>

    <p class='ocr_par' dir='ltr' id='par_1_11' title="bbox 110 3578 1242 4346">
     <span class='ocr_line' id='line_1_34' title="bbox 226 3578 1242 3646; baseline 0.002 -18"><span class='ocrx_word' id='word_1_314' title='bbox 226 3578 256 3628; x_wconf 87' lang='lat' dir='ltr'><strong>ld</strong></span> <span class='ocrx_word' id='word_1_315' title='bbox 269 3579 393 3630; x_wconf 82' lang='lat' dir='ltr'><strong>cedentes</strong></span> <span class='ocrx_word' id='word_1_316' title='bbox 408 3581 431 3630; x_wconf 87' lang='lat' dir='ltr'><strong>b.</strong></span> <span class='ocrx_word' id='word_1_317' title='bbox 545 3582 571 3633; x_wconf 88' lang='lat' dir='ltr'><strong>ll</strong></span> <span class='ocrx_word' id='word_1_318' title='bbox 590 3582 660 3631; x_wconf 87' lang='lat' dir='ltr'><strong>laetu</strong></span> <span class='ocrx_word' id='word_1_319' title='bbox 674 3598 699 3646; x_wconf 86' lang='lat' dir='ltr'><strong>a,</strong></span> <span class='ocrx_word' id='word_1_320' title='bbox 717 3581 813 3633; x_wconf 83' lang='lat' dir='ltr'><strong>lactum</strong></span> <span class='ocrx_word' id='word_1_321' title='bbox 829 3585 851 3633; x_wconf 86' lang='lat' dir='ltr'><strong>b.</strong></span> <span class='ocrx_word' id='word_1_322' title='bbox 958 3582 1068 3631; x_wconf 87' lang='lat' dir='ltr'><strong>animum</strong></span> <span class='ocrx_word' id='word_1_323' title='bbox 1081 3582 1242 3630; x_wconf 86' lang='lat' dir='ltr'><strong>adnecteba-</strong></span> 
     </span>
     <span class='ocr_line' id='line_1_35' title="bbox 114 3661 1241 3726; baseline 0 -16"><span class='ocrx_word' id='word_1_324' title='bbox 114 3667 158 3710; x_wconf 90' lang='lat' dir='ltr'><strong>tnr</strong></span> <span class='ocrx_word' id='word_1_325' title='bbox 170 3675 196 3710; x_wconf 89' lang='grc' dir='ltr'><strong>ιι,</strong></span> <span class='ocrx_word' id='word_1_326' title='bbox 321 3661 352 3712; x_wconf 79' lang='lat' dir='ltr'><strong>ln</strong></span> <span class='ocrx_word' id='word_1_327' title='bbox 367 3662 507 3711; x_wconf 88' lang='lat' dir='ltr'><strong>instituunt</strong></span> <span class='ocrx_word' id='word_1_328' title='bbox 520 3677 578 3726; x_wconf 72' lang='lat' dir='ltr'><strong>ego,</strong></span> <span class='ocrx_word' id='word_1_329' title='bbox 594 3663 710 3713; x_wconf 87' lang='lat' dir='ltr'><strong>instituit</strong></span> <span class='ocrx_word' id='word_1_330' title='bbox 723 3663 800 3714; x_wconf 86' lang='lat' dir='ltr'><strong>codd.</strong></span> <span class='ocrx_word' id='word_1_331' title='bbox 920 3663 950 3714; x_wconf 85' lang='grc'><strong>13</strong></span> <span class='ocrx_word' id='word_1_332' title='bbox 965 3679 996 3712; x_wconf 81' lang='grc' dir='ltr'><strong>ιιι</strong></span> <span class='ocrx_word' id='word_1_333' title='bbox 1009 3677 1026 3711; x_wconf 89' lang='grc' dir='ltr'><strong>ιι</strong></span> <span class='ocrx_word' id='word_1_334' title='bbox 1040 3661 1063 3709; x_wconf 86' lang='lat' dir='ltr'><strong>b.</strong></span> <span class='ocrx_word' id='word_1_335' title='bbox 1185 3661 1241 3710; x_wconf 90' lang='lat' dir='ltr'><strong>eir-</strong></span> 
     </span>
     <span class='ocr_line' id='line_1_36' title="bbox 114 3734 1240 3805; baseline 0.001 -20"><span class='ocrx_word' id='word_1_336' title='bbox 114 3739 296 3789; x_wconf 89' lang='lat' dir='ltr'><strong>cummittoucs</strong></span> <span class='ocrx_word' id='word_1_337' title='bbox 310 3756 336 3789; x_wconf 89' lang='grc' dir='ltr'><strong>ιι.</strong></span> <span class='ocrx_word' id='word_1_338' title='bbox 442 3740 500 3802; x_wconf 75' lang='lat' dir='ltr'><strong>iugo</strong></span> <span class='ocrx_word' id='word_1_339' title='bbox 514 3755 531 3788; x_wconf 91' lang='lat' dir='ltr'><strong>a</strong></span> <span class='ocrx_word' id='word_1_340' title='bbox 546 3741 559 3790; x_wconf 81' lang='lat'>3</span> <span class='ocrx_word' id='word_1_341' title='bbox 574 3739 651 3800; x_wconf 73' lang='lat' dir='ltr'><strong>dela,</strong></span> <span class='ocrx_word' id='word_1_342' title='bbox 666 3755 718 3788; x_wconf 86' lang='lat' dir='ltr'><strong>om.</strong></span> <span class='ocrx_word' id='word_1_343' title='bbox 735 3757 770 3790; x_wconf 88' lang='grc' dir='ltr'>ιιι.</span> <span class='ocrx_word' id='word_1_344' title='bbox 781 3757 827 3805; x_wconf 84' lang='lat' dir='ltr'><strong>pr.</strong></span> <span class='ocrx_word' id='word_1_345' title='bbox 839 3741 862 3802; x_wconf 88' lang='lat' dir='ltr'><strong>b,</strong></span> <span class='ocrx_word' id='word_1_346' title='bbox 878 3741 964 3802; x_wconf 74' lang='lat' dir='ltr'><strong>iugum</strong></span> <span class='ocrx_word' id='word_1_347' title='bbox 976 3755 1029 3788; x_wconf 82' lang='lat' dir='ltr'><strong>cac.</strong></span> <span class='ocrx_word' id='word_1_348' title='bbox 1043 3752 1078 3786; x_wconf 89' lang='lat' dir='ltr'><strong>nr.</strong></span> <span class='ocrx_word' id='word_1_349' title='bbox 1089 3736 1118 3796; x_wconf 84' lang='lat' dir='ltr'><strong>b‚·</strong></span> <span class='ocrx_word' id='word_1_350' title='bbox 1134 3734 1160 3784; x_wconf 89' lang='lat' dir='ltr'><strong>in</strong></span> <span class='ocrx_word' id='word_1_351' title='bbox 1176 3737 1240 3802; x_wconf 77' lang='lat' dir='ltr'><strong>iugo</strong></span> 
     </span>
     <span class='ocr_line' id='line_1_37' title="bbox 113 3814 1242 3881; baseline 0.005 -20"><span class='ocrx_word' id='word_1_352' title='bbox 113 3829 139 3862; x_wconf 90' lang='grc' dir='ltr'><strong>ιι.</strong></span> <span class='ocrx_word' id='word_1_353' title='bbox 255 3816 454 3866; x_wconf 81' lang='lat' dir='ltr'><strong>ldsaucioob.</strong></span> <span class='ocrx_word' id='word_1_354' title='bbox 563 3815 1037 3881; x_wconf 80' lang='lat' dir='ltr'><strong>ltlsalutiSteplcanrn,salutisnb.</strong></span> <span class='ocrx_word' id='word_1_355' title='bbox 1145 3814 1242 3867; x_wconf 76' lang='lat' dir='ltr'><strong>tsna-</strong></span> 
     </span>
     <span class='ocr_line' id='line_1_38' title="bbox 113 3889 1240 3957; baseline 0.004 -17"><span class='ocrx_word' id='word_1_356' title='bbox 113 3891 330 3942; x_wconf 85' lang='lat' dir='ltr'><strong>rninlslrabantur</strong></span> <span class='ocrx_word' id='word_1_357' title='bbox 342 3894 367 3942; x_wconf 85' lang='lat' dir='ltr'><strong>b.</strong></span> <span class='ocrx_word' id='word_1_358' title='bbox 482 3892 604 3942; x_wconf 85' lang='lat' dir='ltr'><strong>conclusa</strong></span> <span class='ocrx_word' id='word_1_359' title='bbox 619 3907 677 3957; x_wconf 79' lang='lat' dir='ltr'><strong>ego,</strong></span> <span class='ocrx_word' id='word_1_360' title='bbox 693 3893 801 3943; x_wconf 80' lang='lat' dir='ltr'><strong>exclusa</strong></span> <span class='ocrx_word' id='word_1_361' title='bbox 815 3892 892 3942; x_wconf 86' lang='lat' dir='ltr'><strong>codd.</strong></span> <span class='ocrx_word' id='word_1_362' title='bbox 1003 3889 1149 3942; x_wconf 85' lang='lat' dir='ltr'><strong>conuallem</strong></span> <span class='ocrx_word' id='word_1_363' title='bbox 1163 3909 1180 3942; x_wconf 91' lang='grc' dir='ltr'><strong>ιι</strong></span> <span class='ocrx_word' id='word_1_364' title='bbox 1195 3896 1211 3943; x_wconf 86' lang='lat' dir='ltr'><strong>b</strong></span> <span class='ocrx_word' id='word_1_365' title='bbox 1224 3897 1240 3945; x_wconf 79' lang='lat'>³</span> 
     </span>
     <span class='ocr_line' id='line_1_39' title="bbox 113 3967 1241 4037; baseline 0.005 -20"><span class='ocrx_word' id='word_1_366' title='bbox 113 3967 195 4028; x_wconf 72' lang='lat' dir='ltr'><strong>dccc,</strong></span> <span class='ocrx_word' id='word_1_367' title='bbox 210 3969 355 4018; x_wconf 85' lang='lat' dir='ltr'><strong>conuallem</strong></span> <span class='ocrx_word' id='word_1_368' title='bbox 369 3975 454 4018; x_wconf 90' lang='lat' dir='ltr'><strong>autem</strong></span> <span class='ocrx_word' id='word_1_369' title='bbox 468 3983 495 4018; x_wconf 91' lang='grc' dir='ltr'><strong>ιι.</strong></span> <span class='ocrx_word' id='word_1_370' title='bbox 613 3970 646 4023; x_wconf 74' lang='lat'><strong>20</strong></span> <span class='ocrx_word' id='word_1_371' title='bbox 660 3985 816 4037; x_wconf 77' lang='lat' dir='ltr'><strong>caesumque</strong></span> <span class='ocrx_word' id='word_1_372' title='bbox 831 3971 845 4020; x_wconf 86' lang='lat' dir='ltr'><strong>b</strong></span> <span class='ocrx_word' id='word_1_373' title='bbox 858 3985 881 4033; x_wconf 89' lang='lat' dir='ltr'><strong>c,</strong></span> <span class='ocrx_word' id='word_1_374' title='bbox 897 3986 960 4020; x_wconf 83' lang='lat' dir='ltr'><strong>exse</strong></span> <span class='ocrx_word' id='word_1_375' title='bbox 974 3984 1097 4034; x_wconf 87' lang='lat' dir='ltr'><strong>somaqoe</strong></span> <span class='ocrx_word' id='word_1_376' title='bbox 1111 3985 1146 4034; x_wconf 81' lang='lat' dir='ltr'><strong>a,-</strong></span> <span class='ocrx_word' id='word_1_377' title='bbox 1160 3979 1241 4037; x_wconf 81' lang='lat' dir='ltr'><strong>atquc·</strong></span> 
     </span>
     <span class='ocr_line' id='line_1_40' title="bbox 112 4045 1127 4114; baseline 0.002 -18"><span class='ocrx_word' id='word_1_378' title='bbox 112 4060 218 4096; x_wconf 81' lang='lat' dir='ltr'><strong>exesum</strong></span> <span class='ocrx_word' id='word_1_379' title='bbox 235 4061 259 4093; x_wconf 90' lang='grc' dir='ltr'><strong>ιι.</strong></span> <span class='ocrx_word' id='word_1_380' title='bbox 355 4045 380 4093; x_wconf 91' lang='lat' dir='ltr'><strong>in</strong></span> <span class='ocrx_word' id='word_1_381' title='bbox 394 4045 542 4110; x_wconf 83' lang='lat' dir='ltr'><strong>speluncam</strong></span> <span class='ocrx_word' id='word_1_382' title='bbox 557 4046 582 4110; x_wconf 86' lang='lat' dir='ltr'><strong>b,</strong></span> <span class='ocrx_word' id='word_1_383' title='bbox 591 4053 620 4096; x_wconf 90' lang='lat' dir='ltr'><strong>nt</strong></span> <span class='ocrx_word' id='word_1_384' title='bbox 633 4047 780 4112; x_wconf 88' lang='lat' dir='ltr'><strong>speluncam</strong></span> <span class='ocrx_word' id='word_1_385' title='bbox 794 4063 852 4110; x_wconf 84' lang='lat' dir='ltr'><strong>ac‚·</strong></span> <span class='ocrx_word' id='word_1_386' title='bbox 862 4055 890 4097; x_wconf 87' lang='lat' dir='ltr'><strong>ul</strong></span> <span class='ocrx_word' id='word_1_387' title='bbox 903 4048 927 4096; x_wconf 89' lang='lat' dir='ltr'><strong>ln</strong></span> <span class='ocrx_word' id='word_1_388' title='bbox 940 4049 1090 4114; x_wconf 87' lang='lat' dir='ltr'><strong>speluncam</strong></span> <span class='ocrx_word' id='word_1_389' title='bbox 1100 4064 1127 4098; x_wconf 89' lang='grc' dir='ltr'><strong>ιι.</strong></span> 
     </span>
     <span class='ocr_line' id='line_1_41' title="bbox 111 4119 1240 4189; baseline 0.002 -17"><span class='ocrx_word' id='word_1_390' title='bbox 111 4125 144 4172; x_wconf 73' lang='lat'><strong>‘22</strong></span> <span class='ocrx_word' id='word_1_391' title='bbox 160 4122 241 4171; x_wconf 78' lang='lat' dir='ltr'><strong>luisse</strong></span> <span class='ocrx_word' id='word_1_392' title='bbox 254 4135 280 4170; x_wconf 89' lang='grc' dir='ltr'><strong>ιι.</strong></span> <span class='ocrx_word' id='word_1_393' title='bbox 388 4135 404 4168; x_wconf 91' lang='grc' dir='ltr'><strong>ιι</strong></span> <span class='ocrx_word' id='word_1_394' title='bbox 420 4119 456 4168; x_wconf 90' lang='lat' dir='ltr'><strong>ld.</strong></span> <span class='ocrx_word' id='word_1_395' title='bbox 473 4121 554 4186; x_wconf 78' lang='lat' dir='ltr'><strong>April.</strong></span> <span class='ocrx_word' id='word_1_396' title='bbox 569 4137 594 4185; x_wconf 81' lang='lat' dir='ltr'><strong>a,</strong></span> <span class='ocrx_word' id='word_1_397' title='bbox 613 4124 696 4188; x_wconf 91' lang='lat' dir='ltr'><strong>pridie</strong></span> <span class='ocrx_word' id='word_1_398' title='bbox 711 4123 748 4173; x_wconf 91' lang='lat' dir='ltr'><strong>ld.</strong></span> <span class='ocrx_word' id='word_1_399' title='bbox 762 4123 858 4189; x_wconf 75' lang='lat' dir='ltr'><strong>Aprilis</strong></span> <span class='ocrx_word' id='word_1_400' title='bbox 873 4140 899 4173; x_wconf 86' lang='grc' dir='ltr'><strong>ιι.</strong></span> <span class='ocrx_word' id='word_1_401' title='bbox 914 4124 945 4175; x_wconf 81' lang='grc' dir='ltr'><strong>Ρ.</strong></span> <span class='ocrx_word' id='word_1_402' title='bbox 961 4125 1020 4176; x_wconf 83' lang='grc'>158.</span> <span class='ocrx_word' id='word_1_403' title='bbox 1128 4125 1161 4178; x_wconf 79' lang='grc'><strong>23</strong></span> <span class='ocrx_word' id='word_1_404' title='bbox 1175 4141 1240 4175; x_wconf 89' lang='lat' dir='ltr'><strong>con·</strong></span> 
     </span>
     <span class='ocr_line' id='line_1_42' title="bbox 114 4197 1241 4268; baseline 0.004 -20"><span class='ocrx_word' id='word_1_405' title='bbox 114 4210 204 4268; x_wconf 86' lang='lat' dir='ltr'><strong>spectu</strong></span> <span class='ocrx_word' id='word_1_406' title='bbox 219 4203 242 4251; x_wconf 89' lang='lat' dir='ltr'><strong>b.</strong></span> <span class='ocrx_word' id='word_1_407' title='bbox 365 4197 572 4249; x_wconf 68' lang='lat' dir='ltr'><strong>alaunense.</strong></span> <span class='ocrx_word' id='word_1_408' title='bbox 695 4201 728 4254; x_wconf 80' lang='lat'><strong>25</strong></span> <span class='ocrx_word' id='word_1_409' title='bbox 742 4203 871 4268; x_wconf 79' lang='lat' dir='ltr'><strong>proximus</strong></span> <span class='ocrx_word' id='word_1_410' title='bbox 887 4203 911 4265; x_wconf 89' lang='lat' dir='ltr'><strong>b,</strong></span> <span class='ocrx_word' id='word_1_411' title='bbox 925 4203 1007 4268; x_wconf 87' lang='lat' dir='ltr'><strong>primo</strong></span> <span class='ocrx_word' id='word_1_412' title='bbox 1020 4219 1043 4252; x_wconf 89' lang='lat' dir='ltr'><strong>c.</strong></span> <span class='ocrx_word' id='word_1_413' title='bbox 1163 4203 1197 4257; x_wconf 80' lang='grc'><strong>26</strong></span> <span class='ocrx_word' id='word_1_414' title='bbox 1212 4213 1241 4256; x_wconf 84' lang='lat' dir='ltr'><strong>et</strong></span> 
     </span>
     <span class='ocr_line' id='line_1_43' title="bbox 110 4276 1237 4346; baseline 0.004 -18"><span class='ocrx_word' id='word_1_415' title='bbox 110 4282 227 4346; x_wconf 86' lang='lat' dir='ltr'><strong>qnnrnuis</strong></span> <span class='ocrx_word' id='word_1_416' title='bbox 241 4285 330 4330; x_wconf 86' lang='lat' dir='ltr'><strong>esseut</strong></span> <span class='ocrx_word' id='word_1_417' title='bbox 341 4277 473 4328; x_wconf 89' lang='lat' dir='ltr'><strong>brncblom</strong></span> <span class='ocrx_word' id='word_1_418' title='bbox 485 4292 500 4328; x_wconf 86' lang='lat' dir='ltr'><strong>c</strong></span> <span class='ocrx_word' id='word_1_419' title='bbox 510 4276 547 4342; x_wconf 79' lang='lat' dir='ltr'><strong>(ic</strong></span> <span class='ocrx_word' id='word_1_420' title='bbox 560 4278 681 4345; x_wconf 86' lang='lat' dir='ltr'><strong>quodnis)</strong></span> <span class='ocrx_word' id='word_1_421' title='bbox 690 4279 713 4343; x_wconf 86' lang='lat' dir='ltr'><strong>b,</strong></span> <span class='ocrx_word' id='word_1_422' title='bbox 723 4295 775 4332; x_wconf 89' lang='lat' dir='ltr'><strong>om.</strong></span> <span class='ocrx_word' id='word_1_423' title='bbox 785 4296 812 4331; x_wconf 90' lang='grc' dir='ltr'><strong>ιι.</strong></span> <span class='ocrx_word' id='word_1_424' title='bbox 823 4279 947 4331; x_wconf 79' lang='lat' dir='ltr'><strong>Laconas</strong></span> <span class='ocrx_word' id='word_1_425' title='bbox 956 4294 1005 4346; x_wconf 73' lang='lat' dir='ltr'><strong>ego</strong></span> <span class='ocrx_word' id='word_1_426' title='bbox 1013 4283 1120 4331; x_wconf 80' lang='lat' dir='ltr'><strong>nolauc&#39;.</strong></span> <span class='ocrx_word' id='word_1_427' title='bbox 1133 4280 1237 4337; x_wconf 71' lang='lat' dir='ltr'><strong>ltus.</strong></span> 
     </span>
    </p>
   </div>
   <div class='ocr_carea' id='block_1_5' title="bbox 0 0 1346 4694">
    <p class='ocr_par' dir='ltr' id='par_1_12' title="bbox 0 0 1346 4694">
     <span class='ocr_line' id='line_1_44' title="bbox 0 0 1346 4694; baseline 0 5"><span class='ocrx_word' id='word_1_428' title='bbox 0 0 1346 4694; x_wconf 95' lang='lat' dir='ltr'><strong> </strong></span> 
     </span>
    </p>
   </div>
  </div>
 </body>
</html>
