2692 4688
42 226 106 294 111
442 226 499 294 llll
522 223 665 295 BlthO
689 221 883 294 ucetico

100 399 202 464 enoda
223 399 320 463 oratio
335 393 508 484 Critognati
529 400 649 466 uidetur
670 410 792 485 propter
812 397 878 464 eius
894 398 1077 483 singularem
1097 408 1128 462 et
1143 401 1228 462 neia-

69 500 180 566 titan
195 499 412 566 crudelitatem.
456 501 515 566 llio
529 524 646 568 summo
660 505 692 568 iu
706 501 856 567 Aruernis
872 514 957 566 ortus
972 503 1039 566 loeo
1055 511 1085 565 et
1099 522 1227 585 magnae

104 602 224 669 habitus
240 603 440 684 auctoritatis,
460 603 589 685 ‘Nihil¹‚
604 606 721 689 inquit,
735 605 796 675 .‘dc
811 625 914 669 eornm
929 603 1077 669 sententie
1094 603 1226 668 dictums

102 726 181 783 sum,
199 704 248 788 qni
263 705 463 790 turpissimam
479 707 655 772 seruitutem
672 706 830 771 deditionis
846 707 966 771 nomine
982 707 1151 791 appeliant,
1174 728 1228 771 ne-

102 827 162 893 que
177 807 232 872 los
247 806 399 873 habendos
414 807 523 874 oinium
539 810 606 875 loco
622 830 718 894 neque
734 810 770 873 ad
786 808 944 873 concilium
960 808 1142 873 adhibendos
1153 830 1225 873 cen-
1248 822 1262 871 ⁵

66 909 168 975 ls'eo.
200 903 279 974 Cum
302 908 348 974 isis
371 911 442 977 milti
464 932 516 976 res
530 911 591 989 sit,
609 912 659 995 qui
674 912 859 995 eruptionem
876 911 1020 995 probant3
1046 931 1172 995 qnorum
1194 913 1226 976 in

103 1010 230 1078 consilio
245 1011 376 1077 omnium
400 1023 534 1078 uestrum
550 1032 701 1077 consensu
717 1013 860 1098 pristinae
876 1013 1012 1078 residere
1026 1011 1146 1078 uirtutis
1162 1034 1226 1078 me

68 1114 88 1180 11
103 1115 198 1181 neria
213 1114 343 1179 uidetur.
375 1115 478 1179 Animi
493 1126 542 1180 est
555 1116 613 1180 iata
628 1115 766 1193 mollitia,
784 1136 845 1178 non
860 1115 978 1192 uirtus,
996 1114 1147 1200 paulisper
1159 1117 1226 1180 ino-

103 1216 183 1304 piam
197 1218 278 1282 ferre
293 1238 353 1281 non
368 1238 470 1303 posse.
501 1214 564 1302 Qui
579 1239 613 1283 se
628 1219 707 1282 ultro
723 1217 813 1281 morti
829 1218 976 1296 offerant,
1001 1217 1118 1281 facilius
1139 1238 1226 1301 repe-

66 1318 235 1398 limantur,
256 1339 343 1403 qnam
359 1320 408 1403 qui
425 1320 557 1385 dolorem
573 1321 723 1405 patienter
738 1322 844 1384 lerant
875 1318 974 1403 Atque
989 1339 1046 1403 ego
1062 1319 1139 1383 hane
1154 1341 1225 1385 sen·
1248 1330 1281 1384 to

98 1421 225 1486 testimo
245 1421 402 1505 probarem
426 1424 563 1502 (tantum
585 1423 661 1507 apud
683 1443 730 1486 me
753 1422 881 1505 dignitas
902 1425 1041 1505 potest),
1064 1421 1092 1484 si
1112 1421 1222 1486 nuliam

65 1522 87 1588 7
103 1528 310 1609 praeterquam
326 1523 406 1588 nitae
422 1535 545 1588 nostrae
560 1525 705 1588 iacturam
721 1526 785 1589 lieri
802 1526 952 1588 uiderem:
982 1522 1034 1587 sed
1049 1522 1081 1586 in
1096 1523 1223 1587 consilio

101 1625 246 1712 capiendo
262 1645 377 1689 omnem
395 1623 524 1690 Galliam
540 1627 753 1711 respiciamus,
770 1648 857 1710 quam
873 1627 911 1689 ad
926 1635 1061 1690 nostrum
1076 1627 1223 1690 auxilium

64 1726 331 1794 deoaoitauimus.
378 1724 458 1810 Quid
482 1729 632 1792 hominum
649 1729 767 1794 milibus
783 1739 882 1792 Lxxx
897 1750 959 1792 uun
974 1727 1041 1792 loco
1055 1728 1222 1792 interiectis

102 1830 274 1916 propinquis
297 1831 587 1914 consanguineisque
608 1833 721 1895 nostris
743 1832 834 1896 animi
863 1832 928 1894 lore
958 1829 1165 1907 existumetis,
1195 1830 1220 1893 si
1246 1841 1278 1894 tu

65 1932 196 2020 liprene
211 1933 242 1997 in
257 1932 331 2016 ipsis
347 1932 540 1997 cadaueribus
555 1933 667 2017 proelio
684 1934 838 1998 decertare
845 1934 1018 2021 ,cogenturl
1045 1929 1151 1996 Nolite
1165 1933 1220 1996 hus

99 2045 204 2099 uestro
220 2033 333 2098 auxilio
349 2035 515 2118 expoliare,
533 2037 582 2121 qni
599 2048 719 2102 nestrae
735 2037 842 2101 salutis
856 2055 946 2100 eausa
962 2056 1050 2099 sunm
1058 2034 1221 2119 perieulum

100 2138 319 2221 neglexerunt,
344 2158 399 2202 nee
415 2139 529 2203 sultitia
544 2162 580 2204 ao
595 2140 764 2204 temeritate
780 2148 880 2203 uestra
896 2147 948 2202 aut
962 2137 1053 2201 animi
1067 2137 1223 2201 imbecilli-

99 2240 164 2304 t'ate
177 2259 294 2304 omnem
311 2236 440 2305 Galliam
456 2254 649 2326 prosternere
672 2253 704 2306 et
724 2251 883 2326 perpetuae
907 2239 1048 2305 seruituti
1069 2239 1217 2303 subicere.

46 2338 86 2406 10
100 2343 162 2418 An,
180 2343 256 2425 quod
272 2342 309 2404 ad
326 2343 401 2406 diem
417 2365 477 2406 non
494 2354 659 2420 uenerunt,
684 2344 836 2408 decorum
854 2344 910 2407 tide
925 2341 1153 2426 conmantiaque
1168 2342 1221 2405 du·
1242 2351 1277 2404 2⁰

99 2443 225 2508 bitatisl
254 2439 332 2525 Quid
355 2448 451 2527 ergo?
480 2445 633 2510 Romanos
657 2448 687 2509 in
711 2446 769 2510 illis
792 2445 985 2510 ulterioribus
1008 2443 1222 2508 munitionibus

47 2543 82 2608 ll
100 2544 230 2609 animine
246 2565 337 2608 causa
353 2547 460 2610 cotidie
475 2547 612 2611 exerceri
629 2549 762 2631 putatis?
805 2545 840 2613 Si
855 2548 970 2610 illorum
987 2547 1098 2611 nuntiis
1113 2546 1221 2608 contir-

101 2646 177 2710 mari
193 2667 252 2709 non
267 2648 392 2732 potestis
409 2649 488 2712 omni
504 2650 584 2715 adito
600 2660 770 2735 praesepto,
788 2651 834 2714 his
850 2650 964 2713 utimini
982 2648 1106 2712 testibus
1114 2646 1220 2729 adpro·

99 2748 242 2835 pinqnare
252 2754 542 2832 eorumaduentum3
559 2753 643 2818 cuins
659 2753 702 2817 rei
720 2753 827 2817 timore
842 2750 981 2818 exterriti
997 2749 1073 2815 diem
1085 2758 1220 2813 noctem·

208 2975 217 3027 1
236 2976 319 3027 oratio
334 2976 479 3041 Critognati
493 2976 598 3027 uidetur
610 2979 654 3029 Be
666 2978 758 3030 ‘iidem
773 2978 857 3041 msa.',
871 2975 976 3028 uidetur
988 2972 1072 3024 orntlo
1082 2969 1219 3035 Critogna-

96 3050 117 3101 tt
129 3064 157 3101 aa.
296 3062 323 3104 et
337 3054 427 3104 ‘tidem
440 3054 515 3104 msa!
527 3054 587 3105 edd·
603 3060 667 3105 unic
682 3055 756 3117 Ate„
772 3071 802 3104 ac
816 3055 861 3119 (B)
873 3058 885 3105 1
898 3051 958 3104 aaa.
971 3049 1108 3119 poatAld.

98 3130 262 3181 tconsiliurn
274 3148 288 3182 e
302 3134 366 3183 ‘maa
391 3132 424 3184 δ’.
544 3135 628 3183 deum
642 3134 683 3183 lrls
697 3133 721 3183 B
733 3132 792 3184 edd.
807 3137 871 3183 onte
883 3130 957 3194 Ate,
972 3143 1029 3181 eum
1041 3127 1075 3179 lis
1089 3127 1177 3180 Aldus
1189 3143 1217 3177 ae.

205 3209 222 3259 8
235 3209 343 3259 mollitia
356 3211 420 3261 nie
433 3215 461 3260 et
471 3226 523 3261 aee.
537 3226 573 3262 m.
588 3213 621 3274 A,
637 3211 755 3261 molestia
769 3210 823 3261 AB
837 3213 910 3260 ‘mse
925 3210 962 3277 ⁸'i
975 3207 1101 3258 mollities
1115 3207 1218 3274 ‘J'orrcn

97 3282 151 3335 cd'
163 3299 192 3335 as.
344 3289 450 3338 uirtutis
464 3290 488 3339 i.
638 3290 771 3356 paulisper
783 3289 894 3356 inopiam
908 3286 996 3338 BCD
1011 3283 1163 3351 ‘plerique’,
1180 3285 1218 3333 in·

96 3362 180 3428 opiam
193 3364 327 3433 paulisper
340 3364 402 3428 (c)n
414 3365 553 3433 (inopplam
568 3367 613 3425 B).
759 3368 775 3417 11
788 3367 954 3432 reperiantur
965 3364 989 3414 Β
1001 3361 1037 3428 (is
1050 3361 1136 3429 repp.)
1153 3360 1216 3412 ΟΒ.

204 3440 233 3491 11
253 3447 352 3490 tantum
365 3441 433 3509 apud
447 3458 487 3493 rne
501 3443 526 3494 Β
542 3443 676 3493 ‘mactem
696 3447 828 3493 matorum
843 3441 941 3503 turbu,
957 3454 1014 3490 nam
1028 3438 1095 3506 apud
1108 3453 1148 3489 me
1161 3444 1218 3487 tan-

97 3523 150 3566 tu·
163 3515 278 3567 alode.
420 3518 451 3571 tn
464 3519 520 3569 deri
534 3534 587 3570 om.
602 3520 626 3570 t.
779 3518 810 3569 13
824 3532 901 3584 qaum
915 3516 947 3567 sd
959 3515 993 3566 B.
1145 3512 1217 3562 acsi

96 3592 170 3661 lin]
183 3593 318 3646 consilinm
333 3597 367 3650 A.
510 3599 541 3652 lt
554 3597 614 3664 qnid
629 3596 757 3648 lominum
772 3614 794 3662 a,
810 3597 871 3664 quid
884 3597 909 3647 in
924 3594 1053 3646 lominum
1065 3592 1092 3643 A
1098 3592 1123 3643 Β
1129 3591 1214 3641 eoo.

204 3687 289 3726 taxas
303 3675 337 3740 A,
353 3678 494 3741 nouagmta
508 3676 541 3728 Β.
660 3674 809 3728 interiectis
822 3675 882 3742 quid
895 3671 1046 3742 propinquis
1060 3670 1106 3719 te.

95 3753 128 3807 tt
141 3753 307 3807 existumetis
320 3757 353 3808 Β.
461 3756 492 3808 li
506 3756 553 3808 ios
566 3763 655 3807 uestro
670 3754 769 3806 anxilio
783 3755 930 3821 exspoliare
943 3748 1057 3804 Acen
1067 3763 1097 3808 ος
1111 3746 1160 3796 loc
1173 3761 1216 3797 ae·

96 3839 151 3883 atro
164 3832 263 3884 auxilio
276 3834 390 3901 spoliare
404 3851 448 3887 ens
463 3834 540 3898 ide,
554 3834 603 3885 aad
615 3850 628 3884 e
642 3841 730 3885 nostro
744 3835 888 3903 (expoliare
899 3831 944 3899 Β).
1049 3826 1082 3879 ta
1095 3826 1219 3891 neglexe-

96 3912 156 3959 rnat
169 3906 280 3960 sona
295 3910 372 3961 ‘msc
385 3915 414 3960 at
424 3910 485 3962 add.
499 3910 582 3977 qaut
599 3911 763 3973 neglexerint
775 3926 803 3961 o.
908 3907 986 3960 animi
999 3904 1181 3957 imbecillitate
1193 3904 1218 3954 B

94 3982 154 4036 elai.
170 3988 234 4033 cate
246 3982 323 4049 Atti„
336 3986 517 4037 imbecillitate
530 3987 705 4039 anlniAidns
717 4003 744 4038 n.
852 3984 883 4037 19
897 3984 1017 4038 subicere
1031 3981 1054 4031 Β
1066 3986 1094 4031 et
1105 3980 1215 4045 reliqui,

96 4058 218 4114 addicere
233 4058 326 4110 toea.
471 4061 502 4115 2l
518 4060 645 4113 Romanos
659 4063 685 4113 in
699 4062 753 4114 iilis
767 4061 815 4113 nlt.
830 4076 899 4113 mun.
914 4060 1027 4139 animine
1041 4073 1122 4109 rause
1133 4056 1216 4118 uie,-

94 4136 265 4191 aimanor-n
280 4138 378 4188 animos
392 4139 416 4187 ic
431 4137 485 4188 illia
498 4137 546 4187 ult.
561 4153 631 4188 mun.
645 4139 704 4192 sine
717 4154 797 4192 eausa
810 4139 913 4206 religet
923 4142 954 4189 et
963 4153 1015 4188 rac.
1029 4150 1066 4186 m.
1079 4150 1112 4198 o,
1132 4132 1181 4184 sed
1191 4133 1217 4182 in

95 4228 147 4265 our.
164 4212 218 4265 At.
325 4212 357 4266 11
371 4215 566 4279 praeruptu,
580 4221 718 4284 praerepto
732 4217 778 4267 te.
883 4214 976 4266 ltisBe
988 4212 1049 4264 aeid.
1063 4215 1126 4262 onte
1139 4208 1214 4273 Aid„

95 4292 126 4342 iis
139 4290 226 4341 Alaina
239 4303 267 4339 aa.
371 4288 577 4359 adpropinquare
590 4290 622 4341 Β.
725 4293 761 4346 11
773 4291 865 4344 tinore
877 4305 931 4343 on.
947 4293 971 4341 1.
