2692 4688
407 204 719 276 001111111011).
738 207 932 276 tou-1⁰2.
1241 206 1306 276 617

127 379 274 466 picianam
289 379 359 443 iude
375 379 501 442 classem
517 379 668 462 prolecths
682 388 732 443 est
742 375 890 444 Vibonem
905 377 1118 462 adplicatisque
1132 379 1245 447 uoshis
1262 379 1282 447 h

126 484 164 547 ad
179 494 291 547 terram
308 480 434 545 nauibus
450 480 572 546 circiter
585 490 633 544 xl.
648 490 770 565 propter
784 480 909 545 eundem
925 482 1063 546 timorem
1078 481 1246 566 pariatque

126 596 217 650 antea
241 584 358 647 ratione
375 584 530 667 [egerunt]
547 583 708 647 secuudum
723 593 830 647 nactus
845 593 967 648 uentum
982 585 1138 649 onerarias
1155 605 1246 651 nones

127 696 322 773 praeparatas
343 687 382 749 ad
401 685 570 749 incendium
591 685 726 765 inmisit,
751 695 783 751 et
808 686 925 750 damma
945 686 982 750 ab
1004 696 1130 770 utroque
1153 707 1247 752 corna

90 803 106 855 t
129 809 309 874 comprensa
331 808 423 852 naues
444 799 512 852 sunt
527 788 698 853 combustae
713 788 856 872 quinque.
887 785 1024 872 Cumque
1038 789 1119 874 ignis
1133 789 1247 873 magui·
1261 787 1283 855 6

126 894 232 957 tudine
254 891 337 956 uenti
357 891 445 955 latius
460 901 615 975 serperet,
639 891 766 966 milites,
789 891 840 975 qui
855 912 897 956 ex
912 891 1063 957 ueteribus
1079 891 1247 974 legionibus

126 1006 215 1061 eraut
236 993 335 1058 relicti
349 993 499 1078 praesidio
514 993 641 1057 nauibus
656 1012 698 1058 ex
712 1014 837 1059 numero
851 1014 1030 1081 aegrorum,
1053 993 1247 1079 ignominiam

128 1118 189 1162 unu
210 1097 363 1174 tulerunt,
387 1097 441 1161 sed
455 1117 512 1160 sua
526 1106 633 1181 sponte
649 1115 742 1160 naues
757 1098 998 1162 conscenderunt
1012 1107 1041 1160 et
1056 1117 1074 1161 a
1088 1107 1172 1160 tarra
1185 1096 1247 1161 sol,

128 1210 237 1264 uerunt
256 1198 427 1283 impetuque
443 1199 522 1263 lucto
535 1199 568 1262 in
583 1194 764 1263 Cassianam
779 1200 907 1265 classem
922 1199 1142 1282 quinqueremis
1158 1199 1245 1277 du'as,

77 1313 108 1367 to
128 1302 161 1367 iu
181 1322 304 1388 quarum
328 1301 424 1365 altera
447 1310 513 1365 erat
528 1298 674 1381 Cassius,
698 1313 858 1386 oeperunt3
883 1305 936 1367 sed
951 1298 1079 1366 Cassius
1100 1312 1247 1386 exceptus

130 1403 242 1486 scapha
263 1405 397 1488 refugit:
422 1414 579 1488 praeterea
602 1404 679 1469 duae
693 1412 762 1468 sunt
777 1406 939 1489 depressae
955 1404 1104 1468 triremes.
1137 1402 1282 1490 Neque7

128 1505 223 1569 multo
244 1517 311 1589 post
330 1507 367 1570 de
389 1505 505 1591 proelio
526 1507 606 1570 laeto
628 1508 659 1571 in
674 1504 834 1571 Thessalia
855 1508 1006 1591 cognitum
1030 1517 1096 1586 est,
1120 1516 1153 1569 nt
1173 1506 1247 1591 ipmis

129 1603 319 1692 Pompeianis
334 1609 407 1674 fides
423 1609 525 1673 tieret:
543 1629 610 1673 nam
627 1620 696 1674 ante
711 1609 742 1674 id
757 1619 871 1695 tempus
886 1609 958 1695 hugi
973 1609 1113 1694 elegatis
1128 1609 1248 1673 amicis·

130 1730 188 1793 que
203 1706 345 1775 Caesaris
368 1711 601 1776 arbitrabantur.
635 1706 751 1793 Quibus
772 1712 863 1777 rebus
887 1711 1017 1794 cognitis
1039 1730 1081 1775 ex
1103 1709 1149 1775 his
1171 1711 1247 1775 loeis

78 1822 106 1875 ts
129 1808 256 1877 Cassius
271 1834 337 1876 cnm
351 1813 448 1878 classe
464 1814 613 1878 discessit.

202 1911 320 1978 Caesar
338 1915 473 1980 omnihus
492 1916 584 1980 rebus
598 1916 712 1980 relictis
727 1916 961 2000 persequendum
977 1914 1035 1979 sibi
1048 1912 1222 1999 Pompeium
1237 1914 1305 1985 102

131 2014 536 2102 existimauit,qnsacumque
551 2021 583 2081 iu
598 2029 697 2102 partes
713 2038 747 2081 se
762 2037 804 2081 ex
820 2019 889 2102 luga
903 2019 1080 2102 recepisset,
1091 2040 1129 2082 ue
1144 2039 1249 2083 rursus

130 2119 233 2204 copias
249 2136 422 2205 comparare
436 2121 510 2185 alias
526 2132 557 2184 et
571 2120 678 2185 bellum
694 2140 844 2185 renouare
859 2130 971 2203 posset,
983 2131 1014 2184 et
1023 2131 1249 2202 quantumcum-

130 2243 189 2310 qne
210 2221 328 2286 itineris
350 2223 485 2307 equitatu
508 2224 624 2288 efficere
640 2232 758 2308 poterat
772 2221 880 2286 cotidie
895 2220 1142 2306 progrediebatur
1155 2221 1250 2302 legin·

78 2334 110 2388 sd
131 2342 258 2408 nemque
278 2345 366 2389 unam
386 2325 552 2390 minoribns
567 2326 724 2391 itineribus
739 2322 881 2407 subsequi
895 2323 996 2387 iussit.
1027 2320 1106 2386 Erat
1120 2321 1286 2386 edictum2

131 2424 267 2511 Pompeii
282 2427 402 2493 nomine
417 2428 588 2514 Amphipoli
603 2429 800 2514 propositum,
818 2427 862 2490 uti
877 2447 982 2491 omues
997 2426 1060 2491 eius
1076 2425 1249 2510 prouinciae

131 2528 286 2608 iuniores,
308 2528 422 2595 Graeci
444 2532 586 2616 ciuesque
608 2530 759 2610 Romani,
784 2531 900 2595 iurandi
924 2552 1015 2595 causa
1039 2528 1248 2594 conuenirent.

130 2628 193 2698 Sed
208 2643 307 2697 utrum
322 2634 506 2698 auertendae
521 2636 701 2721 suspicionis
717 2654 806 2698 causa
817 2631 976 2718 Pompeius
989 2635 1205 2716 proposuisset,
1220 2642 1252 2694 ut
1266 2630 1287 2694 3

130 2754 217 2818 quam
233 2736 400 2800 diutissime
416 2737 560 2822 longioris
576 2738 664 2821 fugae
680 2738 834 2801 consilium
850 2735 1028 2811 occultaret,
1043 2755 1082 2797 an
1098 2735 1184 2797 nouis
1200 2732 1251 2796 de·

78 2848 110 2901 tt
132 2837 271 2918 lectibus,
287 2839 416 2903 musmo
433 2848 593 2923 premeret,
610 2838 819 2905 Macedonium
835 2851 938 2904 tenere
954 2846 1126 2911 conaretur,
1144 2833 1250 2896 existi-

131 2941 209 3005 mari
227 2962 289 3005 nnn
304 2952 434 3025 poterat.
466 2940 535 3027 lpse
550 2944 586 3006 ad
602 2964 744 3007 ancoram
759 2964 820 3007 una
835 2953 923 3005 nocto
938 2937 1074 3003 constitit
1089 2946 1120 2999 et
1135 2933 1249 2998 uocatis
1264 2932 1286 2995 4

132 3043 169 3106 ad
184 3063 219 3108 se
227 3043 397 3128 Amphipoli
413 3045 579 3129 hospitibus
595 3056 626 3109 et
641 3045 765 3130 pecunia
781 3045 818 3108 ad
831 3041 1018 3107 necessarios
1034 3047 1168 3122 sumptus
1184 3056 1250 3099 cor-

133 3155 240 3229 rugata
255 3148 374 3232 cognito
390 3145 535 3213 Caesaris
549 3149 680 3212 aduentu
695 3168 737 3212 ex
752 3168 788 3211 eo
804 3147 869 3210 loeo
884 3142 1024 3241 discessit
1039 3154 1070 3206 et
1085 3140 1251 3229 Mytilenas

241 3351 253 3403 l
269 3351 458 3419 adplicatisque
471 3369 498 3403 n.
651 3356 669 3410 2
681 3354 787 3405 circiter
798 3369 831 3404 rr.
844 3354 890 3404 bie
898 3355 990 3417 posui,
1003 3356 1069 3403 nete
1082 3354 1252 3417 praeparatas

132 3424 177 3492 (t)
191 3426 327 3479 reuocant
338 3429 415 3480 codd,
429 3430 461 3480 P.
478 3430 536 3481 187.
699 3431 837 3494 degerunt
850 3431 894 3493 be,
908 3436 1017 3493 egerunt
1029 3427 1137 3479 Cassius
1150 3442 1183 3490 u,·
1199 3427 1253 3490 egit

131 3519 161 3554 aa.
187 3502 277 3556 Vnone
289 3520 338 3572 ego
348 3511 441 3573 posui.
454 3508 485 3558 P.
501 3507 559 3559 tee.
687 3510 854 3561 linmisite.
989 3509 1252 3573 boompreusaunus

132 3583 200 3648 dat„
214 3599 361 3653 compressu
373 3602 390 3636 a
400 3588 430 3649 b,·
444 3587 629 3652 comprehensu
641 3603 669 3638 rr·
773 3595 836 3638 sunt
848 3603 900 3639 nm.
915 3602 932 3636 a
941 3587 965 3635 b.
1071 3586 1086 3634 9
1098 3585 1254 3650 quinquere-

131 3663 220 3714 misn.
346 3664 571 3730 lllcoeperunta.
695 3664 892 3730 llscbaphara
997 3660 1104 3724 refugiit
1116 3660 1254 3726 praeteriit

132 3740 199 3790 elnae
211 3756 228 3790 e
238 3742 263 3791 b.
378 3741 517 3807 depressae
532 3740 702 3791 Vareosnnus
714 3745 744 3792 in
756 3756 858 3807 marg„
873 3741 1028 3805 depresente
1041 3738 1098 3799 ob,·
1112 3736 1255 3802 deprehen·

130 3830 177 3867 saa
188 3832 216 3866 rs.
340 3816 472 3883 triremes]
488 3819 586 3869 tirones
601 3819 625 3868 b.
749 3819 781 3871 ll
794 3819 972 3868 arbitrabatur
984 3830 1010 3865 a.
1137 3830 1170 3864 ex
1183 3814 1223 3865 bis
1234 3829 1254 3865 a

131 3895 193 3945 edd.
207 3901 271 3946 ante
284 3897 359 3961 Ata,
374 3912 406 3947 ex
420 3897 453 3948 iis
466 3896 551 3947 Aldus
564 3912 591 3946 u.
706 3898 738 3951 tl
752 3912 911 3964 quacumque
924 3896 950 3946 iu
964 3902 1036 3960 parta
1051 3894 1065 3944 b
1078 3898 1116 3958 et,
1129 3896 1179 3960 qui
1190 3893 1254 3961 qni-

132 3989 245 4041 cnnque,
259 3990 287 4024 a.
440 3991 468 4025 se
481 3991 512 4025 ex
528 3974 588 4039 iuga
601 3990 626 4037 a,
641 3990 673 4025 ex
689 3974 749 4039 lugu
762 3991 791 4025 se
802 3975 862 4026 edd.
1005 3972 1035 4023 18
1049 3980 1212 4039 compararet
1224 3988 1252 4023 o.

242 4063 467 4122 quantumcunque
481 4057 530 4121 (a).
698 4057 728 4108 2l
745 4055 915 4123 Amphilopnli
928 4070 944 4103 a
957 4059 988 4104 et
1000 4054 1055 4104 ‘bio
1067 4059 1094 4104 et
1107 4054 1183 4119 r'nsru
1197 4051 1251 4103 be’.

242 4133 277 4187 22
290 4132 367 4184 Greci
381 4150 408 4183 a.
512 4134 546 4185 21
560 4134 697 4184 dilectibus
711 4135 751 4199 (a)
762 4136 786 4184 b.
892 4135 925 4189 26
938 4134 1077 4184 anchoram
1092 4130 1144 4198 (a).

134 4225 211 4260 unum
223 4225 251 4261 a.
357 4211 1055 4280 lheognitnAldur,cognitoquea‘mas.plor·r'qare’.
1167 4207 1253 4259 blithi-

133 4284 173 4336 lus
186 4302 203 4336 e
217 4288 292 4339 ‘mre
305 4289 431 4354 plerique
443 4293 471 4338 et
482 4288 664 4340 uetustiores&
