2692 4688
484 172 806 240 —ld‘d—

83 372 156 414 uero
178 371 241 414 sec.
268 359 298 412 et
315 348 402 413 incid.
420 372 465 433 pr.
485 352 550 414 ‘iu'.
578 348 655 413 Hiuc
671 357 794 433 apparet
810 347 963 411 librarium
979 345 1145 409 orationem
1161 345 1207 408 sic

82 454 323 517 conformandam
339 463 478 537 putasse:
507 453 639 536 ‘imponit
663 452 693 513 iu
710 451 834 513 alteram
850 450 966 513 insulae
980 449 1117 530 partem'.
1144 446 1205 511 lta·
1253 488 1259 495 -

83 577 139 637 qoe
155 557 403 640 praepositionem
422 555 473 618 ‘in'
491 557 600 619 deleui.

168 655 253 739 Quae
269 668 447 741 sequuntur,
465 658 506 720 ita
523 680 539 720 a
555 655 760 742 superioribus
776 654 854 717 edita
867 664 957 718 suot:
978 651 1207 735 ‘deprimoim-

81 770 179 843 petunt
203 771 372 823 nostrorum
394 761 507 844 pariter
532 762 758 822 sustinuerunt:
785 778 844 819 uuo
867 758 945 819 enim
968 768 1102 840 tempore
1118 767 1206 821 etex

82 863 171 927 tectis
186 862 389 925 aedificiorum
406 861 630 946 propugnabant
645 871 677 923 et
691 861 907 923 littorearmati
917 859 1130 937 defendebant,
1147 880 1207 943 qao

82 975 206 1048 propter
220 966 412 1048 asperitatem
429 964 485 1028 loci
503 986 562 1027 nou
579 964 674 1027 facilis
691 962 804 1026 nostris
820 963 916 1024 aditos
932 962 1069 1040 dabatur,
1093 972 1125 1025 et
1140 980 1208 1025 scn-

83 1068 148 1150 pbis
164 1068 350 1151 nauibusque
366 1068 462 1152 longis
478 1068 608 1149 quinque
624 1066 774 1129 mobiliter
789 1074 820 1128 et
834 1065 966 1127 scienter
977 1063 1133 1149 angustias
1148 1066 1208 1131 ioci

84 1169 256 1232 tuebantur.
288 1167 349 1234 Sed
375 1171 421 1233 ubi
448 1171 572 1253 primum
594 1168 667 1231 locis
692 1167 820 1251 cognitis
843 1164 985 1248 undisque
1000 1168 1207 1251 pertemptatis

83 1273 170 1355 pauci
194 1273 287 1335 nostri
310 1273 341 1335 in
364 1272 464 1336 dittore
486 1273 688 1335 constiterunt
704 1280 792 1354 atque
816 1271 870 1332 bos
893 1280 963 1331 strat
985 1269 1035 1332 adii
1052 1269 1207 1335 subsecuti

83 1384 313 1455 constanterque
329 1376 360 1437 in
375 1395 439 1449 eos,
458 1376 505 1456 qui
522 1376 552 1437 in
569 1373 670 1437 littore
693 1394 788 1455 aequo
805 1373 989 1448 institerant,
1007 1371 1147 1455 impeturn
1164 1373 1208 1439 de·

83 1487 204 1551 cerunt,
229 1498 332 1539 omnes
354 1473 495 1538 Pharitae
512 1486 594 1558 terga
612 1486 778 1538 uerterunt·
804 1472 860 1536 His
876 1474 968 1558 pulsis
987 1474 1122 1537 custodia
1138 1496 1208 1559 por-

84 1589 132 1640 tus
156 1578 262 1641 relicta
283 1578 320 1640 ad
340 1579 440 1641 littora
463 1588 494 1640 et
515 1577 613 1640 uicum
639 1576 823 1661 applicarunt
846 1597 937 1659 seque
960 1597 1000 1639 ex
1023 1577 1149 1641 nauibus
1169 1580 1208 1643 ad

84 1681 194 1744 tuenda
216 1679 349 1743 nedidcia
371 1680 549 1743 eieceruut'.
576 1677 720 1763 Apertum
736 1690 801 1757 est,
826 1679 875 1760 qni
891 1679 927 1742 ad
944 1678 1045 1742 littora
1061 1689 1094 1741 et
1107 1681 1206 1745 uisu!

83 1783 311 1866 applicauerunt
326 1802 417 1865 seque
434 1803 475 1845 ex
490 1782 617 1844 nauibus
634 1782 800 1859 eiecerunt,
819 1802 871 1844 eos
890 1780 1109 1863 intellegendos
1124 1802 1206 1861 essa,

83 1885 132 1966 qui
149 1905 237 1967 supra
259 1885 377 1968 scaphis
401 1885 585 1966 nauibusque
600 1883 698 1968 longis
713 1885 844 1967 quinque
859 1883 1009 1945 mobiliter
1029 1893 1061 1946 ct
1075 1883 1212 1949 scienter

83 1988 237 2069 angustias
254 1987 310 2049 toci
328 1986 414 2048 tutati
429 2006 497 2049 esse
513 1987 661 2049 dicontur.
687 1983 791 2069 ltaque
808 1987 884 2050 male
896 1987 926 2049 in
936 1986 1111 2069 quibusdam
1126 1986 1210 2051 dete·

83 2088 214 2151 rioribus
229 2088 314 2151 codd.
332 2090 471 2171 seriptum
489 2098 536 2151 est
552 2088 594 2151 ‘bi
610 2087 710 2171 pulsi'.
734 2086 795 2152 Sed
811 2090 859 2171 qui
875 2091 916 2153 ita
926 2089 1037 2173 posuit,
1055 2090 1212 2173 perspexit

85 2191 230 2253 extremis
253 2192 353 2254 uerbis
376 2191 542 2254 subiectum
558 2191 723 2255 addendum
741 2192 845 2256 inisse.
871 2190 903 2254 ln
920 2189 1033 2254 dnobus
1049 2191 1210 2257 deteriori·

83 2292 140 2357 bus
162 2294 263 2367 codd,
291 2292 371 2375 fleg.
395 2304 425 2356 et
440 2290 554 2370 Noru,
577 2293 688 2374 legitur
711 2294 857 2356 ‘custodia
874 2304 977 2377 portus
993 2293 1097 2357 relicta
1114 2314 1210 2361 annes

84 2397 121 2458 ad
145 2396 246 2459 littora
268 2406 299 2458 et
321 2397 419 2458 uicum
442 2395 696 2478 applicauerout':
727 2397 813 2477 idque
836 2392 1068 2479 Oudendorpius
1090 2396 1121 2459 in
1143 2397 1209 2461 suis

84 2516 201 2578 quoque
218 2497 365 2580 plerisque
382 2497 467 2559 codd.
487 2496 545 2580 legi
561 2496 615 2570 ait,
641 2498 667 2560 si
683 2500 836 2583 excerptis
851 2498 889 2561 sit
907 2499 978 2562 fides
996 2497 1142 2562 babendo.
1165 2494 1209 2563 Se

85 2596 181 2681 ipsum
197 2618 270 2661 uero
292 2618 388 2680 neque
409 2600 439 2661 in
453 2596 541 2661 Leid.
560 2619 605 2681 pr.
622 2619 717 2686 neque
733 2600 763 2663 in
780 2601 882 2685 primis
903 2600 969 2663 edd.
989 2600 1106 2664 ‘naues'
1122 2601 1210 2665 inue-

84 2699 311 2765 nissealbrmat.
336 2697 785 2786 Nunciureliquisoptimislegi
797 2699 1209 2767 nreaeoliatioPar.see.do·

85 2813 144 2867 oet.
169 2799 229 2865 Sed
245 2803 327 2880 licet,
345 2824 410 2865 cum
428 2823 520 2865 naues
535 2803 730 2885 applicauisse
747 2803 897 2879 dicuntur,
914 2804 1008 2889 prima
1017 2806 1109 2868 uerba
1124 2816 1210 2871 reeta

85 2906 158 2982 sint,
185 2916 283 2968 tamen
305 2916 365 2968 tum
388 2905 500 2988 reliqua
524 2905 599 2967 adici
617 2926 675 2968 oon
699 2917 836 2989 poteraut
854 2915 957 2988 ‘seque
974 2927 1014 2969 ex
1030 2908 1158 2971 nauibus
1172 2908 1210 2973 ad

87 3008 195 3071 tuenda
217 3008 350 3071 aedificia
375 3006 539 3070 eieceruut'
562 3007 643 3070 uullo
658 3018 741 3070 certo
758 3009 891 3072 subiecto
907 3009 1087 3093 significato.
1111 3008 1208 3075 Recte

86 3109 159 3174 baec
174 3130 192 3172 a
206 3108 321 3173 luriuio
337 3112 379 3174 ita
394 3111 549 3173 emendata
565 3121 652 3173 suut:
674 3108 742 3173 ‘His
759 3110 850 3194 pulsis
866 3112 1019 3174 custodiae
1027 3111 1209 3194 portusreli·

86 3212 127 3274 cti
144 3232 236 3275 naues
251 3215 288 3275 ad
305 3214 406 3275 littora
421 3222 451 3275 et
465 3212 905 3296 uicumappdiraruntsequeex
915 3212 1088 3277 nauibusad
1098 3214 1207 3279 tuenda

86 3312 218 3376 aedificia
235 3314 410 3377 eieceruut'.

170 3413 260 3479 Initio
284 3438 311 3478 c.
336 3416 375 3477 21
402 3416 474 3479 baec
496 3417 691 3499 legebantur:
720 3413 859 3496 ‘Caesam
877 3420 973 3502 quoad
989 3419 1086 3502 potuit
1100 3419 1208 3483 cobor-

88 3519 178 3581 tsndo
199 3539 270 3581 suos
294 3517 330 3580 ad
354 3531 472 3601 pontem
495 3540 531 3582 ac
547 3520 729 3583 munitiones
746 3522 938 3600 (uertendum,
964 3523 1068 3586 eodem
1084 3522 1116 3585 in
1131 3520 1211 3606 peri·

85 3618 153 3682 culo
169 3632 307 3683 uersatus
324 3633 382 3698 est,
400 3622 1066 3705 postquamuniuersoscedereanimaduertit,
1084 3626 1210 3689 insanin

86 3721 236 3805 nauigium
253 3742 286 3785 se
303 3722 437 3805 recepit'.
465 3721 525 3786 Sed
544 3724 634 3787 uerba
649 3723 1111 3809 ‘quoadpotuit-cooteodcre'
1128 3725 1209 3791 nudo

87 3822 174 3885 modo
190 3834 272 3886 recte
288 3824 407 3887 babent.
434 3821 507 3888 Siue
523 3828 601 3889 eninr
618 3824 781 3890 Caesarem
797 3828 980 3891 cohortando
995 3850 1087 3906 suos,
1112 3827 1209 3914 quoad

86 3925 244 4007 potuisset,
259 3936 294 3987 ut
309 3926 346 3987 ad
364 3937 481 4008 pontem
498 3930 726 4005 contenderent,
745 3930 774 3991 iu
790 3929 893 3992 eodem
910 3930 1041 4013 periculo
1059 3940 1210 3995 uersatum

85 4046 153 4090 esse
168 4027 226 4090 dici
242 4027 418 4101 statuimus,
444 4029 508 4091 siue
529 4032 626 4113 quoad
649 4032 798 4115 potuisset
817 4032 881 4117 ipse
897 4033 932 4095 ad
950 4044 1070 4117 pontem
1085 4044 1212 4098 moten-

85 4129 175 4207 derc,
196 4140 352 4211 utrumque
373 4130 505 4214 ineptum
520 4141 586 4209 est,
610 4155 675 4196 cum
699 4137 726 4199 ei
743 4156 840 4218 neque
856 4135 1032 4201 cohortandi
1055 4134 1211 4218 nequead

86 4240 205 4312 pontem
228 4233 424 4295 contendendi
448 4234 573 4297 taciittas
596 4256 733 4318 umqumm
756 4239 932 4322 eriperetur.
973 4234 1091 4303 Deinde
1115 4240 1211 4322 ipsum
