2692 4688
499 217 644 290 cartu
667 221 815 287 te-tr.
1215 216 1280 285 ⁷2⁹

100 407 131 461 et
146 393 241 460 saucii
257 393 369 476 aliquot
384 393 559 458 occiderunt
574 393 634 457 leni
648 403 811 457 armatura.
843 389 891 456 Eu
913 401 1002 455 nocte
1017 391 1220 476 speculatores
1235 390 1255 456 5

99 498 200 584 prensi
223 495 304 560 serui
321 506 356 559 tlt
377 506 408 559 et
423 515 499 559 unus
514 516 556 558 ex
572 495 689 580 legione
705 494 876 559 uernacula.
909 491 1000 558 Serui
1015 504 1085 557 suunt
1105 495 1136 558 iu
1152 516 1221 559 eru·

100 621 164 664 cem
180 598 300 677 sublati,
317 599 403 662 militi
420 598 555 662 ceruices
572 598 718 662 abscisae.
742 597 873 663 Postero
889 597 936 661 die
949 597 1063 679 equites
1079 617 1144 660 cum
1159 596 1219 661 leui
1237 597 1277 667 21

100 712 253 765 armatura
276 723 316 766 ex
336 701 578 766 aduersariorum
601 700 709 764 castris
731 700 767 764 ad
784 722 839 765 nos
857 701 1096 783 transfugerunt.
1127 696 1171 761 Et
1185 696 1257 762 e02

64 816 80 866 tt
105 813 236 888 tempore
252 804 374 868 circiter
387 815 435 868 XL
450 804 566 887 equites
580 802 618 868 ad
640 813 800 885 aquatores
824 813 944 867 nostros
966 810 1219 877 excucurrerunt,

99 905 259 970 nonnullos
281 906 514 984 interfecerunt,
537 907 608 970 item
629 906 704 969 alios
727 905 815 970 uiuos
837 904 1045 983 abduxerunt3
1076 925 1093 968 e
1116 903 1221 986 quibus

102 1009 182 1092 capti
197 1020 267 1072 sunt
282 1009 399 1090 equites
414 1018 485 1072 Vttt.
515 1005 690 1090 Insequenti
706 1007 754 1072 die
769 1006 930 1090 Pompeius
952 1007 1051 1071 securi
1073 1005 1221 1091 percussit
1235 1001 1255 1067 3

100 1112 234 1176 homines
250 1121 390 1189 Lxxtttt,
415 1111 463 1194 qui
480 1109 654 1175 dicebantur
669 1130 738 1174 esse
754 1111 886 1173 lautores
902 1105 1045 1173 Caesaris
1060 1108 1218 1186 uictoriae,

98 1213 230 1296 reliquos
252 1234 371 1276 uersum
387 1213 523 1296 oppidum
538 1212 628 1276 iussit
642 1212 765 1288 deduci3
790 1211 948 1293 exquibus
964 1213 1134 1294 effugerunt
1148 1220 1221 1274 cxx

44 1326 75 1379 tt
98 1325 129 1378 et
144 1317 181 1379 ad
197 1312 361 1380 Caesarem
378 1325 537 1379 uenerunt.
568 1313 636 1378 lloc
650 1315 813 1399 praeterito
830 1324 980 1397 tempore,
1002 1314 1098 1396 quiin
1114 1314 1219 1397 oppido
1233 1311 1277 1382 22

97 1418 218 1501 Ategua
233 1416 467 1483 Vrsauoneuses
483 1419 560 1502 capti
575 1429 661 1495 sunt,
680 1417 768 1501 legati
785 1416 909 1500 protecti
924 1426 995 1479 sunt
1010 1435 1074 1478 cum
1091 1417 1216 1494 nostris,

99 1521 142 1583 uti
161 1540 224 1583 rem
249 1531 363 1606 gestam
378 1519 648 1586 Vrsauonensibus
660 1521 828 1595 referrent,
845 1519 914 1601 quid
930 1529 1090 1602 sperarent
1104 1518 1141 1582 de
1156 1514 1216 1583 Cn.

97 1620 253 1706 Poutpeio,
270 1643 338 1687 cum
353 1623 490 1688 uiderent
505 1624 637 1709 hospites
651 1623 800 1707 iugulari,
824 1631 981 1705 praeterea
996 1619 1090 1685 multa
1104 1622 1220 1686 scelera

98 1723 135 1789 ab
150 1725 188 1789 iis
203 1726 281 1803 lieri,
299 1726 349 1808 qui
364 1725 503 1809 praesidii
520 1747 610 1790 causa
632 1724 668 1790 ab
692 1723 738 1788 bis
759 1724 976 1807 reciperentur.
1009 1719 1069 1806 Qui
1091 1745 1159 1787 cnm
1183 1724 1257 1789 ad2

42 1836 74 1889 tt
98 1827 233 1911 oppidum
250 1828 418 1903 uenissent,
436 1828 550 1905 nostri,
568 1829 617 1909 qui
634 1829 762 1891 luissent
776 1826 892 1908 equites
907 1824 1038 1888 Romani
1053 1837 1084 1889 et
1098 1837 1218 1891 senato·

96 1949 159 2006 res,
177 1949 237 1991 non
252 1939 323 1991 sunt
338 1927 404 1991 ausi
419 1928 546 1992 introire
561 1929 592 1991 in
608 1927 757 2012 oppidum,
774 1938 983 2013 praeterquam
1000 1927 1050 2010 qui
1066 1928 1131 1991 eius
1146 1928 1220 1992 ciui·

99 2029 170 2095 tatis
187 2028 325 2093 luissent.
359 2025 493 2110 Quorum
515 2029 672 2113 responsis
695 2031 775 2093 ultro
797 2028 931 2111 citroque
953 2030 1084 2114 acceptis
1107 2042 1139 2096 et
1152 2031 1256 2097 red-3

98 2133 169 2196 ditis
191 2152 257 2195 cum
278 2130 316 2194 ad
338 2141 460 2195 nostros
482 2152 516 2196 se
537 2131 726 2215 reciperent,
751 2131 800 2215 qui
821 2141 909 2196 extra
925 2132 1062 2215 oppidum
1077 2134 1218 2211 fuissent,

97 2233 141 2298 illi
163 2233 314 2318 praesidio
334 2233 465 2298 insecuti
486 2254 527 2298 ex
547 2234 707 2299 auersione
721 2235 838 2317 legatos
853 2233 1034 2317 iugulamnt.
1064 2231 1134 2298 lluo
1148 2236 1220 2299 reli·

40 2345 75 2399 21
98 2336 148 2420 qui
169 2355 210 2400 ex
232 2336 276 2400 eis
300 2337 461 2422 fugerunt,
479 2332 608 2402 Caesari
623 2359 686 2402 rem
701 2346 817 2422 gestam
832 2334 1004 2400 detulerunt
1020 2380 1171 2399 ......
1189 2349 1220 2401 et

98 2438 302 2522 speculatores
332 2439 368 2502 ad
397 2441 533 2525 oppidum
555 2441 705 2524 Ateguam
730 2440 887 2505 miserunt.
925 2435 986 2522 Qui
1015 2460 1081 2503 cum
1104 2440 1256 2504 eertuml

97 2539 313 2624 comperissent
337 2541 504 2628 legatorum
526 2563 672 2628 responsa
692 2543 736 2608 ita
757 2565 825 2609 esse
847 2554 950 2629 gesta,
974 2543 1218 2627 quemadmodum

95 2642 140 2707 illi
154 2642 342 2723 retulissent,
359 2645 397 2708 ab
412 2646 567 2730 oppidanis
582 2666 731 2711 concursu
746 2648 824 2710 lacto
839 2668 919 2726 eum,
936 2647 985 2730 qui
1002 2646 1117 2730 legatos
1132 2647 1219 2730 iugu-

98 2744 202 2824 lusset,
221 2747 354 2830 lapidare
377 2758 408 2813 et
428 2749 457 2812 ei
479 2768 585 2813 manus
600 2748 749 2813 intentare
764 2759 947 2832 coeperunt:
969 2748 1050 2812 illius
1071 2767 1162 2832 opere
1185 2768 1219 2812 se

41 2856 75 2911 2⁵
98 2849 222 2931 perisse.
250 2847 297 2913 lta
312 2852 365 2914 uix
380 2851 512 2935 periculo
528 2851 672 2916 liberatus
688 2851 774 2935 petiit
789 2851 825 2914 ab
841 2851 1007 2937 oppidanis,
1025 2860 1057 2913 ut
1072 2850 1100 2913 ei
1114 2848 1219 2913 liceret
1233 2847 1254 2912 5

99 2947 229 3033 legatum
254 2953 290 3015 ad
307 2948 469 3019 Caesarem
487 2954 656 3041 proficisci:
681 2953 724 3019 illi
745 2975 779 3019 se
795 2955 1030 3020 satisfacturum.
1062 2948 1255 3016 Potestateb

97 3053 167 3116 data
183 3075 249 3116 cum
265 3055 333 3117 inde
348 3068 430 3120 esset
442 3059 605 3142 proiectus,
623 3057 773 3141 praesidio
789 3067 972 3140 comparato,
990 3052 1141 3119 eumbene
1156 3074 1219 3118 me·

97 3175 186 3241 gnam
201 3176 321 3219 manum
339 3160 460 3222 lecisset
475 3169 505 3222 et
520 3170 667 3222 nocturno
683 3169 817 3243 tempore
840 3180 893 3243 per
914 3156 1061 3223 fallaciam
1082 3158 1114 3221 in
1136 3157 1219 3244 oppi-

98 3259 166 3322 dum
188 3267 271 3322 esset
292 3271 447 3345 receptus,
473 3259 687 3345 iugulationem
710 3283 849 3346 maguam
872 3262 942 3326 lacit
964 3260 1216 3347 principibusque,

206 3438 217 3488 l
233 3439 286 3489 leni
300 3455 317 3489 a
330 3441 354 3504 b,
369 3455 401 3491 ex
414 3440 467 3490 leni
480 3455 507 3490 u.
522 3439 553 3492 P.
566 3440 610 3493 26.
750 3443 767 3494 2
779 3442 865 3507 prensi
878 3457 895 3492 a
909 3444 934 3507 b,
947 3441 1070 3509 prehensi
1082 3456 1107 3490 u.

96 3517 112 3568 3
125 3516 203 3567 militi
216 3518 231 3567 1
245 3518 313 3568 dett.
329 3520 367 3569 ‘et
378 3519 454 3583 atte’,
469 3518 595 3569 militibus
607 3534 624 3569 a
635 3518 746 3585 reliqui.
870 3524 886 3573 1
899 3528 926 3571 et
938 3537 991 3572 om.
1010 3520 1035 3570 b.
1157 3519 1218 3570 bxu

95 3609 154 3660 ego,
168 3610 195 3644 nr
209 3594 285 3648 codd.
298 3596 328 3645 P.
342 3597 441 3671 239..
508 3598 926 3665 excurrernut‘mss.pleriqna’.
1030 3597 1220 3650 dudduxernut

96 3685 113 3721 a
128 3671 201 3722 ‘mre
212 3670 350 3737 plurtmd.
490 3689 504 3724 e
518 3675 611 3740 quibus
622 3689 640 3725 a
654 3677 679 3738 b,
692 3692 725 3726 ex
739 3675 870 3741 equitibus
882 3692 912 3727 o.
1044 3675 1152 3726 ilexxiv
1162 3672 1216 3740 (α).

205 3753 337 3804 euersum
351 3768 367 3803 a
381 3752 405 3816 b,
421 3753 447 3804 in
460 3753 548 3805 Aldus
560 3769 588 3805 u.
695 3753 819 3819 ingerunt
830 3771 858 3806 o.
964 3753 995 3805 10
1007 3755 1150 3821 praeterito
1162 3769 1216 3804 ont.

96 3829 121 3879 b.
228 3829 257 3880 ll
268 3829 368 3895 Ategua
380 3829 469 3880 Aldus
481 3834 510 3881 tn
522 3845 604 3894 corr„
619 3830 738 3883 Articula
751 3832 830 3883 codd.
935 3830 1132 3883 Vrranoneuses
1143 3836 1172 3882 at
1185 3832 1217 3887 12

94 3904 322 3957 Vrsuuonensibus
332 3905 525 3974 Glnudorpiur,
537 3908 748 3960 llnrsauonensee
762 3915 789 3960 ot
796 3909 1040 3962 Bursauonensibus
1052 3925 1069 3960 a
1081 3909 1216 3966 1112111.

205 3986 336 4050 prosecuti
350 3987 374 4035 b.
487 3988 519 4040 ll
532 3985 577 4052 iis]
591 3986 613 4037 is
625 4002 653 4051 a,
668 3986 708 4037 liis
714 3988 744 4053 f.
855 3985 908 4053 bis]
922 3987 946 4040 is
958 4003 985 4039 a.
1090 4004 1147 4039 eura
1160 4003 1214 4040 om.

93 4063 188 4117 codd.-
204 4061 262 4113 ‘aad
273 4066 374 4114 rectius
386 4065 491 4116 aberrat
503 4066 566 4132 qni'.
720 4067 750 4118 ll
759 4081 866 4134 qnorum
877 4094 913 4106 -
924 4066 982 4133 (18)
997 4065 1110 4119 [uiuent
1122 4083 1175 4118 ont.
1189 4069 1213 4120 b.

204 4141 295 4192 aestua
308 4157 335 4192 a.
443 4141 764 4206 raincouo.‚1111oeu.
866 4124 1217 4209 incatenantuos‚‘aouee

94 4220 167 4270 sione
181 4220 258 4272 codd.
374 4220 408 4272 2⁰
421 4234 454 4272 ex
467 4221 506 4272 eis
521 4219 617 4285 ‘mre-⁹,
629 4220 669 4273 eis
682 4237 716 4287 a,
729 4221 773 4290 qui
786 4238 819 4273 ex
831 4223 872 4275 eis
883 4238 914 4273 u.
1021 4222 1168 4272 beenon
1179 4229 1234 4274 ees

96 4303 202 4351 notam.
215 4301 245 4352 P.
256 4299 307 4355 239
320 4304 393 4353 ectr.
499 4299 672 4355 lbelom.
775 4301 989 4359 Μυκη.
1094 4284 1261 4345 ΜΨ*
