2692 4688
37 190 102 265 362
432 190 492 261 ΒΕ
512 189 664 267 uentu.
681 186 884 263 eunnmo.

96 361 175 439 tibus
190 382 305 427 sumere
319 362 386 426 loce
400 375 491 429 naurs
505 361 688 447 Tasgetius,
712 363 798 427 cuius
820 362 948 427 naiores
959 361 1002 425 iu
1021 376 1084 425 sue?
1092 362 1217 429 ciuitate

58 463 79 528 2
94 485 218 550 regnum
228 464 430 535 obtinuerant.
448 464 652 532 lduicCaesar
667 487 721 550 pro
736 466 801 531 eius
816 466 928 530 uirtute
936 474 1025 547 etque
1039 463 1071 529 ie
1078 484 1114 529 se
1125 464 1217 531 berne-

95 566 246 646 nolentia,
271 569 348 651 quod
368 569 400 633 iu
414 569 550 633 omnibus
565 568 652 634 bellis
668 568 813 651 singulari
828 569 893 631 eius
905 582 998 651 opere
1014 568 1213 643 decretusne,

59 669 81 737 ll
95 669 240 745 maiorum
256 671 355 735 locum
370 672 556 737 restituerat.
594 669 732 736 Tertium
748 671 805 733 ianr
822 670 900 733 burte
915 684 1026 733 annum
1041 681 1218 753 regnantem

93 772 223 837 inimicis
239 773 340 837 multis
355 773 451 856 palens
467 795 506 838 ex
530 774 652 838 ciuitate
675 785 708 839 et
728 773 768 835 ils
784 772 955 837 auctoribus
969 793 1038 836 euin
1053 771 1216 837 interiece-
1237 784 1253 836 t

59 873 80 938 l
95 885 178 938 runt.
209 871 355 938 Defertur
369 896 406 938 ea
420 896 470 938 res
486 876 521 938 ed
540 873 714 940 Caesarem.
746 872 801 939 llle
818 876 951 967 ueritus,
969 875 1047 957 quod
1063 875 1100 938 ad
1117 875 1218 958 plures

44 994 51 1043 ’.
71 977 280 1061 pertinebat,
303 998 342 1041 ne
364 977 471 1041 ciuitas
495 995 597 1042 eerurn
612 978 732 1063 inpulsu
747 977 905 1054 deiiceret,
927 974 1056 1041 Lucium
1071 974 1217 1043 Plancum

94 1100 162 1143 eum
177 1079 297 1165 legione
312 1100 354 1143 ex
368 1077 476 1163 Belgio
492 1081 632 1145 celeriter
646 1082 677 1144 in
693 1076 844 1145 Carnutes
859 1079 1007 1163 proticisci
1023 1078 1104 1169 iubet
1117 1079 1217 1162 ibique

94 1182 227 1247 biennare
243 1202 426 1268 quorumque
443 1204 534 1266 opera
550 1194 736 1266 cognouerat
749 1180 925 1265 Tasgetium
941 1180 1145 1258 interiectum,
1162 1181 1218 1247 boe

59 1282 317 1367 desponsam
333 1286 369 1348 ad
385 1305 419 1349 se
435 1284 565 1349 mittere.
609 1283 733 1349 leterius
749 1286 786 1348 ab
803 1284 939 1347 omuibus
954 1284 1063 1368 legatis
1076 1294 1221 1366 quaesto·
1242 1294 1278 1349 tt

93 1405 198 1469 reque,
217 1387 323 1469 quibus
339 1388 653 1473 legionestradiderat‚
670 1389 887 1452 certiorlaetus
902 1397 950 1449 est
964 1388 994 1449 in
1011 1385 1135 1449 hiberna
1150 1406 1219 1470 per·

37 1486 82 1556 26
97 1498 219 1551 uentum
241 1489 398 1571 locumque
421 1489 553 1554 bibernis
576 1510 644 1555 esse
668 1491 826 1553 munitum.
874 1487 987 1552 Diebus
1009 1488 1132 1553 circiter
1152 1496 1215 1564 xv,

95 1587 201 1672 quibus
225 1589 257 1653 in
279 1589 403 1661 biberna
419 1602 540 1655 neutum
557 1602 623 1665 est,
645 1593 761 1655 initiunt
784 1591 934 1675 repentini
957 1589 1100 1654 tumultus
1114 1604 1152 1653 ec
1166 1590 1219 1655 de·

59 1690 236 1759 2leetionis
252 1702 350 1755 oetam
367 1702 415 1757 est
429 1693 466 1757 ab
481 1694 657 1777 Ambiorige
673 1705 704 1758 et
718 1689 904 1772 Catuuolco,
921 1693 988 1775 qui,
1007 1713 1074 1755 enm
1088 1692 1126 1755 ed
1142 1693 1218 1758 bees

94 1794 181 1879 regni
195 1794 242 1859 sui
258 1791 374 1859 Sabino
390 1789 558 1878 Cottaeque
574 1809 695 1882 praesto
720 1797 850 1861 luissent
874 1798 1114 1876 frumentumque
1128 1795 1160 1858 in
1175 1794 1219 1859 bi·
1241 1805 1277 1861 tt

93 1895 188 1963 bettra
210 1898 489 1981 contremuissent,
515 1895 710 1963 lndutionrari
725 1897 855 1963 Treueri
876 1897 989 1962 nuntiis
1011 1896 1123 1979 inpulsi
1144 1916 1218 1963 sues

97 1999 327 2064 concitauerunt
341 2000 496 2083 subitoque
512 2003 666 2087 oppressis
681 2002 879 2086 lignatoribus
887 2019 996 2083 magna
1009 2016 1101 2063 noenu
1115 1998 1154 2063 ad
1167 2018 1219 2063 ee·

60 2097 81 2164 3
96 2110 161 2165 stra
176 2113 376 2185 oppugnatum
393 2115 552 2169 uenerunt.
600 2101 677 2168 Cum
692 2105 835 2169 celeriter
857 2103 953 2167 nostri
968 2116 1052 2165 arose·
1065 2100 1221 2184 cepissent

97 2202 265 2286 uallumque
287 2206 514 2272 adscendissent
533 2217 624 2290 etque
646 2226 705 2271 una
727 2226 769 2271 ex
790 2216 877 2290 parte
898 2203 1042 2289 llispanis
1068 2200 1217 2285 equitibus

96 2306 215 2373 emissis
238 2310 370 2390 equestri
391 2310 504 2394 proelio
519 2310 691 2393 superiores
708 2311 852 2385 luissent,
877 2308 1034 2391 desperate
1055 2303 1214 2369 robustea
1238 2313 1278 2368 2⁰

61 2406 168 2474 lenos
182 2410 221 2472 ab
237 2413 456 2495 oppugnatione
471 2413 671 2476 reduxerunt.
687 2411 830 2476 Temeno
840 2431 922 2476 inore
938 2409 1215 2484 conclamauemnt,

96 2511 140 2573 uti
154 2511 244 2592 aliqui
261 2533 299 2575 ex
316 2514 430 2578 nostris
446 2515 482 2576 ad
498 2515 683 2596 conloquium
700 2514 849 2598 prodiret:
868 2514 978 2578 babere
993 2532 1074 2588 sese,
1090 2524 1168 2593 quae
1182 2509 1220 2575 de

98 2631 133 2677 re
147 2612 296 2675 communi
313 2613 413 2677 dicere
429 2616 552 2693 uellent,
570 2617 677 2699 quibus
685 2618 775 2681 rebus
784 2617 1008 2681 corrtrouersiue
1022 2613 1114 2679 mirnui
1130 2626 1220 2696 posse

40 2712 83 2782 27
98 2724 269 2797 sperarent.
299 2711 433 2779 Mittitur
453 2718 491 2781 ad
514 2738 567 2783 eos
588 2720 787 2803 conloquendi
809 2740 900 2783 musa
923 2715 1019 2781 Gaius
1039 2714 1218 2799 miudes,

98 2834 192 2901 eques
206 2814 379 2895 Romanus,
406 2819 564 2885 lanuilinris
580 2818 686 2902 Quinti
701 2821 830 2901 Titurii,
856 2832 888 2886 et
910 2814 1163 2901 Quietus-luni*
1176 2834 1220 2881 0¹
1239 2824 1277 2881 2⁵

96 2954 168 3007 tlbes
181 2956 229 3006 bo.
332 2956 344 3007 l
361 2955 505 3021 Teegeoius
518 2959 592 3011 ‘mea
605 2961 712 3011 miriti'.
816 2959 894 3010 buius
906 2958 1019 3009 saniem
1031 2955 1056 3007 Β
1067 2934 1220 3021 ’[2ηήὖά

205 3036 220 3089 2
234 3051 279 3101 prc
293 3050 339 3086 eun
352 3036 451 3087 uirtute
464 3038 488 3088 b.
593 3038 771 3089 beniuolentia
784 3039 828 3088 Be
844 3036 927 3087 ‘meu'
1015 3037 1029 3085 b
1043 3032 1156 3084 inimicis
1168 3032 1221 3081 len

96 3110 185 3163 mltis
204 3112 288 3177 pelnrn
307 3113 363 3162 AB
372 3113 424 3165 ΟΒ
433 3130 463 3176 ο,·
485 3115 582 3167 inimici
594 3116 678 3181 palum
691 3115 780 3167 multis
793 3130 817 3176 e,
831 3118 858 3163 et
871 3112 972 3163 inimici
990 3115 1076 3161 etium
1089 3110 1115 3161 2.
1130 3108 1162 3158 Ρ.
1176 3108 1220 3158 8⁰.

205 3188 278 3239 etiis
290 3189 314 3241 B
327 3194 366 3252 el,
388 3191 544 3256 dequibus,
567 3193 599 3243 iis
619 3209 654 3244 un
673 3193 713 3245 bis
734 3193 868 3253 babeant,
889 3204 943 3241 neu
961 3192 1087 3251 constet,
1110 3182 1218 3244 Avus

96 3274 151 3311 cer.
166 3262 234 3313 boe.
340 3267 542 3331 earnABCD,
557 3270 716 3322 enatae.
822 3266 954 3332 liupoton
966 3264 1000 3317 B.
1110 3260 1220 3313 usens-

95 3338 136 3403 B,
149 3337 181 3389 1..
196 3354 225 3391 u.
330 3344 416 3393 8cunr
430 3345 553 3409 religione
567 3349 602 3399 A.
720 3345 848 3399 Carnutes
863 3347 910 3395 be.
1032 3341 1222 3406 beogncoerat

95 3416 122 3471 Β
136 3417 370 3482 ‘eses.p1erique’,
385 3423 538 3484 cognouerit
550 3438 599 3474 eu.
705 3423 737 3474 ld
750 3423 942 3489 conprehensos
954 3421 989 3473 B.
1103 3416 1220 3483 nilum]

96 3496 188 3553 uenire
203 3497 227 3548 b.
332 3506 523 3566 quaesturaque
539 3501 716 3564 escensurus,
731 3500 963 3567 quaestoribusqne
977 3496 1056 3549 codd.
1067 3496 1101 3549 P.
1112 3497 1158 3548 st.

98 3573 131 3637 1⁴
143 3572 288 3625 Catuuolco
302 3574 325 3623 Β
340 3575 413 3625 ‘seen
424 3576 572 3642 ptm'qoan
586 3576 724 3628 Cetiuoleo
737 3593 765 3628 u.
900 3578 932 3629 ld
945 3573 1175 3643 conportenisseet
1185 3574 1220 3625 Β.

205 3648 373 3709 ledutioneri
385 3652 449 3717 (B),
463 3653 636 3706 lnducionreri
649 3669 676 3705 u.
795 3652 907 3705 'l'reuerl
919 3653 952 3704 B.
1075 3650 1174 3718 inpulsi
1186 3651 1220 3702 Β.

207 3727 238 3779 li
251 3728 283 3777 ed
296 3735 385 3779 castra
398 3738 569 3796 oppugnatum
581 3732 606 3782 B
617 3737 647 3783 et
656 3730 773 3797 reliqui,-
787 3732 819 3781 ad
833 3739 922 3781 eastra
934 3728 1104 3796 oppugnanda
1122 3728 1219 3792 abeo,

97 3810 187 3855 eastra
201 3813 416 3870 oppugnaturus.
527 3808 660 3863 tunsionis
676 3810 743 3859 boe.
866 3807 1223 3873 nosteanoenooppngu-

98 3882 171 3933 tiene
182 3884 207 3932 B
219 3883 279 3933 edd.
294 3890 358 3935 ente
371 3901 403 3948 u,
418 3901 487 3951 quae
502 3889 585 3936 tuec‘te
597 3887 687 3937 bootes
699 3887 732 3938 ab
745 3886 935 3954 oppugnatione
949 3900 1021 3935 suos.
1126 3884 1162 3939 22
1174 3882 1223 3935 ell-

100 3961 342 4028 qnlscb,nonB.
447 3964 658 4029 conloquiumll.
763 3964 1072 4032 prodiretABCDab,
1087 3962 1223 4029 prodirent

98 4052 150 4095 snt.
255 4037 288 4091 23
300 4053 376 4105 posse
388 4054 441 4090 em.
453 4040 478 4091 b.
566 4042 599 4095 at
612 4041 784 4107 conloquendi
797 4055 877 4092 cansa
890 4056 942 4091 em.
957 4056 970 4090 e
983 4036 1221 4107 (conloquendiB).

209 4110 290 4165 Gaius
307 4113 461 4180 Carpineius
474 4114 514 4177 B,
537 4116 546 4141 ‘
553 4116 582 4166 C.
605 4117 649 4167 uel
661 4115 693 4169 G.
708 4116 861 4184 Carpineius
875 4117 985 4181 ceteri',·
1000 4115 1082 4171 Gaius
1097 4114 1223 4183 Arpleiue

103 4196 132 4260 b,
154 4194 183 4246 C.
204 4192 325 4259 dupinius
339 4208 362 4242 e.
474 4193 507 4243 25
521 4193 634 4260 quiaque
648 4195 668 4244 ti
681 4193 789 4261 Titurii,
802 4192 891 4247 deleto
905 4209 965 4260 que,
976 4195 1001 4245 Β
1009 4211 1019 4258 5
1033 4192 1065 4260 Q.
1077 4190 1175 4247 liunt
1187 4209 1215 4244 u.

210 4272 319 4340 Quintus
333 4272 370 4336 B,
386 4272 417 4338 Q.
431 4286 459 4322 et.
