2692 4688
545 164 848 234 ...7ss—

137 339 262 407 Rheno‘
277 352 309 406 et
326 339 375 403 ‘in
392 337 564 404 Oceanum'
580 341 639 403 iam
655 343 810 419 correxit,
832 338 882 423 qni
898 337 1029 402 codicem
1044 335 1262 404 Vindobonen·

137 463 201 507 sena
217 453 354 525 quartum
376 443 516 525 scripsit,
540 443 594 506 sed
608 444 736 507 retentis
751 441 955 528 superioribus
970 441 1071 505 uerbis
1095 443 1146 506 ‘in
1163 440 1263 508 Ocea·

137 566 207 608 num
222 543 346 607 inlinit’:
371 542 467 608 Aldus
484 544 584 608 omnia
606 545 668 618 ita,
693 556 831 629 utsupra
847 544 951 630 posui,
974 544 1084 624 edidit,
1111 545 1167 608 nisi
1184 545 1262 628 qood

138 647 236 710 minus
252 645 446 730 probabiliter
462 667 522 709 non
539 646 587 709 ‘ab
602 644 735 723 lllteno’,
753 648 805 711 sed
824 646 872 709 ‘ab
888 647 935 711 eo'
951 646 1084 729 scripsit.
1117 645 1194 711 Mihi
1209 669 1263 713 ue·

137 769 172 812 ro
188 748 242 826 ita,
260 759 293 812 ut
309 748 384 823 dixi,
403 743 567 812 Caesarem
585 769 618 812 re
633 769 704 812 uera
721 749 881 832 scripsisse
897 769 1072 834 persuasum
1088 758 1147 813 est.
1173 746 1263 832 Quod

137 851 217 916 enim
233 848 434 916 Schneiderus
451 871 509 914 non
526 850 660 934 intellegi
675 860 779 934 putat,
805 873 859 914 cur
873 849 960 916 Mosa
975 872 1037 914 non
1052 851 1170 937 longius
1185 853 1262 918 mili·

137 953 193 1018 ltus
208 975 350 1038 passuum
365 951 494 1017 LXXX
509 952 545 1016 ab
560 951 669 1015 Rheno
684 952 715 1016 in
724 949 880 1017 Oceanum
896 953 1021 1017 induere
1037 954 1165 1033 dicatur,
1182 957 1261 1039 quod

137 1078 233 1142 genus
249 1057 389 1141 loquendi
404 1056 443 1119 ibi
461 1055 556 1119 locum
574 1054 694 1134 habeat,
711 1054 761 1118 ubi
776 1057 893 1140 lougius
907 1057 1035 1141 spatium
1053 1068 1260 1141 expectasscs,

137 1159 187 1224 hic
202 1181 318 1246 quoque
333 1181 368 1224 ea
384 1156 556 1243 expectatio
571 1167 648 1221 erat.
694 1155 775 1221 Nam
798 1168 831 1222 ut
853 1159 911 1223 duo
934 1181 1041 1243 magua
1064 1152 1185 1224 domina
1201 1172 1261 1224 ιιιιι

139 1263 305 1348 propinquo
319 1263 417 1347 spatio
431 1262 463 1326 in
478 1280 562 1325 marc
577 1260 715 1335 exirent,
733 1281 807 1325 sane
822 1272 943 1346 praeter
957 1262 1196 1346 expectationem
1211 1283 1262 1328 ac·

138 1365 267 1429 uidebat.

227 1463 310 1530 Satis
326 1466 461 1530 diflicilia
475 1473 557 1541 sunt,
576 1487 653 1548 quac
668 1487 696 1530 c.
713 1465 768 1545 22,
787 1465 979 1550 dieguntur:
1009 1463 1160 1531 ‘Nauibus
1176 1467 1264 1533 circi·

140 1565 324 1632 terLXXX
332 1570 479 1631 onerariis
495 1567 609 1631 coactis
625 1568 860 1652 contractisque,
876 1577 947 1650 quot
962 1566 1037 1631 satis
1052 1587 1120 1632 esse
1135 1570 1172 1631 ad
1188 1571 1264 1637 duas

140 1671 387 1754 transportandas
403 1671 537 1756 legiones
553 1670 765 1747 existimabat,
791 1670 868 1753 qnod
889 1679 1047 1751 praeterea
1061 1670 1182 1734 nauium
1197 1670 1264 1736 lon·

141 1795 245 1859 garum
262 1773 402 1852 habebat,
420 1772 594 1856 quaestori,
611 1771 719 1857 legatis
734 1771 953 1856 praefectisque
967 1771 1125 1835 attribuit’.
1172 1770 1265 1839 Codi-

141 1895 208 1939 cum
225 1875 424 1960 discrepantia
440 1874 577 1939 hocloco
593 1875 668 1938 leuis
683 1884 742 1938 cst.
779 1871 862 1938 Nam
877 1894 930 1956 pro
949 1870 1124 1954 ‘LXXX’,
1141 1877 1192 1958 qui
1207 1898 1264 1941 nu·

141 1998 242 2041 merus
258 1979 289 2042 in
305 1978 390 2042 codd.
407 1977 604 2062 interpolatae
621 1975 749 2039 familiae
765 1987 797 2039 et
810 1974 985 2059 quibusdam
1006 1976 1206 2042 deterioribus
1221 1978 1265 2044 lc·

141 2079 225 2163 gitur
239 2081 491 2163 confirmaturque
513 2078 550 2143 alt
567 2076 677 2144 Orosio
694 2074 757 2154 Vl,
785 2075 825 2158 9,
850 2079 882 2141 in
906 2079 1030 2162 reliquis
1050 2079 1193 2164 scriptum
1218 2092 1266 2146 est

143 2181 339 2265 ‘octingentis
354 2183 529 2267 octoginta’.
553 2179 671 2245 Deinde
687 2201 747 2244 non
764 2187 855 2263 ‘quot
869 2180 959 2244 satis’
976 2191 1059 2258 cett,
1078 2183 1130 2245 sed
1145 2182 1264 2249 ratione

140 2283 172 2349 in
188 2285 432 2369 inscriptionibus
449 2305 563 2369 quoque
579 2293 741 2368 peruagata
767 2282 881 2364 ‘quod'
903 2283 934 2345 in
952 2283 1071 2365 optimis
1087 2284 1171 2347 codd.
1189 2286 1265 2350 scri·

141 2397 224 2472 ptum
239 2399 305 2452 est:
324 2387 476 2452 numerale
488 2386 645 2449 relatiuam
658 2383 955 2479 necessariopequiri
969 2397 1073 2469 postea
1085 2387 1263 2456 uidebimus.

141 2486 203 2553 Sed
218 2490 344 2572 pomum
358 2511 514 2574 perperam
535 2488 684 2571 octoginta
707 2507 801 2551 naues
823 2486 980 2552 onerariae
1002 2499 1124 2554 coactae
1145 2502 1266 2556 contra·

143 2600 269 2673 ctaeque
280 2592 430 2669 dicuntur,
448 2592 562 2655 duobus
576 2590 676 2654 uerbis
691 2591 768 2654 idem
784 2591 1022 2672 significantibus
1037 2592 1074 2655 de
1089 2612 1147 2655 una
1162 2615 1196 2657 rc
1212 2615 1265 2678 po·

142 2692 222 2755 sitis.
267 2691 379 2780 Neque
401 2694 430 2757 id
452 2694 670 2757 incommodum
686 2693 727 2756 ita
744 2712 901 2757 remouere
917 2693 1000 2771 licet,
1017 2696 1263 2777 quemadmodum

142 2790 329 2860 Schneidero
345 2796 440 2860 uisum
458 2809 516 2870 est,
534 2806 567 2860 ut
581 2805 704 2860 coactae
718 2794 1049 2879 naues·intellegantur
1071 2797 1200 2880 undique
1214 2819 1266 2862 ac·

142 2896 220 2962 citae
236 2909 267 2963 et
281 2899 445 2963 conuenire
459 2900 572 2975 iussae,
590 2907 774 2975 contractae,
792 2917 868 2981 quae
882 2897 941 2961 iam
958 2904 1174 2962 conuenerant.
1197 2898 1266 2964 linc

141 3001 221 3065 enim
238 3000 397 3066 discrimen
412 3003 443 3066 in
459 3002 518 3065 illis
533 3001 635 3064 uerbis
651 3022 711 3064 non
726 3001 819 3063 inest.
856 2998 983 3064 Accedit
997 3000 1092 3064 altera
1107 3001 1266 3067 dillioultas

142 3122 237 3185 caque
253 3104 360 3167 maior.
392 3101 431 3169 C.
450 3104 528 3168 enim
544 3099 598 3181 29,
615 3100 637 3165 2
652 3102 725 3167 laec
740 3102 899 3188 leguntur:
931 3099 994 3166 ‘lta
1012 3123 1071 3165 nno
1087 3111 1220 3187 tempore
1235 3114 1267 3167 et

142 3203 248 3286 longas
264 3225 370 3283 naues,
388 3206 494 3289 quibus
511 3202 628 3270 Cacsar
642 3207 809 3270 exercitum
830 3206 1089 3286 transportandum
1106 3217 1268 3270 canuerat

144 3325 276 3388 quasque
290 3307 321 3368 in
337 3307 453 3371 aridum
468 3309 673 3385 subduxerat,
696 3317 800 3371 aestus
815 3307 1034 3390 compleuerat,
1050 3317 1081 3371 et
1095 3307 1264 3385 onerarias,

143 3429 219 3491 quac
241 3409 278 3472 ad
302 3429 428 3472 ancoras
451 3420 539 3471 erant
564 3409 729 3493 deligatae,
761 3418 922 3491 tempestas
952 3408 1135 3473 afflictabat'.
1182 3408 1267 3474 llaec

143 3520 246 3594 aperte
261 3511 311 3585 iis,
329 3531 405 3592 quae
420 3511 575 3595 superiore
591 3512 657 3575 loco
670 3511 821 3594 leguntur,
838 3511 990 3573 contraria
1000 3522 1088 3574 sunt:
1105 3512 1268 3577 solisenim

143 3613 292 3676 onerariis
313 3613 354 3677 ibi
376 3612 511 3696 legiones
534 3623 756 3697 transportatus
779 3631 847 3675 esse
869 3613 1018 3676 dicuutur.
1065 3610 1268 3678 Schneiderus

143 3723 242 3778 autem
258 3714 362 3779 miram
387 3715 533 3800 quandam
550 3712 692 3780 Caesaris
716 3714 963 3778 consuetudinem
979 3717 1184 3801 excogitauit,
1211 3737 1269 3800 qua

137 3835 225 3893 -eum,
242 3817 319 3899 quod
335 3817 430 3881 altero
446 3819 512 3882 loco
527 3819 683 3895 omiserat,
700 3817 796 3880 altero
809 3817 964 3900 supplesse
974 3819 1146 3882 existimat:
1164 3819 1270 3906 deque

143 3937 179 3981 rc
201 3917 352 4002 disputare
380 3920 454 3983 nihil
481 3920 599 3984 attinet.
647 3916 700 3981 Ex
720 3918 772 3981 illa
791 3918 900 4003 duplici
923 3920 1099 3985 difficultate
1121 3920 1268 3987 euadendi

144 4038 235 4082 nnana
250 4021 396 4085 rationem
413 4023 549 4106 reperio,
574 4031 607 4084 ut
629 4030 799 4085 contractas
815 4042 908 4087 naues
923 4045 982 4087 non
998 4025 1117 4088 easdem
1133 4025 1190 4087 dici
1207 4034 1269 4088 sta·

144 4129 275 4199 mamus,
294 4144 370 4205 quae
385 4133 507 4188 coactae
522 4133 620 4197 erant,
638 4118 766 4186 LXXX
782 4126 949 4202 onerarias,
966 4128 1019 4190 sed
1033 4146 1125 4189 naues
1140 4145 1269 4210 genera·

144 4221 225 4304 liter,
243 4223 335 4289 uerba
351 4237 449 4291 autern
467 4232 552 4311 ‘quot
565 4226 639 4290 satis
655 4246 722 4291 esse
737 4227 774 4291 ad
790 4227 863 4292 duas
877 4227 1123 4315 transportandas
1130 4225 1279 4328 legiones„
