2692 4688
50 216 115 284 58⁰
477 208 534 274 brt
557 206 702 276 buteo
726 203 861 278 umet

109 383 297 468 insequentis
320 380 391 445 anni
415 391 547 445 mutuam
570 394 762 465 praeceperat
783 383 958 468 equitesque
983 382 1037 447 toti
1061 384 1235 466 prouinciae

73 480 94 545 3
108 481 318 563 imperauerat.
355 469 474 554 Quibus
490 475 603 538 coactis
619 474 750 539 finitimis
765 475 900 539 hostibus
915 473 1039 541 Parthis
1055 489 1122 560 post
1136 500 1170 543 se
1186 501 1235 544 re·

109 573 209 648 lictis,
237 569 286 651 qni
310 569 397 652 paulo
418 578 490 631 ante
507 564 551 630 Μ.
571 564 714 631 Crassum
739 569 949 653 imperatorem
972 571 1188 637 interfecerant
1202 587 1234 639 et

108 662 156 729 M.
174 662 313 727 Bibulum
328 663 359 724 in
376 662 531 725 obsidione
547 661 723 738 babuerunt,
742 663 875 745 legiones
892 665 1065 748 equitesque
1082 688 1124 732 ex
1140 667 1232 754 Syria

71 761 286 827 traduxerat.
334 752 544 838 Summamque
575 758 606 821 in
628 756 855 821 sollicitudinem
878 778 913 820 ao
935 759 1071 824 timorem
1095 760 1270 828 Parthicis

108 862 179 927 belli
210 859 455 944 prouinciarum
483 858 634 936 uenisset,
665 880 700 922 ac
723 860 884 924 nonnullae
906 860 1029 924 militnm
1054 884 1144 928 noces
1168 887 1234 929 oum

110 963 305 1045 audirentur,
323 982 403 1039 sese,
422 971 526 1024 contra
543 958 657 1023 bostem
672 961 700 1024 si
716 961 918 1039 ducerentur,
936 962 1050 1042 ituros,
1069 977 1175 1031 contra
1190 968 1233 1031 ci·

111 1087 178 1131 uem
200 1076 232 1128 et
254 1064 404 1127 consulem
421 1083 503 1125 arma
520 1083 578 1126 uon
595 1064 728 1141 laturos,
752 1064 886 1128 deductis
902 1060 1080 1149 Pergamum
1098 1080 1185 1152 atqne
1201 1070 1232 1133 in

110 1166 359 1251 locupletissimas
383 1163 472 1228 nrbes
494 1165 525 1227 in
549 1164 674 1227 hiberna
696 1165 865 1250 legionibus
886 1168 1033 1232 mammas
1057 1170 1232 1255 largitiones

111 1269 183 1334 iecit
198 1279 228 1331 et
244 1269 511 1331 confirmandorum
528 1267 651 1329 militnm
667 1287 759 1329 cansa
774 1267 955 1352 diripiendas
971 1271 1017 1333 bis
1033 1271 1169 1335 ciuitates
1183 1273 1233 1336 de·
1258 1284 1292 1337 tt

54 1371 101 1442 82
116 1371 169 1435 dit.
201 1367 324 1434 Interim
349 1369 542 1433 acerbissime
563 1369 726 1453 imperatae
749 1371 894 1453 pecuniae
917 1382 980 1434 tota
995 1372 1150 1455 prouincia
1165 1374 1232 1438 exi-

112 1474 269 1559 gebantur.
303 1469 399 1535 Multa
423 1483 577 1554 praeterea
601 1472 767 1553 generatim
791 1474 826 1535 ad
843 1473 999 1535 auaritiam
1016 1474 1232 1557 excogitaban-

75 1576 171 1640 2tnr.
204 1571 238 1635 ln
255 1574 352 1657 capita
375 1572 494 1656 singula
509 1592 665 1635 seruorum
682 1595 718 1637 ae
734 1573 893 1637 liberorum
910 1575 1050 1637 tributum
1067 1576 1230 1659 inponeba-

111 1685 181 1754 tnr;
206 1674 409 1753 columnaria,
425 1674 569 1752 ostiaria,
588 1675 791 1753 trumentum,
807 1674 934 1751 milites,
959 1696 1061 1753 arma,
1084 1677 1227 1762 remiges,

111 1787 274 1855 tormenta,
292 1786 434 1840 necturae
450 1775 694 1860 imperabantur,
718 1776 802 1841 cuins
817 1777 903 1842 modo
919 1777 964 1840 rei
979 1798 1087 1843 nomen
1102 1781 1230 1863 reperiri
1255 1792 1290 1844 to

77 1879 97 1945 3
112 1889 240 1965 poterat,
259 1879 314 1942 boc
329 1878 404 1942 satis
419 1897 487 1941 esse
502 1878 538 1941 ad
555 1880 704 1964 cogendas
719 1879 861 1963 pecunias
878 1880 1045 1943 uidebatur.
1090 1878 1163 1944 Non
1177 1901 1228 1945 so·

111 1982 169 2045 lum
193 1980 334 2058 urbibus,
368 1980 419 2042 sed
443 2000 538 2064 paene
560 1981 634 2045 uicis
656 1981 846 2064 castellisque
869 1982 994 2066 singulis
1018 2003 1083 2045 cum
1105 1983 1231 2067 imperio

109 2082 368 2168 praeficiebantur.
401 2079 460 2164 Qui
485 2083 588 2146 borum
612 2083 681 2166 qnid
697 2081 889 2147 acerbissime
910 2083 1171 2166 crudelissimeque
1188 2086 1231 2149 le·

74 2185 215 2264 deerat,
239 2185 265 2250 is
287 2197 317 2250 et
334 2186 381 2250 uir
395 2196 427 2249 et
441 2185 515 2249 ciuis
532 2186 660 2270 optimus
676 2183 850 2249 habebatur.
896 2183 975 2249 Erat
989 2186 1076 2271 plena
1093 2186 1227 2250 lictorum

110 2300 142 2352 et
156 2289 346 2372 imperiorum
363 2287 531 2371 prouincia,
549 2288 665 2351 dillerta
679 2287 837 2372 praelectis
847 2297 935 2370 atque
951 2288 1165 2367 exactoribus,
1181 2286 1231 2370 qni
1253 2297 1287 2351 2⁰

109 2401 229 2475 praeter
252 2390 411 2472 imperatus
434 2388 573 2470 pecunias
596 2408 651 2451 sno
675 2387 764 2451 etiarn
791 2388 908 2471 priuato
925 2390 1098 2474 compendio
1115 2388 1231 2453 seruie-

108 2492 198 2555 bant:
217 2488 391 2552 dictitabant
403 2489 480 2551 eninr
496 2487 624 2550 sedomo
640 2490 795 2572 patriaque
812 2490 955 2571 expulsos
972 2492 1108 2555 omnibus
1124 2511 1228 2555 neces·

107 2592 199 2675 apriis
216 2611 305 2674 egere
321 2588 424 2665 rebus,
444 2598 477 2650 nt
493 2589 618 2653 bonesta
634 2590 871 2675 praescriptione
887 2613 950 2655 rem
968 2593 1168 2677 turpissimam
1187 2603 1230 2656 te·

72 2680 227 2779 bgdrent.
260 2691 454 2756 Accedebant
474 2692 510 2754 ad
534 2691 607 2756 baec
629 2693 830 2776 grauissimae
851 2714 981 2772 rasurae,
1009 2694 1085 2775 qnod
1100 2694 1132 2756 in
1149 2694 1227 2758 bello

80 2782 84 2789 ¹
107 2798 280 2882 plerumque
296 2794 433 2859 accidere
449 2794 608 2858 cotrsneuit
624 2796 773 2860 uniuersis
788 2795 1104 2879 imperatispecuniis3
1122 2795 1229 2876 quibus
1253 2805 1286 2858 25

107 2899 139 2962 in
158 2900 246 2964 rebns
270 2898 465 2984 prolationem
490 2898 547 2963 diei
570 2898 758 2961 donationem
776 2916 843 2959 esse
860 2895 1007 2957 dicebant.
1056 2892 1160 2978 ltaque
1175 2915 1228 2957 aes

72 2997 94 3062 6
110 3000 237 3064 alienum
255 3002 425 3084 prouinciae
441 3021 477 3063 eo
492 2998 610 3063 biennio
626 2997 849 3080 multiplicatum
865 3006 922 3059 est.
950 2993 1060 3078 Neque
1075 2995 1172 3058 minus
1189 2996 1227 3058 ob

109 3120 174 3163 eam
190 3122 309 3166 causam
326 3103 440 3167 ciuibus
448 3100 593 3166 Romanis
609 3101 673 3164 eins
690 3098 873 3184 prouinciae,
891 3097 942 3163 sed
960 3099 989 3161 in
1005 3097 1139 3179 singulos
1157 3117 1229 3159 con·

108 3203 217 3256 uentus
239 3196 431 3279 singulasque
452 3197 590 3260 ciuitates
610 3205 711 3258 certae
733 3194 878 3277 pecuniae
898 3192 1140 3277 imperabantur,
1165 3214 1229 3257 mu·

107 3298 234 3370 tuasque
249 3288 316 3353 illas
332 3310 372 3352 ex
388 3289 648 3356 senatusconsulto
664 3289 746 3372 exigi
765 3288 959 3365 dictitabant,
986 3287 1171 3372 publicanis,
1197 3298 1230 3350 ut
1253 3298 1287 3350 ab

218 3461 229 3512 l
245 3468 397 3526 perceperat
409 3463 435 3510 b.
573 3463 590 3512 t
605 3461 711 3512 Purcbis
723 3476 801 3528 possa
815 3461 917 3512 relictis
928 3475 955 3510 u.
1088 3461 1105 3510 l
1118 3459 1187 3510 siria
1201 3475 1227 3510 a.

218 3537 232 3585 b
246 3551 421 3604 summamque
435 3540 460 3588 in
474 3541 677 3591 sollicitudinem
690 3554 720 3588 uc
732 3540 849 3588 timorem
863 3536 1063 3600 Elbarliags'ua,
1080 3550 1228 3600 summaque

107 3613 135 3663 ia
148 3611 324 3663 sollicitudine
337 3630 368 3664 nc
381 3616 473 3666 timore
485 3616 563 3666 codd.
670 3613 787 3665 Parebici
800 3630 827 3663 a.
932 3612 948 3664 b
960 3612 1094 3679 prouincia
1109 3613 1156 3675 be,
1171 3626 1229 3677 pro-

106 3690 220 3742 uinciam
234 3707 250 3741 a
258 3709 267 3753 ,·
281 3692 306 3741 in
321 3693 480 3758 prouinciam
492 3708 521 3742 u.
625 3707 683 3742 cum
696 3693 851 3743 audirentur
862 3707 878 3740 u
888 3693 902 3740 b
911 3706 954 3753 ce,
969 3697 1022 3739 tum
1036 3689 1190 3740 audirentur
1201 3705 1228 3739 rr.

217 3767 250 3818 tt
263 3767 425 3834 diripiundaa
439 3783 500 3818 cum
513 3782 566 3818 uno
579 3767 634 3817 det.
648 3783 677 3817 u.
783 3768 824 3818 bia
837 3783 854 3817 u
867 3765 927 3817 edd.
939 3768 1048 3830 priores
1056 3802 1065 3828 ,
1079 3765 1112 3815 iia
1125 3766 1157 3816 P.
1170 3765 1229 3816 Mu·

106 3846 204 3892 eutius
215 3858 242 3892 u.
350 3846 381 3897 13
394 3846 567 3912 imponebatur
578 3860 605 3893 a.
711 3844 741 3896 ll
756 3844 908 3910 eolupnaria
921 3857 948 3893 u.
1070 3856 1140 3892 arura
1155 3843 1230 3892 rami·

105 3933 154 3984 gea
165 3932 183 3968 a
198 3920 271 3969 ‘mre
283 3920 427 3986 pleriqna',
442 3922 552 3983 remiges
565 3934 634 3971 arma
645 3935 672 3970 u.
778 3921 809 3972 15
818 3917 1065 3971 cuiusmodoAldnr
1074 3921 1101 3967 in
1111 3920 1224 3983 corrig,

106 3993 249 4045 cuiusmodi
264 3995 339 4043 codd.
446 3997 572 4061 repperiri
580 4011 606 4045 u.
713 3994 948 4059 lbcognosceodas
962 3994 1085 4060 pecuniae
1097 4008 1124 4055 a,
1139 3995 1227 4060 copias

106 4074 232 4138 pecunias
247 4074 262 4121 b
275 4073 344 4134 (eici
351 4077 447 4137 potiar
459 4076 590 4138 cogendas
602 4073 716 4140 coplas).
824 4075 852 4126 ll
867 4088 932 4140 pene
941 4072 991 4135 (a).
1098 4070 1224 4122 lbacarb.

107 4150 210 4204 lacerat
223 4159 249 4202 at
262 4152 442 4201 crudelissime
457 4153 479 4201 ia
494 4153 518 4202 b.
643 4153 675 4204 lb
688 4152 765 4218 plane
777 4167 805 4202 a.
927 4150 961 4201 2⁰
974 4147 1117 4213 praelectis
1129 4147 1225 4205 Aldus,

106 4231 255 4298 praeceptis
268 4229 345 4280 codd.
497 4231 529 4280 ³0
542 4230 602 4280 illas
616 4246 646 4280 ex
661 4229 890 4281 senatusconsulto
904 4224 1006 4279 Aluan:
1021 4242 1052 4275 ex
1067 4227 1113 4277 illo
1127 4236 1148 4276 a·
1168 4241 1228 4275 con-

107 4313 177 4360 sulto
189 4326 216 4373 u,
231 4325 264 4360 es
276 4309 322 4360 illc
336 4323 364 4356 se
377 4308 496 4356 consulto
511 4307 594 4356 ‘mom'
698 4313 727 4354 nt
739 4320 755 4353 a
765 4306 789 4368 b,
806 4305 842 4353 uti
857 4319 883 4354 u.
908 4361 912 4369 ι
