2692 4688
549 268 863 340 castrat-au.
1260 271 1325 338 7⁰7

147 452 320 516 consuerat,
338 462 378 505 cx
392 443 530 526 proxima
545 443 675 527 legione,
692 463 769 527 qnae
785 444 813 508 ei
825 443 939 527 proelio
953 444 985 506 in
1000 443 1065 507 acie
1077 446 1264 524 constiterat,

146 545 229 609 iubet
244 543 389 626 equitatui
404 564 592 609 succurrere.
623 543 776 610 Labienus
797 545 918 610 interim
939 546 1004 610 suis
1019 543 1164 629 equitibus
1180 548 1267 609 ausi·
1281 545 1303 610 6

148 646 188 709 liu
204 645 354 728 equestria
370 646 555 710 summittere
576 649 745 732 sauciisqne
768 668 803 712 ac
819 647 990 731 defatigatis
1012 648 1147 732 integros
1162 666 1269 720 recen·⁴

148 745 335 829 tionibusqne
346 747 461 813 uiribus
473 749 587 832 equites
600 749 839 816 subministrare.
856 747 1019 832 Postquam
1032 748 1147 832 equites
1158 746 1267 812 loliani
1282 748 1303 813 7

110 862 126 911 5
150 858 233 912 cccc
248 849 309 912 uim
325 849 452 913 hostium
468 851 505 914 ad
522 861 568 913 nn
584 850 664 915 milia
678 873 803 918 numero
824 855 974 916 sustinere
995 871 1055 914 non
1077 861 1217 934 poterant
1239 861 1269 913 et

145 973 164 1015 a
179 950 238 1015 leni
253 962 405 1015 armatura
413 949 611 1016 Numidarum
624 954 858 1018 uolnerabantur
868 954 1094 1036 minutatimque
1109 952 1267 1030 cedebant,

147 1048 263 1117 Caesar
270 1052 394 1117 alteram
409 1053 486 1117 alam
501 1055 603 1132 mittit,
621 1056 670 1139 qni
679 1055 885 1140 satagentibus
893 1056 1034 1120 celeriter
1042 1063 1266 1118 succurrerent.

148 1151 218 1236 Quo
233 1157 312 1218 facto
327 1155 374 1217 sni
389 1156 499 1220 sublati
515 1158 649 1222 uniuersi
664 1160 695 1222 in
710 1158 813 1222 hostes
824 1158 1013 1242 inpressione
1030 1157 1108 1220 lacta
1122 1157 1154 1219 in
1169 1157 1268 1238 lugam
1283 1151 1305 1216 8

147 1256 339 1320 aduersarios
354 1257 519 1334 dederunt3
536 1261 637 1324 multis
653 1260 774 1337 occisis,
792 1258 993 1343 compluribus
1008 1259 1172 1322 uolneratis
1186 1257 1267 1320 inse-

91 1367 123 1421 to
145 1359 206 1422 cuti
221 1379 274 1443 per
288 1369 322 1422 tn
338 1358 419 1424 milia
440 1381 580 1443 passuum
604 1382 698 1445 nsque
719 1362 756 1426 ad
778 1361 870 1425 colles
886 1360 1020 1424 hostibus
1041 1359 1156 1423 adactis
1177 1378 1212 1422 se
1232 1359 1268 1421 ad

147 1480 218 1524 suos
233 1460 393 1544 recipiunt.
427 1457 545 1527 Caesar
566 1463 598 1527 in
619 1462 723 1528 horam
746 1474 772 1527 x
793 1473 1011 1539 commoratus,
1036 1461 1114 1524 sicut
1136 1470 1202 1524 erat
1222 1459 1305 1523 iri-tt

149 1571 300 1640 sauctus,
324 1583 357 1626 se
379 1564 415 1627 ad
438 1585 492 1628 sua
512 1576 612 1630 castra
634 1566 748 1651 recepit
762 1564 900 1629 omnibns
919 1561 1128 1628 incolumibus.
1159 1559 1194 1625 ln
1210 1583 1267 1644 quo
1285 1559 1325 1624 lll

148 1662 261 1747 proelio
276 1660 415 1730 Pacidins
430 1668 565 1751 grauiter
579 1668 638 1751 pilo
654 1689 709 1753 pen·
723 1667 870 1732 cassidem
885 1675 974 1749 caput
993 1665 1072 1728 ictus
1087 1663 1268 1747 complures·

149 1785 205 1848 qne
221 1766 311 1830 duces
327 1787 362 1829 ac
378 1769 560 1832 incussimus
575 1770 701 1852 quisque
716 1768 867 1833 interlecti
884 1765 1091 1849 uulneratique
1105 1776 1187 1829 sunt.

93 1875 126 1928 ts
231 1863 393 1949 Postquam
410 1868 492 1932 nulla
506 1871 683 1934 condicione
700 1891 810 1954 cogere
825 1868 1014 1935 aduersarios
1031 1878 1166 1952 poterat,
1190 1878 1224 1931 ut
1237 1866 1325 1935 inttt

147 1988 275 2050 aequum
285 1968 384 2030 locum
394 1967 611 2035 descenderent
620 1972 829 2055 legionumque
837 1971 1000 2054 perieulum
1010 1971 1156 2048 iacerent,
1174 1989 1270 2052 neque

149 2069 215 2154 ipso
231 2067 351 2153 propius
367 2069 481 2135 hostem
498 2083 597 2136 castra
612 2093 723 2156 ponere
735 2082 857 2157 propter
865 2091 960 2155 aquae
972 2073 1125 2157 penuriam
1135 2093 1170 2136 se
1180 2092 1277 2156 posse⁴

149 2171 422 2252 animaduertebat,
454 2174 646 2238 aduersarios
669 2195 730 2238 non
752 2175 866 2238 uirtute
887 2195 992 2238 eorum
1015 2175 1184 2250 confidere,
1216 2173 1268 2236 sed

149 2294 292 2356 aquarum
307 2274 407 2359 inopia
424 2278 519 2340 fretos
533 2276 687 2360 despicere
701 2296 736 2340 se
750 2276 919 2356 intellexit,
944 2287 968 2340 n
982 2275 1066 2340 Nou.
1082 2273 1161 2359 Apr.
1177 2274 1305 2340 tcrtia2

92 2387 126 2439 2⁰
150 2376 251 2461 uigilia
267 2397 407 2460 egressus
423 2377 573 2464 abhggar
583 2388 645 2442 xvi
659 2378 740 2444 milia
755 2388 846 2443 nocte
860 2398 1039 2464 progressus
1054 2378 1091 2442 ad
1101 2375 1267 2462 Thapsum,

147 2478 197 2542 nbi
208 2477 361 2564 Vergilius
377 2500 444 2543 cum
459 2480 565 2564 mandi
579 2481 729 2565 praesidio
740 2491 892 2566 praeerat,
909 2491 1010 2545 castra
1022 2480 1105 2565 ponit
1117 2480 1269 2564 oppidum·

147 2601 203 2664 quc
219 2601 256 2646 eo
271 2582 319 2647 die
334 2581 562 2648 circummunire
578 2584 676 2667 coepit
691 2583 816 2667 locaque
830 2583 940 2648 idonea
949 2592 1173 2668 opportunaque
1189 2604 1269 2645 com·

147 2681 231 2766 plura
248 2683 402 2768 praesidiis
412 2706 571 2771 occupare,
589 2686 690 2749 hostes
707 2706 746 2749 ne
761 2687 875 2749 intrare
889 2686 927 2749 ad
942 2706 976 2749 se
991 2705 1027 2749 ac
1042 2684 1108 2748 loca
1123 2683 1269 2746 interiora

148 2805 254 2869 capere
269 2797 404 2870 possent.
437 2784 540 2872 Scipio
554 2787 675 2852 interim
690 2788 819 2871 cognitis
836 2783 979 2851 Caesaris
1001 2786 1135 2850 consiliis
1157 2785 1195 2848 ad
1217 2804 1269 2847 ne·
1285 2782 1304 2846 3

89 2895 122 2951 2⁵
147 2887 319 2952 cessitatem
335 2890 479 2954 adductus
495 2890 666 2968 dimicandi,
684 2912 722 2954 ne
737 2910 791 2974 per
805 2910 950 2953 summum
966 2887 1095 2952 dedccns
1110 2887 1270 2951 fidissimos

146 2988 209 3052 suis
223 2989 313 3054 rebus
330 2989 532 3074 Thapsitanos
548 3004 581 3057 ct
595 2991 763 3076 Vergilium
784 2991 955 3067 emitteret,
980 2989 1137 3053 confestim
1152 2985 1268 3053 Cacsa-

148 3109 211 3152 rem
235 3111 288 3172 per
308 3092 463 3174 superiora
485 3095 551 3156 loca
574 3103 754 3157 consecutus
775 3093 857 3155 milia
879 3111 1018 3175 passuum
1032 3100 1091 3155 Vttl
1115 3089 1269 3174 aTbapso

146 3190 223 3254 binis
240 3191 348 3255 castris
365 3192 511 3255 consedit.
535 3190 614 3256 Erat
624 3204 760 3278 stagnum
773 3193 947 3269 salinarum,
965 3193 1132 3276 interqnod
1145 3203 1175 3257 et
1187 3193 1326 3262 maressll

148 3293 305 3376 angustiae
322 3294 465 3377 quaedam
481 3315 543 3357 non
558 3295 683 3379 amplius
699 3295 778 3360 mille
795 3306 857 3359 etn
873 3295 1176 3379 passnsintereran13
1194 3314 1268 3375 quas

88 3403 123 3456 30
146 3390 247 3478 Scipio
262 3395 375 3459 intrare
391 3407 422 3460 ct
437 3395 631 3481 Thapsitanis
648 3397 792 3461 auxilium
810 3398 889 3459 lerrc
905 3394 1078 3460 conabatur.
1112 3391 1202 3474 Quod
1225 3394 1306 3458 tou-2

256 3558 267 3609 l
284 3566 425 3610 consuerat
436 3577 453 3610 u
468 3562 492 3624 b,
507 3569 681 3613 consueuerat
693 3577 721 3612 u.
840 3560 874 3626 ei]
888 3576 920 3611 ex
936 3560 959 3609 b.
1080 3557 1271 3609 &summittere

147 3650 174 3695 a,
188 3649 239 3685 nun
252 3635 335 3686 subm.
450 3639 464 3687 5
477 3644 614 3704 potuerant
626 3654 663 3689 m.
674 3652 720 3704 pr.
732 3652 760 3687 u.
868 3638 883 3687 b
897 3635 1082 3699 minuatimque
1095 3652 1121 3698 u,
1137 3636 1270 3685 minuatim

147 3729 170 3763 c.
276 3716 454 3766 caedebantur
463 3731 487 3766 c.
592 3714 768 3767 tinniunt.
875 3719 1058 3762 succurrerent
1070 3724 1129 3777 ago,
1147 3726 1269 3762 occurro-

146 3796 204 3840 raut
217 3793 293 3842 codd.
307 3792 339 3844 Ρ.
354 3794 413 3844 225.
545 3793 561 3843 8
575 3792 617 3842 sni
630 3792 727 3843 sublati
742 3806 795 3840 cm.
812 3791 838 3839 b.
961 3789 1121 3854 inpressione
1134 3805 1161 3839 o.

149 3864 179 3915 tu
188 3865 219 3915 ad
234 3881 250 3914 c
263 3867 287 3929 b,
300 3869 325 3918 ia
337 3885 365 3918 u.
470 3865 563 3916 collem
578 3868 602 3917 b.
708 3865 844 3917 adactibus
857 3880 884 3914 c.
990 3863 1186 3915 l-llortissirnos
1199 3867 1269 3931 quis·

147 3958 196 4010 qne
209 3958 235 4007 c,
251 3943 386 3995 fortissimi
399 3947 493 4011 quique
508 3944 533 3994 b.
641 3945 671 3996 lb
681 3944 764 4010 potuit
777 3944 801 3993 b.
908 3942 1047 3994 ttuirtute
1062 3960 1148 3995 corum
1163 3961 1179 3995 a
1194 3947 1267 3996 ‘ense

143 4023 290 4089 pleriquc’‚
305 4039 393 4074 corum
407 4027 505 4075 uirtute
517 4039 545 4072 u.
654 4024 712 4075 tto
725 4037 752 4086 a,
767 4021 848 4086 pridie
861 4019 921 4070 cdd.
931 4019 962 4070 Ρ.
974 4021 1032 4071 158.
1136 4024 1170 4076 2⁰
1181 4025 1268 4086 Aggar

147 4116 164 4149 c
179 4101 272 4164 ‘mss.',
283 4101 352 4164 Agar
365 4117 392 4151 u.
498 4097 628 4150 Thuhsum
642 4114 669 4148 u.
774 4097 804 4150 21
816 4095 947 4161 Vergilius
957 4114 983 4161 o,
993 4095 1120 4161 Virgilius
1130 4114 1157 4149 u.

146 4178 179 4230 26
192 4178 365 4231 Thobsitanos
379 4197 405 4231 a.
553 4174 734 4240 Vergilius,
749 4171 885 4238 Virgilium
899 4190 927 4224 u.
1068 4174 1234 4223 ammittant
1243 4189 1275 4219 o.

255 4259 287 4310 ‘tt
301 4259 333 4309 ab
348 4261 372 4310 b.
476 4255 618 4308 Thubsoc.
723 4255 1014 4309 ldcoutcnditorroro
1028 4253 1184 4303 Graecu-

147 4333 181 4386 29
193 4334 275 4399 mitto]
288 4335 320 4385 εὖ
329 4352 355 4386 a.
462 4336 496 4389 30
511 4333 686 4389 Tbabsituuls
700 4351 728 4389 c.
1081 4402 1147 4469 W
