<?xml version="1.0" encoding="UTF-8"?>
<!DOCTYPE html PUBLIC "-//W3C//DTD XHTML 1.0 Transitional//EN"
    "http://www.w3.org/TR/xhtml1/DTD/xhtml1-transitional.dtd">
<html xmlns="http://www.w3.org/1999/xhtml" xml:lang="en" lang="en">
 <head>
  <title>
</title>
<meta http-equiv="Content-Type" content="text/html;charset=utf-8" />
  <meta name='ocr-system' content='tesseract 3.04.00' />
  <meta name='ocr-capabilities' content='ocr_page ocr_carea ocr_par ocr_line ocrx_word'/>
</head>
<body>
  <div class='ocr_page' id='page_1' title='image "./civliicaesarisc02hirtgoog_0798.png"; bbox 0 0 2692 4688; ppageno 0'>
   <div class='ocr_carea' id='block_1_1' title="bbox 461 232 1302 327">
    <p class='ocr_par' dir='ltr' id='par_1_1' title="bbox 461 232 1302 327">
     <span class='ocr_line' id='line_1_1' title="bbox 461 232 1302 327; baseline 0.013 -11"><span class='ocrx_word' id='word_1_1' title='bbox 461 232 684 321; x_wconf 76' lang='lat' dir='ltr'><strong><em>roiuara.</em></strong></span> <span class='ocrx_word' id='word_1_2' title='bbox 712 250 910 320; x_wconf 77' lang='lat' dir='ltr'><strong><em>mannua</em></strong></span> <span class='ocrx_word' id='word_1_3' title='bbox 1229 248 1302 327; x_wconf 76' lang='lat' dir='ltr'><strong><em>nm</em></strong></span> 
     </span>
    </p>
   </div>
   <div class='ocr_carea' id='block_1_2' title="bbox 120 421 1245 807">
    <p class='ocr_par' dir='ltr' id='par_1_2' title="bbox 123 421 1245 610">
     <span class='ocr_line' id='line_1_2' title="bbox 208 421 1245 508; baseline 0.007 -22"><span class='ocrx_word' id='word_1_4' title='bbox 208 421 334 486; x_wconf 75' lang='lat' dir='ltr'><strong><em>Nonius</em></strong></span> <span class='ocrx_word' id='word_1_5' title='bbox 342 445 380 508; x_wconf 89' lang='lat' dir='ltr'><strong><em>p.</em></strong></span> <span class='ocrx_word' id='word_1_6' title='bbox 400 421 462 487; x_wconf 84' lang='grc'><strong><em>198</em></strong></span> <span class='ocrx_word' id='word_1_7' title='bbox 477 422 544 488; x_wconf 87' lang='lat' dir='ltr'><strong><em>M.:</em></strong></span> <span class='ocrx_word' id='word_1_8' title='bbox 571 423 657 490; x_wconf 86' lang='lat' dir='ltr'><strong><em>Ciuis</em></strong></span> <span class='ocrx_word' id='word_1_9' title='bbox 674 425 815 488; x_wconf 78' lang='lat' dir='ltr'><strong><em>feminino</em></strong></span> <span class='ocrx_word' id='word_1_10' title='bbox 831 426 908 508; x_wconf 81' lang='lat' dir='ltr'><strong><em>apud</em></strong></span> <span class='ocrx_word' id='word_1_11' title='bbox 924 423 1088 490; x_wconf 76' lang='lat' dir='ltr'><strong><em>Caesarem</em></strong></span> <span class='ocrx_word' id='word_1_12' title='bbox 1105 440 1135 492; x_wconf 88' lang='lat' dir='ltr'><strong><em>et</em></strong></span> <span class='ocrx_word' id='word_1_13' title='bbox 1152 425 1245 494; x_wconf 84' lang='lat' dir='ltr'><strong><em>Catu·</em></strong></span> 
     </span>
     <span class='ocr_line' id='line_1_3' title="bbox 123 522 1039 610; baseline 0.001 -23"><span class='ocrx_word' id='word_1_14' title='bbox 123 526 181 588; x_wconf 89' lang='lat' dir='ltr'><strong><em>lum</em></strong></span> <span class='ocrx_word' id='word_1_15' title='bbox 200 535 231 587; x_wconf 88' lang='lat' dir='ltr'><strong><em>et</em></strong></span> <span class='ocrx_word' id='word_1_16' title='bbox 246 522 373 587; x_wconf 86' lang='lat' dir='ltr'><strong><em>Caluum</em></strong></span> <span class='ocrx_word' id='word_1_17' title='bbox 389 524 496 589; x_wconf 88' lang='lat' dir='ltr'><strong><em>lectum</em></strong></span> <span class='ocrx_word' id='word_1_18' title='bbox 513 537 570 606; x_wconf 84' lang='lat' dir='ltr'><strong><em>est,</em></strong></span> <span class='ocrx_word' id='word_1_19' title='bbox 588 546 711 610; x_wconf 76' lang='lat' dir='ltr'><strong><em>qaiorum</em></strong></span> <span class='ocrx_word' id='word_1_20' title='bbox 729 526 848 590; x_wconf 81' lang='lat' dir='ltr'><strong><em>uaciilm</em></strong></span> <span class='ocrx_word' id='word_1_21' title='bbox 863 529 1039 590; x_wconf 82' lang='lat' dir='ltr'><strong><em>auotoritas.</em></strong></span> 
     </span>
    </p>

    <p class='ocr_par' dir='ltr' id='par_1_3' title="bbox 120 625 1245 807">
     <span class='ocr_line' id='line_1_4' title="bbox 208 625 1245 714; baseline 0.006 -24"><span class='ocrx_word' id='word_1_22' title='bbox 208 625 314 711; x_wconf 85' lang='lat' dir='ltr'><strong><em>Caper</em></strong></span> <span class='ocrx_word' id='word_1_23' title='bbox 321 649 359 711; x_wconf 91' lang='lat' dir='ltr'><strong><em>p.</em></strong></span> <span class='ocrx_word' id='word_1_24' title='bbox 370 626 522 692; x_wconf 50' lang='lat'>2244&amp;</span> <span class='ocrx_word' id='word_1_25' title='bbox 547 626 657 705; x_wconf 83' lang='lat' dir='ltr'><strong><em>Lutum</em></strong></span> <span class='ocrx_word' id='word_1_26' title='bbox 671 630 933 712; x_wconf 75' lang='lat' dir='ltr'><strong><em>atquemaaellum</em></strong></span> <span class='ocrx_word' id='word_1_27' title='bbox 948 629 1144 714; x_wconf 72' lang='lat' dir='ltr'><strong>singulariter</strong></span> <span class='ocrx_word' id='word_1_28' title='bbox 1159 633 1245 696; x_wconf 85' lang='lat' dir='ltr'><strong><em>exire</em></strong></span> 
     </span>
     <span class='ocr_line' id='line_1_5' title="bbox 120 724 1124 807; baseline 0.005 -17"><span class='ocrx_word' id='word_1_29' title='bbox 120 739 285 807; x_wconf 85' lang='lat' dir='ltr'><strong><em>memento,</em></strong></span> <span class='ocrx_word' id='word_1_30' title='bbox 303 724 375 794; x_wconf 86' lang='lat' dir='ltr'><strong><em>licet</em></strong></span> <span class='ocrx_word' id='word_1_31' title='bbox 390 724 550 794; x_wconf 79' lang='lat' dir='ltr'><strong>Memmius</strong></span> <span class='ocrx_word' id='word_1_32' title='bbox 565 731 623 796; x_wconf 81' lang='lat' dir='ltr'><strong><em>isin</em></strong></span> <span class='ocrx_word' id='word_1_33' title='bbox 639 724 904 795; x_wconf 75' lang='lat' dir='ltr'><strong><em>meoelia&#39;dioat‘et</em></strong></span> <span class='ocrx_word' id='word_1_34' title='bbox 920 729 1036 796; x_wconf 83' lang='lat' dir='ltr'><strong><em>Caesar</em></strong></span> <span class='ocrx_word' id='word_1_35' title='bbox 1049 731 1124 795; x_wconf 86' lang='lat' dir='ltr'><strong><em>latu.</em></strong></span> 
     </span>
    </p>
   </div>
   <div class='ocr_carea' id='block_1_3' title="bbox 93 884 1247 3743">
    <p class='ocr_par' dir='ltr' id='par_1_4' title="bbox 114 884 1247 2348">
     <span class='ocr_line' id='line_1_6' title="bbox 230 884 1246 957; baseline 0.003 -21"><span class='ocrx_word' id='word_1_36' title='bbox 230 885 241 936; x_wconf 90' lang='lat'>1</span> <span class='ocrx_word' id='word_1_37' title='bbox 253 884 406 953; x_wconf 77' lang='lat' dir='ltr'><strong><em>Cursarem]</em></strong></span> <span class='ocrx_word' id='word_1_38' title='bbox 417 887 454 937; x_wconf 80' lang='lat' dir='ltr'><strong><em>od</em></strong></span> <span class='ocrx_word' id='word_1_39' title='bbox 466 886 610 938; x_wconf 82' lang='lat' dir='ltr'><strong><em>Strabonis</em></strong></span> <span class='ocrx_word' id='word_1_40' title='bbox 618 887 1010 954; x_wconf 76' lang='lat' dir='ltr'><strong><em>tragoedrasiocreserenatum</em></strong></span> <span class='ocrx_word' id='word_1_41' title='bbox 1019 888 1246 957; x_wconf 78' lang='lat' dir='ltr'><strong><em>opinaturMeye·</em></strong></span> 
     </span>
     <span class='ocr_line' id='line_1_7' title="bbox 123 965 1244 1031; baseline 0.004 -18"><span class='ocrx_word' id='word_1_42' title='bbox 123 977 181 1013; x_wconf 82' lang='lat' dir='ltr'><strong><em>rus.</em></strong></span> <span class='ocrx_word' id='word_1_43' title='bbox 296 965 490 1031; x_wconf 77' lang='lat' dir='ltr'><strong><em>2Eaempium</em></strong></span> <span class='ocrx_word' id='word_1_44' title='bbox 502 981 518 1017; x_wconf 93' lang='lat' dir='ltr'><strong><em>a</em></strong></span> <span class='ocrx_word' id='word_1_45' title='bbox 531 965 621 1017; x_wconf 86' lang='lat' dir='ltr'><strong><em>Nonio</em></strong></span> <span class='ocrx_word' id='word_1_46' title='bbox 634 966 771 1017; x_wconf 82' lang='lat' dir='ltr'><strong><em>adiectum</em></strong></span> <span class='ocrx_word' id='word_1_47' title='bbox 784 981 820 1015; x_wconf 71' lang='lat' dir='ltr'><strong><em>ece</em></strong></span> <span class='ocrx_word' id='word_1_48' title='bbox 835 967 922 1017; x_wconf 81' lang='lat' dir='ltr'><strong><em>Caluo</em></strong></span> <span class='ocrx_word' id='word_1_49' title='bbox 933 969 1051 1030; x_wconf 84' lang='lat' dir='ltr'><strong><em>petitum</em></strong></span> <span class='ocrx_word' id='word_1_50' title='bbox 1065 981 1122 1015; x_wconf 83' lang='lat' dir='ltr'><strong><em>esse</em></strong></span> <span class='ocrx_word' id='word_1_51' title='bbox 1136 965 1244 1017; x_wconf 76' lang='lat' dir='ltr'><strong><em>Charis.</em></strong></span> 
     </span>
     <span class='ocr_line' id='line_1_8' title="bbox 117 1039 1245 1110; baseline 0.004 -18"><span class='ocrx_word' id='word_1_52' title='bbox 117 1056 148 1105; x_wconf 88' lang='lat' dir='ltr'><strong><em>p.</em></strong></span> <span class='ocrx_word' id='word_1_53' title='bbox 163 1039 196 1092; x_wconf 87' lang='grc'><strong><em>78</em></strong></span> <span class='ocrx_word' id='word_1_54' title='bbox 208 1042 239 1092; x_wconf 85' lang='grc' dir='ltr'><strong><em>Ρ.</em></strong></span> <span class='ocrx_word' id='word_1_55' title='bbox 253 1042 432 1094; x_wconf 82' lang='lat' dir='ltr'><strong><em>demonstrat.</em></strong></span> <span class='ocrx_word' id='word_1_56' title='bbox 575 1044 660 1096; x_wconf 75' lang='lat' dir='ltr'><strong><em>ilico</em></strong></span> <span class='ocrx_word' id='word_1_57' title='bbox 672 1045 726 1095; x_wconf 84' lang='lat' dir='ltr'><strong><em>aiii</em></strong></span> <span class='ocrx_word' id='word_1_58' title='bbox 736 1044 773 1095; x_wconf 80' lang='lat' dir='ltr'><strong><em>ad</em></strong></span> <span class='ocrx_word' id='word_1_59' title='bbox 784 1046 869 1096; x_wconf 77' lang='lat' dir='ltr'><strong><em>libros</em></strong></span> <span class='ocrx_word' id='word_1_60' title='bbox 881 1046 913 1096; x_wconf 78' lang='lat' dir='ltr'><strong><em>ate</em></strong></span> <span class='ocrx_word' id='word_1_61' title='bbox 925 1045 1055 1109; x_wconf 79' lang='lat' dir='ltr'><strong><em>analogia</em></strong></span> <span class='ocrx_word' id='word_1_62' title='bbox 1068 1044 1245 1110; x_wconf 82' lang='lat' dir='ltr'><strong><em>retuterunt,-</em></strong></span> 
     </span>
     <span class='ocr_line' id='line_1_9' title="bbox 120 1115 1246 1190; baseline 0.007 -21"><span class='ocrx_word' id='word_1_63' title='bbox 120 1115 284 1186; x_wconf 74' lang='lat' dir='ltr'><strong><em>Meyerusin</em></strong></span> <span class='ocrx_word' id='word_1_64' title='bbox 293 1119 440 1171; x_wconf 74' lang='lat' dir='ltr'><strong><em>Strabonis</em></strong></span> <span class='ocrx_word' id='word_1_65' title='bbox 447 1120 598 1186; x_wconf 70' lang='lat' dir='ltr'><strong><em>tragoediis</em></strong></span> <span class='ocrx_word' id='word_1_66' title='bbox 603 1122 825 1187; x_wconf 79' lang='lat' dir='ltr'><strong><em>pocitrsmsnirse</em></strong></span> <span class='ocrx_word' id='word_1_67' title='bbox 832 1122 929 1186; x_wconf 80' lang='lat' dir='ltr'><strong><em>eredit,</em></strong></span> <span class='ocrx_word' id='word_1_68' title='bbox 940 1127 1029 1174; x_wconf 82' lang='lat' dir='ltr'><strong><em>neseio</em></strong></span> <span class='ocrx_word' id='word_1_69' title='bbox 1038 1138 1096 1187; x_wconf 85' lang='lat' dir='ltr'><strong><em>cur,</em></strong></span> <span class='ocrx_word' id='word_1_70' title='bbox 1104 1125 1246 1190; x_wconf 82' lang='lat' dir='ltr'><strong><em>ne&#39;sisorte</em></strong></span> 
     </span>
     <span class='ocr_line' id='line_1_10' title="bbox 121 1195 1247 1269; baseline 0.008 -23"><span class='ocrx_word' id='word_1_71' title='bbox 121 1195 176 1246; x_wconf 84' lang='lat' dir='ltr'><strong><em>luta</em></strong></span> <span class='ocrx_word' id='word_1_72' title='bbox 190 1198 348 1263; x_wconf 76' lang='lat' dir='ltr'><strong><em>tragoediae</em></strong></span> <span class='ocrx_word' id='word_1_73' title='bbox 357 1202 534 1264; x_wconf 75' lang='lat' dir='ltr'><strong><em>potissimum</em></strong></span> <span class='ocrx_word' id='word_1_74' title='bbox 546 1204 613 1264; x_wconf 91' lang='lat' dir='ltr'><strong><em>opta</em></strong></span> <span class='ocrx_word' id='word_1_75' title='bbox 626 1199 768 1251; x_wconf 83' lang='lat' dir='ltr'><strong><em>iudicauit.</em></strong></span> <span class='ocrx_word' id='word_1_76' title='bbox 788 1200 861 1254; x_wconf 86' lang='lat' dir='ltr'><strong><em>Num</em></strong></span> <span class='ocrx_word' id='word_1_77' title='bbox 874 1200 1019 1252; x_wconf 84' lang='lat' dir='ltr'><strong><em>dictatoris</em></strong></span> <span class='ocrx_word' id='word_1_78' title='bbox 1026 1205 1072 1265; x_wconf 89' lang='lat' dir='ltr'><strong><em>sit,</em></strong></span> <span class='ocrx_word' id='word_1_79' title='bbox 1083 1217 1132 1268; x_wconf 77' lang='lat' dir='ltr'><strong><em>ego</em></strong></span> <span class='ocrx_word' id='word_1_80' title='bbox 1140 1219 1247 1269; x_wconf 81' lang='lat' dir='ltr'><strong><em>quaque</em></strong></span> 
     </span>
     <span class='ocr_line' id='line_1_11' title="bbox 122 1270 1245 1342; baseline 0.008 -20"><span class='ocrx_word' id='word_1_81' title='bbox 122 1270 225 1336; x_wconf 77' lang='lat' dir='ltr'><strong><em>dubito,</em></strong></span> <span class='ocrx_word' id='word_1_82' title='bbox 241 1289 311 1338; x_wconf 84' lang='lat' dir='ltr'><strong><em>eum,</em></strong></span> <span class='ocrx_word' id='word_1_83' title='bbox 326 1279 376 1340; x_wconf 80' lang='lat' dir='ltr'><strong><em>qui</em></strong></span> <span class='ocrx_word' id='word_1_84' title='bbox 386 1275 499 1326; x_wconf 79' lang='lat' dir='ltr'><strong><em>herenas</em></strong></span> <span class='ocrx_word' id='word_1_85' title='bbox 512 1277 610 1326; x_wconf 84' lang='lat' dir='ltr'><strong><em>uitiose</em></strong></span> <span class='ocrx_word' id='word_1_86' title='bbox 623 1275 680 1326; x_wconf 84' lang='lat' dir='ltr'><strong><em>dici</em></strong></span> <span class='ocrx_word' id='word_1_87' title='bbox 691 1279 867 1328; x_wconf 71' lang='lat' dir='ltr'><strong><em>existimauit</em></strong></span> <span class='ocrx_word' id='word_1_88' title='bbox 879 1277 922 1342; x_wconf 85' lang='lat' dir='ltr'><strong><em>(p.</em></strong></span> <span class='ocrx_word' id='word_1_89' title='bbox 933 1279 992 1341; x_wconf 85' lang='grc'>755,</span> <span class='ocrx_word' id='word_1_90' title='bbox 1001 1280 1038 1342; x_wconf 80' lang='lat' dir='ltr'><strong><em>t),</em></strong></span> <span class='ocrx_word' id='word_1_91' title='bbox 1050 1293 1103 1328; x_wconf 90' lang='lat' dir='ltr'><strong><em>non</em></strong></span> <span class='ocrx_word' id='word_1_92' title='bbox 1117 1278 1245 1331; x_wconf 81' lang='lat' dir='ltr'><strong><em>uideatur</em></strong></span> 
     </span>
     <span class='ocr_line' id='line_1_12' title="bbox 119 1348 1247 1421; baseline 0.007 -22"><span class='ocrx_word' id='word_1_93' title='bbox 119 1348 175 1400; x_wconf 78' lang='lat' dir='ltr'><strong><em>tutu</em></strong></span> <span class='ocrx_word' id='word_1_94' title='bbox 187 1351 355 1415; x_wconf 78' lang='lat' dir='ltr'><strong><em>protonisso.</em></strong></span> <span class='ocrx_word' id='word_1_95' title='bbox 374 1350 481 1404; x_wconf 73' lang='lat' dir='ltr'><strong><em>Nonius</em></strong></span> <span class='ocrx_word' id='word_1_96' title='bbox 490 1367 522 1417; x_wconf 86' lang='lat' dir='ltr'><strong><em>p.</em></strong></span> <span class='ocrx_word' id='word_1_97' title='bbox 536 1353 587 1403; x_wconf 77' lang='lat' dir='ltr'><strong><em>mr</em></strong></span> <span class='ocrx_word' id='word_1_98' title='bbox 599 1352 637 1403; x_wconf 80' lang='grc' dir='ltr'><strong><em>Μ.</em></strong></span> <span class='ocrx_word' id='word_1_99' title='bbox 651 1368 687 1403; x_wconf 78' lang='lat' dir='ltr'><strong><em>ere</em></strong></span> <span class='ocrx_word' id='word_1_100' title='bbox 702 1354 841 1405; x_wconf 84' lang='lat' dir='ltr'><strong><em>Ciceronis</em></strong></span> <span class='ocrx_word' id='word_1_101' title='bbox 862 1353 984 1421; x_wconf 74' lang='lat' dir='ltr'><strong><em>epistolis</em></strong></span> <span class='ocrx_word' id='word_1_102' title='bbox 997 1356 1034 1404; x_wconf 82' lang='lat' dir='ltr'><strong><em>ad</em></strong></span> <span class='ocrx_word' id='word_1_103' title='bbox 1044 1355 1166 1406; x_wconf 75' lang='lat' dir='ltr'><strong><em>Hirtium</em></strong></span> <span class='ocrx_word' id='word_1_104' title='bbox 1179 1358 1247 1407; x_wconf 74' lang='lat' dir='ltr'><strong><em>iaec</em></strong></span> 
     </span>
     <span class='ocr_line' id='line_1_13' title="bbox 114 1429 1247 1499; baseline 0.005 -20"><span class='ocrx_word' id='word_1_105' title='bbox 114 1429 239 1494; x_wconf 81' lang='lat' dir='ltr'><strong><em>profert.-</em></strong></span> <span class='ocrx_word' id='word_1_106' title='bbox 252 1429 308 1479; x_wconf 81' lang='lat' dir='ltr'><strong><em>luta</em></strong></span> <span class='ocrx_word' id='word_1_107' title='bbox 320 1438 348 1481; x_wconf 87' lang='lat' dir='ltr'><strong><em>et</em></strong></span> <span class='ocrx_word' id='word_1_108' title='bbox 360 1431 448 1482; x_wconf 83' lang='lat' dir='ltr'><strong><em>timum</em></strong></span> <span class='ocrx_word' id='word_1_109' title='bbox 462 1429 630 1497; x_wconf 69' lang='lat' dir='ltr'><strong><em>sggerebsut,</em></strong></span> <span class='ocrx_word' id='word_1_110' title='bbox 641 1436 669 1482; x_wconf 91' lang='lat' dir='ltr'><strong><em>et</em></strong></span> <span class='ocrx_word' id='word_1_111' title='bbox 675 1435 851 1498; x_wconf 80' lang='lat' dir='ltr'><strong><em>poiertfieri,</em></strong></span> <span class='ocrx_word' id='word_1_112' title='bbox 860 1437 893 1483; x_wconf 85' lang='lat' dir='ltr'><strong><em>ut</em></strong></span> <span class='ocrx_word' id='word_1_113' title='bbox 902 1432 991 1499; x_wconf 80' lang='lat' dir='ltr'><strong><em>Caper</em></strong></span> <span class='ocrx_word' id='word_1_114' title='bbox 1000 1433 1144 1484; x_wconf 80' lang='lat' dir='ltr'><strong><em>Caerarem</em></strong></span> <span class='ocrx_word' id='word_1_115' title='bbox 1155 1449 1247 1496; x_wconf 76' lang='lat' dir='ltr'><strong><em>errore</em></strong></span> 
     </span>
     <span class='ocr_line' id='line_1_14' title="bbox 120 1511 1246 1580; baseline 0.008 -24"><span class='ocrx_word' id='word_1_116' title='bbox 120 1513 389 1575; x_wconf 69' lang='lat' dir='ltr'><strong><em>commemoraverit,</em></strong></span> <span class='ocrx_word' id='word_1_117' title='bbox 404 1513 461 1560; x_wconf 89' lang='lat' dir='ltr'><strong><em>nisi</em></strong></span> <span class='ocrx_word' id='word_1_118' title='bbox 468 1512 549 1576; x_wconf 81' lang='lat' dir='ltr'><strong><em>sorte</em></strong></span> <span class='ocrx_word' id='word_1_119' title='bbox 562 1511 630 1561; x_wconf 77' lang='lat' dir='ltr'><strong><em>naec</em></strong></span> <span class='ocrx_word' id='word_1_120' title='bbox 641 1512 740 1572; x_wconf 81' lang='lat' dir='ltr'><strong><em>nerto,</em></strong></span> <span class='ocrx_word' id='word_1_121' title='bbox 754 1528 824 1578; x_wconf 81' lang='lat' dir='ltr'><strong><em>quoe</em></strong></span> <span class='ocrx_word' id='word_1_122' title='bbox 832 1517 927 1580; x_wconf 86' lang='lat' dir='ltr'><strong><em>potius</em></strong></span> <span class='ocrx_word' id='word_1_123' title='bbox 939 1512 973 1562; x_wconf 80' lang='lat' dir='ltr'><strong><em>at</em></strong></span> <span class='ocrx_word' id='word_1_124' title='bbox 986 1515 1032 1576; x_wconf 83' lang='lat' dir='ltr'><strong><em>iis,</em></strong></span> <span class='ocrx_word' id='word_1_125' title='bbox 1047 1516 1096 1578; x_wconf 84' lang='lat' dir='ltr'><strong><em>qui</em></strong></span> <span class='ocrx_word' id='word_1_126' title='bbox 1107 1513 1246 1566; x_wconf 75' lang='lat' dir='ltr'><strong><em>Mutinam</em></strong></span> 
     </span>
     <span class='ocr_line' id='line_1_15' title="bbox 119 1584 1244 1658; baseline 0.008 -24"><span class='ocrx_word' id='word_1_127' title='bbox 119 1584 288 1645; x_wconf 77' lang='lat' dir='ltr'><strong><em>obsidebant,</em></strong></span> <span class='ocrx_word' id='word_1_128' title='bbox 301 1591 409 1654; x_wconf 75' lang='lat' dir='ltr'><strong><em>scripta</em></strong></span> <span class='ocrx_word' id='word_1_129' title='bbox 421 1588 561 1653; x_wconf 78' lang='lat' dir='ltr'><strong><em>uidentur,</em></strong></span> <span class='ocrx_word' id='word_1_130' title='bbox 577 1603 612 1638; x_wconf 77' lang='lat' dir='ltr'><strong><em>ere</em></strong></span> <span class='ocrx_word' id='word_1_131' title='bbox 624 1587 741 1654; x_wconf 70' lang='lat' dir='ltr'><strong><em>epistota</em></strong></span> <span class='ocrx_word' id='word_1_132' title='bbox 753 1590 843 1640; x_wconf 80' lang='lat' dir='ltr'><strong><em>Hirtii</em></strong></span> <span class='ocrx_word' id='word_1_133' title='bbox 853 1595 920 1640; x_wconf 89' lang='lat' dir='ltr'><strong><em>sunt</em></strong></span> <span class='ocrx_word' id='word_1_134' title='bbox 932 1590 983 1653; x_wconf 85' lang='lat' dir='ltr'><strong><em>uel,</em></strong></span> <span class='ocrx_word' id='word_1_135' title='bbox 998 1593 1024 1639; x_wconf 78' lang='lat' dir='ltr'><strong><em>ri</em></strong></span> <span class='ocrx_word' id='word_1_136' title='bbox 1033 1591 1123 1656; x_wconf 84' lang='lat' dir='ltr'><strong><em>Capro</em></strong></span> <span class='ocrx_word' id='word_1_137' title='bbox 1135 1589 1244 1658; x_wconf 84' lang='lat' dir='ltr'><strong><em>aiiqnid</em></strong></span> 
     </span>
     <span class='ocr_line' id='line_1_16' title="bbox 119 1662 1243 1734; baseline 0.008 -23"><span class='ocrx_word' id='word_1_138' title='bbox 119 1662 290 1714; x_wconf 78' lang='lat' dir='ltr'><strong><em>tribuendum</em></strong></span> <span class='ocrx_word' id='word_1_139' title='bbox 295 1670 389 1729; x_wconf 87' lang='lat' dir='ltr'><strong><em>putas,</em></strong></span> <span class='ocrx_word' id='word_1_140' title='bbox 401 1665 531 1716; x_wconf 73' lang='lat' dir='ltr'><strong><em>Caesaris</em></strong></span> <span class='ocrx_word' id='word_1_141' title='bbox 539 1664 688 1717; x_wconf 84' lang='lat' dir='ltr'><strong><em>Octauiani</em></strong></span> <span class='ocrx_word' id='word_1_142' title='bbox 694 1667 882 1718; x_wconf 80' lang='lat' dir='ltr'><strong><em>Ciceronianis</em></strong></span> <span class='ocrx_word' id='word_1_143' title='bbox 889 1667 926 1718; x_wconf 78' lang='lat' dir='ltr'><strong><em>aet</em></strong></span> <span class='ocrx_word' id='word_1_144' title='bbox 930 1668 1052 1718; x_wconf 86' lang='lat' dir='ltr'><strong><em>Hirtium</em></strong></span> <span class='ocrx_word' id='word_1_145' title='bbox 1062 1671 1243 1734; x_wconf 84' lang='lat' dir='ltr'><strong><em>interposita:</em></strong></span> 
     </span>
     <span class='ocr_line' id='line_1_17' title="bbox 117 1743 1244 1811; baseline 0.007 -20"><span class='ocrx_word' id='word_1_146' title='bbox 117 1756 180 1792; x_wconf 85' lang='lat' dir='ltr'><strong><em>nam</em></strong></span> <span class='ocrx_word' id='word_1_147' title='bbox 188 1743 262 1808; x_wconf 81' lang='lat' dir='ltr'><strong><em>quod</em></strong></span> <span class='ocrx_word' id='word_1_148' title='bbox 268 1744 306 1794; x_wconf 81' lang='lat' dir='ltr'><strong><em>ad</em></strong></span> <span class='ocrx_word' id='word_1_149' title='bbox 313 1745 492 1795; x_wconf 86' lang='lat' dir='ltr'><strong><em>Octauianam</em></strong></span> <span class='ocrx_word' id='word_1_150' title='bbox 501 1758 607 1808; x_wconf 81' lang='lat' dir='ltr'><strong><em>quoque</em></strong></span> <span class='ocrx_word' id='word_1_151' title='bbox 617 1744 756 1795; x_wconf 82' lang='lat' dir='ltr'><strong><em>Ciceronis</em></strong></span> <span class='ocrx_word' id='word_1_152' title='bbox 765 1747 896 1811; x_wconf 86' lang='lat' dir='ltr'><strong><em>epistotae</em></strong></span> <span class='ocrx_word' id='word_1_153' title='bbox 903 1750 992 1808; x_wconf 86' lang='lat' dir='ltr'><strong><em>erant,</em></strong></span> <span class='ocrx_word' id='word_1_154' title='bbox 1001 1761 1054 1810; x_wconf 78' lang='lat' dir='ltr'><strong><em>aaa</em></strong></span> <span class='ocrx_word' id='word_1_155' title='bbox 1062 1750 1153 1797; x_wconf 87' lang='lat' dir='ltr'><strong><em>minus</em></strong></span> <span class='ocrx_word' id='word_1_156' title='bbox 1161 1761 1244 1799; x_wconf 86' lang='lat' dir='ltr'><strong><em>uuam</em></strong></span> 
     </span>
     <span class='ocr_line' id='line_1_18' title="bbox 118 1819 1244 1888; baseline 0.006 -20"><span class='ocrx_word' id='word_1_157' title='bbox 118 1823 147 1868; x_wconf 88' lang='lat' dir='ltr'><strong><em>et</em></strong></span> <span class='ocrx_word' id='word_1_158' title='bbox 157 1819 276 1871; x_wconf 82' lang='lat' dir='ltr'><strong><em>atteram</em></strong></span> <span class='ocrx_word' id='word_1_159' title='bbox 291 1820 368 1870; x_wconf 83' lang='lat' dir='ltr'><strong><em>iltius</em></strong></span> <span class='ocrx_word' id='word_1_160' title='bbox 380 1822 409 1868; x_wconf 90' lang='lat' dir='ltr'><strong><em>in</em></strong></span> <span class='ocrx_word' id='word_1_161' title='bbox 421 1820 552 1870; x_wconf 77' lang='lat' dir='ltr'><strong><em>Hirtiano</em></strong></span> <span class='ocrx_word' id='word_1_162' title='bbox 566 1834 677 1884; x_wconf 91' lang='lat' dir='ltr'><strong><em>corpore</em></strong></span> <span class='ocrx_word' id='word_1_163' title='bbox 685 1824 907 1888; x_wconf 81' lang='lat' dir='ltr'><strong><em>positamsuisse</em></strong></span> <span class='ocrx_word' id='word_1_164' title='bbox 919 1821 1078 1885; x_wconf 82' lang='lat' dir='ltr'><strong><em>credamus,</em></strong></span> <span class='ocrx_word' id='word_1_165' title='bbox 1093 1837 1176 1874; x_wconf 86' lang='lat' dir='ltr'><strong><em>causo</em></strong></span> <span class='ocrx_word' id='word_1_166' title='bbox 1189 1839 1244 1875; x_wconf 88' lang='lat' dir='ltr'><strong><em>non</em></strong></span> 
     </span>
     <span class='ocr_line' id='line_1_19' title="bbox 117 1895 1245 1966; baseline 0.004 -19"><span class='ocrx_word' id='word_1_167' title='bbox 117 1903 168 1947; x_wconf 88' lang='lat' dir='ltr'><strong><em>est.</em></strong></span> <span class='ocrx_word' id='word_1_168' title='bbox 274 1897 320 1947; x_wconf 74' lang='lat' dir='ltr'><strong><em>tire</em></strong></span> <span class='ocrx_word' id='word_1_169' title='bbox 333 1900 378 1955; x_wconf 87' lang='lat' dir='ltr'><strong><em>iis,</em></strong></span> <span class='ocrx_word' id='word_1_170' title='bbox 389 1912 459 1961; x_wconf 82' lang='lat' dir='ltr'><strong><em>quae</em></strong></span> <span class='ocrx_word' id='word_1_171' title='bbox 471 1899 544 1946; x_wconf 88' lang='lat' dir='ltr'><strong><em>inter</em></strong></span> <span class='ocrx_word' id='word_1_172' title='bbox 554 1895 680 1948; x_wconf 80' lang='lat' dir='ltr'><strong><em>Caesarie</em></strong></span> <span class='ocrx_word' id='word_1_173' title='bbox 686 1900 852 1964; x_wconf 61' lang='lat' dir='ltr'><strong><em>fragmenta</em></strong></span> <span class='ocrx_word' id='word_1_174' title='bbox 863 1901 1045 1964; x_wconf 80' lang='lat' dir='ltr'><strong><em>ponebantur,</em></strong></span> <span class='ocrx_word' id='word_1_175' title='bbox 1054 1904 1081 1950; x_wconf 92' lang='lat' dir='ltr'><strong><em>et</em></strong></span> <span class='ocrx_word' id='word_1_176' title='bbox 1093 1899 1151 1951; x_wconf 81' lang='lat' dir='ltr'><strong><em>alia</em></strong></span> <span class='ocrx_word' id='word_1_177' title='bbox 1165 1915 1245 1966; x_wconf 81' lang='lat' dir='ltr'><strong><em>quae·</em></strong></span> 
     </span>
     <span class='ocr_line' id='line_1_20' title="bbox 118 1970 1244 2041; baseline 0.007 -20"><span class='ocrx_word' id='word_1_178' title='bbox 118 1972 181 2022; x_wconf 82' lang='lat' dir='ltr'><strong><em>dam</em></strong></span> <span class='ocrx_word' id='word_1_179' title='bbox 195 1970 562 2037; x_wconf 77' lang='lat' dir='ltr'><strong><em>occlusi,deqr1itsueatieere</em></strong></span> <span class='ocrx_word' id='word_1_180' title='bbox 575 1985 681 2022; x_wconf 81' lang='lat' dir='ltr'><strong><em>neaerae</em></strong></span> <span class='ocrx_word' id='word_1_181' title='bbox 693 1989 745 2024; x_wconf 86' lang='lat' dir='ltr'><strong><em>non</em></strong></span> <span class='ocrx_word' id='word_1_182' title='bbox 759 1979 809 2036; x_wconf 87' lang='lat' dir='ltr'><strong><em>est,</em></strong></span> <span class='ocrx_word' id='word_1_183' title='bbox 824 1977 935 2025; x_wconf 76' lang='lat' dir='ltr'><strong><em>otiare.</em></strong></span> <span class='ocrx_word' id='word_1_184' title='bbox 957 1976 1030 2041; x_wconf 82' lang='lat' dir='ltr'><strong><em>Quae</em></strong></span> <span class='ocrx_word' id='word_1_185' title='bbox 1042 1976 1118 2041; x_wconf 81' lang='lat' dir='ltr'><strong><em>apud</em></strong></span> <span class='ocrx_word' id='word_1_186' title='bbox 1125 1976 1244 2029; x_wconf 76' lang='lat' dir='ltr'><strong><em>Priscia-</em></strong></span> 
     </span>
     <span class='ocr_line' id='line_1_21' title="bbox 118 2047 1244 2117; baseline 0.01 -19"><span class='ocrx_word' id='word_1_187' title='bbox 118 2063 182 2099; x_wconf 88' lang='lat' dir='ltr'><strong><em>num</em></strong></span> <span class='ocrx_word' id='word_1_188' title='bbox 195 2047 327 2114; x_wconf 78' lang='lat' dir='ltr'><strong><em>teguntur</em></strong></span> <span class='ocrx_word' id='word_1_189' title='bbox 336 2065 365 2115; x_wconf 89' lang='lat' dir='ltr'><strong><em>p.</em></strong></span> <span class='ocrx_word' id='word_1_190' title='bbox 380 2048 429 2101; x_wconf 79' lang='grc'><strong><em>719</em></strong></span> <span class='ocrx_word' id='word_1_191' title='bbox 441 2049 472 2099; x_wconf 82' lang='grc' dir='ltr'><strong><em>Ρ.</em></strong></span> <span class='ocrx_word' id='word_1_192' title='bbox 487 2052 497 2110; x_wconf 87' lang='grc'><strong>(</strong></span> <span class='ocrx_word' id='word_1_193' title='bbox 505 2048 556 2112; x_wconf 84' lang='lat' dir='ltr'><strong><em>lp.</em></strong></span> <span class='ocrx_word' id='word_1_194' title='bbox 570 2048 621 2102; x_wconf 74' lang='lat' dir='ltr'><strong><em>nte</em></strong></span> <span class='ocrx_word' id='word_1_195' title='bbox 633 2048 681 2100; x_wconf 80' lang='lat' dir='ltr'><strong><em>iir.</em></strong></span> <span class='ocrx_word' id='word_1_196' title='bbox 690 2050 717 2115; x_wconf 91' lang='grc'><strong><em>).·</em></strong></span> <span class='ocrx_word' id='word_1_197' title='bbox 735 2052 834 2103; x_wconf 84' lang='lat' dir='ltr'><strong><em>Cueesr</em></strong></span> <span class='ocrx_word' id='word_1_198' title='bbox 846 2053 872 2103; x_wconf 87' lang='lat' dir='ltr'><strong><em>iu</em></strong></span> <span class='ocrx_word' id='word_1_199' title='bbox 886 2056 1072 2117; x_wconf 72' lang='lat' dir='ltr'><strong><em>auguraliburz</em></strong></span> <span class='ocrx_word' id='word_1_200' title='bbox 1089 2057 1124 2107; x_wconf 88' lang='lat' dir='ltr'><strong><em>‘Si</em></strong></span> <span class='ocrx_word' id='word_1_201' title='bbox 1138 2058 1244 2109; x_wconf 71' lang='lat' dir='ltr'><strong><em>siccem</em></strong></span> 
     </span>
     <span class='ocr_line' id='line_1_22' title="bbox 118 2124 1244 2195; baseline 0.009 -20"><span class='ocrx_word' id='word_1_202' title='bbox 118 2140 196 2190; x_wconf 84' lang='lat' dir='ltr'><strong><em>pecus</em></strong></span> <span class='ocrx_word' id='word_1_203' title='bbox 214 2126 279 2178; x_wconf 81' lang='lat' dir='ltr'><strong><em>erst’</em></strong></span> <span class='ocrx_word' id='word_1_204' title='bbox 294 2124 374 2176; x_wconf 79' lang='lat' dir='ltr'><strong><em>Lucii</em></strong></span> <span class='ocrx_word' id='word_1_205' title='bbox 381 2127 510 2178; x_wconf 80' lang='lat' dir='ltr'><strong><em>Cooearis</em></strong></span> <span class='ocrx_word' id='word_1_206' title='bbox 523 2138 578 2174; x_wconf 89' lang='lat' dir='ltr'><strong><em>esse</em></strong></span> <span class='ocrx_word' id='word_1_207' title='bbox 590 2132 708 2190; x_wconf 88' lang='lat' dir='ltr'><strong><em>apparet</em></strong></span> <span class='ocrx_word' id='word_1_208' title='bbox 718 2143 754 2178; x_wconf 73' lang='lat' dir='ltr'><strong><em>ec·</em></strong></span> <span class='ocrx_word' id='word_1_209' title='bbox 766 2129 857 2180; x_wconf 79' lang='lat' dir='ltr'><strong><em>eodem</em></strong></span> <span class='ocrx_word' id='word_1_210' title='bbox 864 2129 1008 2181; x_wconf 85' lang='lat' dir='ltr'><strong><em>Prisciano</em></strong></span> <span class='ocrx_word' id='word_1_211' title='bbox 1018 2147 1047 2195; x_wconf 89' lang='lat' dir='ltr'><strong><em>p.</em></strong></span> <span class='ocrx_word' id='word_1_212' title='bbox 1058 2131 1105 2182; x_wconf 81' lang='grc'><strong><em>791</em></strong></span> <span class='ocrx_word' id='word_1_213' title='bbox 1122 2132 1147 2194; x_wconf 92' lang='lat' dir='ltr'><strong><em>(l</em></strong></span> <span class='ocrx_word' id='word_1_214' title='bbox 1155 2147 1184 2195; x_wconf 94' lang='lat' dir='ltr'><strong><em>p.</em></strong></span> <span class='ocrx_word' id='word_1_215' title='bbox 1193 2132 1244 2185; x_wconf 72' lang='grc'><strong><em>368</em></strong></span> 
     </span>
     <span class='ocr_line' id='line_1_23' title="bbox 118 2199 1244 2276; baseline 0.004 -20"><span class='ocrx_word' id='word_1_216' title='bbox 118 2204 199 2270; x_wconf 84' lang='lat' dir='ltr'><strong><em>1ir.).·</em></strong></span> <span class='ocrx_word' id='word_1_217' title='bbox 212 2204 243 2256; x_wconf 86' lang='lat' dir='ltr'><strong><em>L.</em></strong></span> <span class='ocrx_word' id='word_1_218' title='bbox 258 2205 371 2256; x_wconf 83' lang='lat' dir='ltr'><strong><em>Cueesr:</em></strong></span> <span class='ocrx_word' id='word_1_219' title='bbox 388 2202 543 2269; x_wconf 78' lang='lat' dir='ltr'><strong><em>‘certaeque</em></strong></span> <span class='ocrx_word' id='word_1_220' title='bbox 561 2217 604 2253; x_wconf 84' lang='lat' dir='ltr'><strong><em>rer</em></strong></span> <span class='ocrx_word' id='word_1_221' title='bbox 622 2206 791 2268; x_wconf 76' lang='lat' dir='ltr'><strong><em>cuguraatar&#39;</em></strong></span> <span class='ocrx_word' id='word_1_222' title='bbox 809 2199 1071 2276; x_wconf 75' lang='lat' dir='ltr'><strong><em>oiuroanosroimaa3</em></strong></span> <span class='ocrx_word' id='word_1_223' title='bbox 1085 2211 1112 2257; x_wconf 90' lang='lat' dir='ltr'><strong><em>et</em></strong></span> <span class='ocrx_word' id='word_1_224' title='bbox 1125 2207 1244 2260; x_wconf 81' lang='lat' dir='ltr'><strong><em>eiusdem</em></strong></span> 
     </span>
     <span class='ocr_line' id='line_1_24' title="bbox 117 2278 1244 2348; baseline 0.003 -15"><span class='ocrx_word' id='word_1_225' title='bbox 117 2281 201 2333; x_wconf 78' lang='lat' dir='ltr'><strong><em>Lucii</em></strong></span> <span class='ocrx_word' id='word_1_226' title='bbox 209 2282 336 2333; x_wconf 83' lang='lat' dir='ltr'><strong><em>Caesarie</em></strong></span> <span class='ocrx_word' id='word_1_227' title='bbox 348 2297 412 2345; x_wconf 86' lang='lat' dir='ltr'><strong><em>esse,</em></strong></span> <span class='ocrx_word' id='word_1_228' title='bbox 423 2296 492 2346; x_wconf 85' lang='lat' dir='ltr'><strong><em>quac</em></strong></span> <span class='ocrx_word' id='word_1_229' title='bbox 501 2278 656 2330; x_wconf 78' lang='lat' dir='ltr'><strong><em>Macrobius</em></strong></span> <span class='ocrx_word' id='word_1_230' title='bbox 666 2285 779 2348; x_wconf 75' lang='lat' dir='ltr'><strong><em>profert</em></strong></span> <span class='ocrx_word' id='word_1_231' title='bbox 785 2283 845 2335; x_wconf 89' lang='lat' dir='ltr'><strong><em>Sat.</em></strong></span> <span class='ocrx_word' id='word_1_232' title='bbox 856 2283 878 2344; x_wconf 87' lang='lat'><strong><em>1,</em></strong></span> <span class='ocrx_word' id='word_1_233' title='bbox 891 2282 939 2332; x_wconf 79' lang='lat' dir='ltr'><strong><em>m:</em></strong></span> <span class='ocrx_word' id='word_1_234' title='bbox 955 2281 1035 2334; x_wconf 84' lang='lat' dir='ltr'><strong><em>iulius</em></strong></span> <span class='ocrx_word' id='word_1_235' title='bbox 1044 2283 1144 2334; x_wconf 84' lang='lat' dir='ltr'><strong><em>Cueeer</em></strong></span> <span class='ocrx_word' id='word_1_236' title='bbox 1156 2292 1244 2336; x_wconf 81' lang='lat' dir='ltr'><strong><em>sexto-</em></strong></span> 
     </span>
    </p>

    <p class='ocr_par' dir='ltr' id='par_1_5' title="bbox 93 2358 1242 3743">
     <span class='ocr_line' id='line_1_25' title="bbox 93 2358 1242 2427; baseline 0.002 -16"><span class='ocrx_word' id='word_1_237' title='bbox 93 2359 98 2400; x_wconf 68' lang='grc'>1</span> <span class='ocrx_word' id='word_1_238' title='bbox 118 2359 219 2411; x_wconf 82' lang='lat' dir='ltr'><strong><em>decimo</em></strong></span> <span class='ocrx_word' id='word_1_239' title='bbox 233 2359 408 2427; x_wconf 75' lang='lat' dir='ltr'><strong><em>auspiciorum</em></strong></span> <span class='ocrx_word' id='word_1_240' title='bbox 421 2358 487 2410; x_wconf 82' lang='lat' dir='ltr'><strong><em>libro</em></strong></span> <span class='ocrx_word' id='word_1_241' title='bbox 498 2369 575 2424; x_wconf 75' lang='lat' dir='ltr'><strong><em>regat</em></strong></span> <span class='ocrx_word' id='word_1_242' title='bbox 584 2361 704 2416; x_wconf 80' lang='lat' dir='ltr'><strong><em>nundinis</em></strong></span> <span class='ocrx_word' id='word_1_243' title='bbox 713 2361 859 2412; x_wconf 84' lang='lat' dir='ltr'><strong><em>contionem</em></strong></span> <span class='ocrx_word' id='word_1_244' title='bbox 870 2359 992 2410; x_wconf 73' lang='lat' dir='ltr'><strong><em>etuoceri</em></strong></span> <span class='ocrx_word' id='word_1_245' title='bbox 1001 2375 1088 2426; x_wconf 81' lang='lat' dir='ltr'><strong><em>porse,</em></strong></span> <span class='ocrx_word' id='word_1_246' title='bbox 1099 2360 1124 2409; x_wconf 86' lang='lat' dir='ltr'><strong><em>id</em></strong></span> <span class='ocrx_word' id='word_1_247' title='bbox 1134 2368 1176 2411; x_wconf 85' lang='lat' dir='ltr'><strong><em>eut</em></strong></span> <span class='ocrx_word' id='word_1_248' title='bbox 1184 2377 1242 2413; x_wconf 86' lang='lat' dir='ltr'><strong><em>cusu</em></strong></span> 
     </span>
     <span class='ocr_line' id='line_1_26' title="bbox 118 2437 1242 2507; baseline 0 -17"><span class='ocrx_word' id='word_1_249' title='bbox 118 2438 211 2507; x_wconf 84' lang='lat' dir='ltr'><strong><em>populo</em></strong></span> <span class='ocrx_word' id='word_1_250' title='bbox 229 2440 289 2505; x_wconf 78' lang='lat' dir='ltr'><strong><em>agi,</em></strong></span> <span class='ocrx_word' id='word_1_251' title='bbox 307 2441 417 2506; x_wconf 77' lang='lat' dir='ltr'><strong><em>ideoque</em></strong></span> <span class='ocrx_word' id='word_1_252' title='bbox 439 2441 560 2492; x_wconf 71' lang='lat' dir='ltr'><strong><em>nundinis</em></strong></span> <span class='ocrx_word' id='word_1_253' title='bbox 572 2441 745 2494; x_wconf 73' lang='lat' dir='ltr'><strong><em>Romanorum</em></strong></span> <span class='ocrx_word' id='word_1_254' title='bbox 757 2438 849 2490; x_wconf 83' lang='lat' dir='ltr'><strong><em>heberi</em></strong></span> <span class='ocrx_word' id='word_1_255' title='bbox 862 2437 967 2488; x_wconf 86' lang='lat' dir='ltr'><strong><em>comitia</em></strong></span> <span class='ocrx_word' id='word_1_256' title='bbox 982 2453 1030 2487; x_wconf 87' lang='lat' dir='ltr'><strong><em>nou</em></strong></span> <span class='ocrx_word' id='word_1_257' title='bbox 1043 2453 1130 2505; x_wconf 84' lang='lat' dir='ltr'><strong><em>posse,</em></strong></span> <span class='ocrx_word' id='word_1_258' title='bbox 1144 2438 1242 2490; x_wconf 82' lang='lat' dir='ltr'><strong><em>Festus</em></strong></span> 
     </span>
     <span class='ocr_line' id='line_1_27' title="bbox 117 2510 1241 2584; baseline 0.002 -16"><span class='ocrx_word' id='word_1_259' title='bbox 117 2515 240 2568; x_wconf 73' lang='lat' dir='ltr'><strong><em>ostendit</em></strong></span> <span class='ocrx_word' id='word_1_260' title='bbox 248 2510 277 2583; x_wconf 82' lang='lat' dir='ltr'><strong><em>p.</em></strong></span> <span class='ocrx_word' id='word_1_261' title='bbox 288 2518 347 2577; x_wconf 78' lang='grc'>161,</span> <span class='ocrx_word' id='word_1_262' title='bbox 362 2517 395 2570; x_wconf 83' lang='grc'><strong><em>30</em></strong></span> <span class='ocrx_word' id='word_1_263' title='bbox 408 2516 510 2569; x_wconf 68' lang='lat' dir='ltr'><strong><em>Mitti:</em></strong></span> <span class='ocrx_word' id='word_1_264' title='bbox 529 2516 653 2571; x_wconf 80' lang='lat' dir='ltr'><strong><em>Maiorem</em></strong></span> <span class='ocrx_word' id='word_1_265' title='bbox 666 2518 798 2570; x_wconf 86' lang='lat' dir='ltr'><strong><em>cousulem</em></strong></span> <span class='ocrx_word' id='word_1_266' title='bbox 812 2516 844 2568; x_wconf 86' lang='lat' dir='ltr'><strong><em>L.</em></strong></span> <span class='ocrx_word' id='word_1_267' title='bbox 853 2515 953 2567; x_wconf 73' lang='lat' dir='ltr'><strong><em>ciem</em></strong></span> <span class='ocrx_word' id='word_1_268' title='bbox 965 2523 1040 2584; x_wconf 81' lang='lat' dir='ltr'><strong><em>putat</em></strong></span> <span class='ocrx_word' id='word_1_269' title='bbox 1053 2517 1105 2568; x_wconf 84' lang='lat' dir='ltr'><strong><em>dici</em></strong></span> <span class='ocrx_word' id='word_1_270' title='bbox 1120 2517 1162 2569; x_wconf 87' lang='lat' dir='ltr'><strong><em>uel</em></strong></span> <span class='ocrx_word' id='word_1_271' title='bbox 1175 2534 1241 2582; x_wconf 79' lang='lat' dir='ltr'><strong><em>eum,</em></strong></span> 
     </span>
     <span class='ocr_line' id='line_1_28' title="bbox 115 2592 1241 2663; baseline 0.004 -20"><span class='ocrx_word' id='word_1_272' title='bbox 115 2607 195 2659; x_wconf 84' lang='lat' dir='ltr'><strong><em>peace</em></strong></span> <span class='ocrx_word' id='word_1_273' title='bbox 209 2609 283 2660; x_wconf 87' lang='lat' dir='ltr'><strong><em>quem</em></strong></span> <span class='ocrx_word' id='word_1_274' title='bbox 296 2593 383 2645; x_wconf 84' lang='lat' dir='ltr'><strong><em>iusoee</em></strong></span> <span class='ocrx_word' id='word_1_275' title='bbox 397 2593 511 2657; x_wconf 85' lang='lat' dir='ltr'><strong><em>sint,uel</em></strong></span> <span class='ocrx_word' id='word_1_276' title='bbox 524 2610 592 2660; x_wconf 85' lang='lat' dir='ltr'><strong><em>eum,</em></strong></span> <span class='ocrx_word' id='word_1_277' title='bbox 602 2596 644 2661; x_wconf 82' lang='lat' dir='ltr'><strong><em>qui</em></strong></span> <span class='ocrx_word' id='word_1_278' title='bbox 658 2595 730 2663; x_wconf 85' lang='lat' dir='ltr'><strong><em>prior</em></strong></span> <span class='ocrx_word' id='word_1_279' title='bbox 742 2592 827 2644; x_wconf 83' lang='lat' dir='ltr'><strong><em>iectus</em></strong></span> <span class='ocrx_word' id='word_1_280' title='bbox 840 2593 890 2657; x_wconf 82' lang='lat' dir='ltr'><strong><em>sit3</em></strong></span> <span class='ocrx_word' id='word_1_281' title='bbox 901 2601 1047 2659; x_wconf 79' lang='lat' dir='ltr'><strong><em>praetorem</em></strong></span> <span class='ocrx_word' id='word_1_282' title='bbox 1061 2603 1147 2645; x_wconf 82' lang='lat' dir='ltr'><strong><em>sutem</em></strong></span> <span class='ocrx_word' id='word_1_283' title='bbox 1161 2598 1241 2648; x_wconf 83' lang='lat' dir='ltr'><strong><em>maio-</em></strong></span> 
     </span>
     <span class='ocr_line' id='line_1_29' title="bbox 116 2671 1242 2736; baseline 0.007 -17"><span class='ocrx_word' id='word_1_284' title='bbox 116 2684 170 2721; x_wconf 86' lang='lat' dir='ltr'><strong><em>rem</em></strong></span> <span class='ocrx_word' id='word_1_285' title='bbox 182 2671 317 2736; x_wconf 85' lang='lat' dir='ltr'><strong><em>urbanum,</em></strong></span> <span class='ocrx_word' id='word_1_286' title='bbox 328 2673 441 2722; x_wconf 85' lang='lat' dir='ltr'><strong><em>minores</em></strong></span> <span class='ocrx_word' id='word_1_287' title='bbox 454 2681 565 2723; x_wconf 81' lang='lat' dir='ltr'><strong><em>ceteros.</em></strong></span> <span class='ocrx_word' id='word_1_288' title='bbox 580 2672 685 2726; x_wconf 82' lang='lat' dir='ltr'><strong><em>Neuter</em></strong></span> <span class='ocrx_word' id='word_1_289' title='bbox 696 2676 787 2722; x_wconf 87' lang='lat' dir='ltr'><strong><em>autem</em></strong></span> <span class='ocrx_word' id='word_1_290' title='bbox 800 2671 870 2720; x_wconf 78' lang='lat' dir='ltr'><strong><em>tr&#39;ter</em></strong></span> <span class='ocrx_word' id='word_1_291' title='bbox 881 2671 1036 2723; x_wconf 85' lang='lat' dir='ltr'><strong><em>aSuctonio</em></strong></span> <span class='ocrx_word' id='word_1_292' title='bbox 1050 2688 1242 2727; x_wconf 83' lang='lat' dir='ltr'><strong><em>commemora·</em></strong></span> 
     </span>
     <span class='ocr_line' id='line_1_30' title="bbox 117 2749 1241 2816; baseline 0.004 -17"><span class='ocrx_word' id='word_1_293' title='bbox 117 2753 170 2813; x_wconf 87' lang='lat' dir='ltr'><strong><em>tur,</em></strong></span> <span class='ocrx_word' id='word_1_294' title='bbox 186 2767 273 2816; x_wconf 82' lang='lat' dir='ltr'><strong><em>quem,</em></strong></span> <span class='ocrx_word' id='word_1_295' title='bbox 288 2767 349 2803; x_wconf 90' lang='lat' dir='ltr'><strong><em>curn</em></strong></span> <span class='ocrx_word' id='word_1_296' title='bbox 362 2751 572 2816; x_wconf 76' lang='lat' dir='ltr'><strong><em>diligentissime</em></strong></span> <span class='ocrx_word' id='word_1_297' title='bbox 583 2751 754 2803; x_wconf 74' lang='lat' dir='ltr'><strong><em>accusaris</em></strong></span> <span class='ocrx_word' id='word_1_298' title='bbox 766 2752 879 2814; x_wconf 83' lang='lat' dir='ltr'><strong><em>scriptis</em></strong></span> <span class='ocrx_word' id='word_1_299' title='bbox 890 2749 1005 2813; x_wconf 83' lang='lat' dir='ltr'><strong><em>reserat,</em></strong></span> <span class='ocrx_word' id='word_1_300' title='bbox 1016 2755 1058 2800; x_wconf 89' lang='lat' dir='ltr'><strong><em>tot</em></strong></span> <span class='ocrx_word' id='word_1_301' title='bbox 1069 2751 1241 2803; x_wconf 86' lang='lat' dir='ltr'><strong><em>uoluminum</em></strong></span> 
     </span>
     <span class='ocr_line' id='line_1_31' title="bbox 115 2825 1240 2892; baseline 0.003 -15"><span class='ocrx_word' id='word_1_302' title='bbox 115 2833 279 2882; x_wconf 88' lang='lat' dir='ltr'><strong><em>mentionem</em></strong></span> <span class='ocrx_word' id='word_1_303' title='bbox 292 2833 415 2882; x_wconf 87' lang='lat' dir='ltr'><strong><em>omisisse</em></strong></span> <span class='ocrx_word' id='word_1_304' title='bbox 429 2829 588 2881; x_wconf 74' lang='lat' dir='ltr'><strong><em>incredibile</em></strong></span> <span class='ocrx_word' id='word_1_305' title='bbox 600 2834 657 2880; x_wconf 87' lang='lat' dir='ltr'><strong><em>est:</em></strong></span> <span class='ocrx_word' id='word_1_306' title='bbox 670 2843 732 2879; x_wconf 91' lang='lat' dir='ltr'><strong><em>nam</em></strong></span> <span class='ocrx_word' id='word_1_307' title='bbox 745 2825 818 2892; x_wconf 80' lang='lat' dir='ltr'><strong><em>quod</em></strong></span> <span class='ocrx_word' id='word_1_308' title='bbox 826 2826 926 2876; x_wconf 79' lang='lat' dir='ltr'><strong><em>tibrum</em></strong></span> <span class='ocrx_word' id='word_1_309' title='bbox 938 2826 969 2876; x_wconf 85' lang='lat' dir='ltr'><strong><em>de</em></strong></span> <span class='ocrx_word' id='word_1_310' title='bbox 978 2827 1057 2877; x_wconf 83' lang='lat' dir='ltr'><strong><em>astris</em></strong></span> <span class='ocrx_word' id='word_1_311' title='bbox 1066 2843 1119 2877; x_wconf 89' lang='lat' dir='ltr'><strong><em>non</em></strong></span> <span class='ocrx_word' id='word_1_312' title='bbox 1128 2845 1240 2880; x_wconf 86' lang='lat' dir='ltr'><strong><em>comme·</em></strong></span> 
     </span>
     <span class='ocr_line' id='line_1_32' title="bbox 113 2902 1240 2974; baseline 0.002 -20"><span class='ocrx_word' id='word_1_313' title='bbox 113 2910 249 2972; x_wconf 84' lang='lat' dir='ltr'><strong><em>marcuit,</em></strong></span> <span class='ocrx_word' id='word_1_314' title='bbox 262 2908 375 2959; x_wconf 79' lang='lat' dir='ltr'><strong><em>uidetur</em></strong></span> <span class='ocrx_word' id='word_1_315' title='bbox 386 2911 410 2957; x_wconf 85' lang='lat' dir='ltr'><strong><em>ie</em></strong></span> <span class='ocrx_word' id='word_1_316' title='bbox 422 2909 488 2956; x_wconf 88' lang='lat' dir='ltr'><strong><em>item</em></strong></span> <span class='ocrx_word' id='word_1_317' title='bbox 502 2909 534 2955; x_wconf 88' lang='lat' dir='ltr'><strong><em>ut</em></strong></span> <span class='ocrx_word' id='word_1_318' title='bbox 549 2905 700 2957; x_wconf 82' lang='lat' dir='ltr'><strong><em>Ptolemaei</em></strong></span> <span class='ocrx_word' id='word_1_319' title='bbox 709 2902 742 2953; x_wconf 81' lang='lat' dir='ltr'><strong><em>de</em></strong></span> <span class='ocrx_word' id='word_1_320' title='bbox 754 2905 924 2967; x_wconf 86' lang='lat' dir='ltr'><strong><em>apparentiis</em></strong></span> <span class='ocrx_word' id='word_1_321' title='bbox 937 2907 965 2953; x_wconf 89' lang='lat' dir='ltr'><strong><em>et</em></strong></span> <span class='ocrx_word' id='word_1_322' title='bbox 976 2918 1046 2967; x_wconf 80' lang='lat' dir='ltr'><strong><em>qrrae</em></strong></span> <span class='ocrx_word' id='word_1_323' title='bbox 1057 2902 1173 2955; x_wconf 84' lang='lat' dir='ltr'><strong><em>ioannes</em></strong></span> <span class='ocrx_word' id='word_1_324' title='bbox 1185 2906 1240 2974; x_wconf 73' lang='lat' dir='ltr'><strong><em>hp-</em></strong></span> 
     </span>
     <span class='ocr_line' id='line_1_33' title="bbox 116 2977 1241 3048; baseline 0.002 -16"><span class='ocrx_word' id='word_1_325' title='bbox 116 2981 211 3034; x_wconf 76' lang='lat' dir='ltr'><strong><em>eiusde</em></strong></span> <span class='ocrx_word' id='word_1_326' title='bbox 224 2989 324 3036; x_wconf 79' lang='lat' dir='ltr'><strong><em>octeni.</em></strong></span> <span class='ocrx_word' id='word_1_327' title='bbox 335 2999 366 3048; x_wconf 89' lang='lat' dir='ltr'><strong><em>p.</em></strong></span> <span class='ocrx_word' id='word_1_328' title='bbox 380 2982 431 3035; x_wconf 81' lang='grc'><strong><em>357</em></strong></span> <span class='ocrx_word' id='word_1_329' title='bbox 444 2980 529 3033; x_wconf 84' lang='lat' dir='ltr'><strong><em>Betrlr.</em></strong></span> <span class='ocrx_word' id='word_1_330' title='bbox 543 3000 572 3034; x_wconf 88' lang='lat' dir='ltr'><strong><em>se</em></strong></span> <span class='ocrx_word' id='word_1_331' title='bbox 584 2998 621 3033; x_wconf 73' lang='lat' dir='ltr'><strong><em>ec</em></strong></span> <span class='ocrx_word' id='word_1_332' title='bbox 636 2981 732 3033; x_wconf 68' lang='lat' dir='ltr'><strong><em>Clodio</em></strong></span> <span class='ocrx_word' id='word_1_333' title='bbox 749 2977 833 3030; x_wconf 80' lang='lat' dir='ltr'><strong><em>Tucca</em></strong></span> <span class='ocrx_word' id='word_1_334' title='bbox 846 2981 962 3030; x_wconf 81' lang='lat' dir='ltr'><strong><em>uertisse</em></strong></span> <span class='ocrx_word' id='word_1_335' title='bbox 974 2981 1192 3044; x_wconf 81' lang='lat' dir='ltr'><strong><em>affirmatsastis</em></strong></span> <span class='ocrx_word' id='word_1_336' title='bbox 1203 2984 1241 3034; x_wconf 79' lang='lat' dir='ltr'><strong><em>ci-</em></strong></span> 
     </span>
     <span class='ocr_line' id='line_1_34' title="bbox 113 3055 1238 3125; baseline 0.002 -16"><span class='ocrx_word' id='word_1_337' title='bbox 113 3060 293 3125; x_wconf 82' lang='lat' dir='ltr'><strong><em>milissuisse.</em></strong></span> <span class='ocrx_word' id='word_1_338' title='bbox 304 3059 603 3125; x_wconf 78' lang='lat' dir='ltr'><strong><em>lncptrsmepigramma</em></strong></span> <span class='ocrx_word' id='word_1_339' title='bbox 610 3056 699 3108; x_wconf 77' lang='lat' dir='ltr'><strong><em>Threx</em></strong></span> <span class='ocrx_word' id='word_1_340' title='bbox 706 3071 771 3123; x_wconf 88' lang='lat' dir='ltr'><strong><em>puer</em></strong></span> <span class='ocrx_word' id='word_1_341' title='bbox 778 3057 886 3106; x_wconf 75' lang='lat' dir='ltr'><strong><em>astricto</em></strong></span> <span class='ocrx_word' id='word_1_342' title='bbox 895 3055 1000 3119; x_wconf 74' lang='lat' dir='ltr'><strong><em>(Burni.</em></strong></span> <span class='ocrx_word' id='word_1_343' title='bbox 1011 3057 1117 3107; x_wconf 76' lang='lat' dir='ltr'><strong><em>antiot.</em></strong></span> <span class='ocrx_word' id='word_1_344' title='bbox 1126 3057 1187 3123; x_wconf 88' lang='lat' dir='ltr'><strong><em>llp.</em></strong></span> <span class='ocrx_word' id='word_1_345' title='bbox 1194 3058 1238 3122; x_wconf 82' lang='lat' dir='ltr'><strong><em>m)</em></strong></span> 
     </span>
     <span class='ocr_line' id='line_1_35' title="bbox 117 3135 1238 3202; baseline 0.002 -11"><span class='ocrx_word' id='word_1_346' title='bbox 117 3140 236 3191; x_wconf 75' lang='lat' dir='ltr'><strong><em>Caesare</em></strong></span> <span class='ocrx_word' id='word_1_347' title='bbox 248 3137 393 3202; x_wconf 76' lang='lat' dir='ltr'><strong><em>indignum</em></strong></span> <span class='ocrx_word' id='word_1_348' title='bbox 407 3135 538 3187; x_wconf 83' lang='lat' dir='ltr'><strong><em>indicaui.</em></strong></span> <span class='ocrx_word' id='word_1_349' title='bbox 559 3137 633 3201; x_wconf 83' lang='lat' dir='ltr'><strong><em>Quae</em></strong></span> <span class='ocrx_word' id='word_1_350' title='bbox 645 3152 710 3187; x_wconf 89' lang='lat' dir='ltr'><strong><em>uera</em></strong></span> <span class='ocrx_word' id='word_1_351' title='bbox 722 3135 796 3201; x_wconf 84' lang='lat' dir='ltr'><strong><em>apud</em></strong></span> <span class='ocrx_word' id='word_1_352' title='bbox 808 3136 932 3186; x_wconf 72' lang='lat' dir='ltr'><strong><em>Seruari</em></strong></span> <span class='ocrx_word' id='word_1_353' title='bbox 944 3136 1026 3202; x_wconf 81' lang='lat' dir='ltr'><strong><em>Varg.</em></strong></span> <span class='ocrx_word' id='word_1_354' title='bbox 1036 3138 1105 3187; x_wconf 88' lang='lat' dir='ltr'><strong><em>Aen.</em></strong></span> <span class='ocrx_word' id='word_1_355' title='bbox 1115 3139 1136 3202; x_wconf 87' lang='lat'><strong><em>1,</em></strong></span> <span class='ocrx_word' id='word_1_356' title='bbox 1145 3139 1196 3191; x_wconf 76' lang='lat' dir='ltr'><strong><em>tit</em></strong></span> <span class='ocrx_word' id='word_1_357' title='bbox 1209 3142 1238 3194; x_wconf 87' lang='lat' dir='ltr'><strong><em>in</em></strong></span> 
     </span>
     <span class='ocr_line' id='line_1_36' title="bbox 113 3211 1239 3278; baseline 0 -10"><span class='ocrx_word' id='word_1_358' title='bbox 113 3214 249 3268; x_wconf 81' lang='lat' dir='ltr'><strong><em>Futdenri</em></strong></span> <span class='ocrx_word' id='word_1_359' title='bbox 259 3214 349 3266; x_wconf 81' lang='lat' dir='ltr'><strong><em>codice</em></strong></span> <span class='ocrx_word' id='word_1_360' title='bbox 363 3213 508 3278; x_wconf 81' lang='lat' dir='ltr'><strong><em>teguntur.-</em></strong></span> <span class='ocrx_word' id='word_1_361' title='bbox 533 3212 627 3264; x_wconf 86' lang='lat' dir='ltr'><strong><em>Occiso</em></strong></span> <span class='ocrx_word' id='word_1_362' title='bbox 641 3211 772 3264; x_wconf 75' lang='lat' dir='ltr'><strong><em>Mezentio</em></strong></span> <span class='ocrx_word' id='word_1_363' title='bbox 785 3212 942 3276; x_wconf 79' lang='lat' dir='ltr'><strong><em>Ascanium,</em></strong></span> <span class='ocrx_word' id='word_1_364' title='bbox 961 3213 1030 3263; x_wconf 80' lang='lat' dir='ltr'><strong><em>siout</em></strong></span> <span class='ocrx_word' id='word_1_365' title='bbox 1044 3213 1125 3269; x_wconf 81' lang='lat' dir='ltr'><strong><em>tutior</em></strong></span> <span class='ocrx_word' id='word_1_366' title='bbox 1140 3215 1239 3268; x_wconf 84' lang='lat' dir='ltr'><strong><em>Cuessr</em></strong></span> 
     </span>
     <span class='ocr_line' id='line_1_37' title="bbox 115 3283 1239 3361; baseline 0.004 -19"><span class='ocrx_word' id='word_1_367' title='bbox 115 3292 215 3352; x_wconf 79' lang='lat' dir='ltr'><strong><em>scribit,</em></strong></span> <span class='ocrx_word' id='word_1_368' title='bbox 226 3290 308 3343; x_wconf 84' lang='lat' dir='ltr'><strong><em>lutam</em></strong></span> <span class='ocrx_word' id='word_1_369' title='bbox 321 3299 440 3358; x_wconf 85' lang='lat' dir='ltr'><strong><em>coeptum</em></strong></span> <span class='ocrx_word' id='word_1_370' title='bbox 452 3290 541 3340; x_wconf 83' lang='lat' dir='ltr'><strong><em>uacari</em></strong></span> <span class='ocrx_word' id='word_1_371' title='bbox 555 3292 599 3341; x_wconf 86' lang='lat' dir='ltr'><strong><em>uel</em></strong></span> <span class='ocrx_word' id='word_1_372' title='bbox 611 3291 686 3357; x_wconf 77' lang='lat' dir='ltr'><strong><em>queri</em></strong></span> <span class='ocrx_word' id='word_1_373' title='bbox 700 3283 811 3358; x_wconf 72' lang='grc' dir='ltr'><strong><em>ἰοβόλον</em></strong></span> <span class='ocrx_word' id='word_1_374' title='bbox 823 3290 848 3340; x_wconf 85' lang='lat' dir='ltr'><strong><em>id</em></strong></span> <span class='ocrx_word' id='word_1_375' title='bbox 862 3298 903 3341; x_wconf 83' lang='lat' dir='ltr'><strong><em>eet</em></strong></span> <span class='ocrx_word' id='word_1_376' title='bbox 917 3290 1058 3355; x_wconf 75' lang='lat' dir='ltr'><strong><em>sagittandi</em></strong></span> <span class='ocrx_word' id='word_1_377' title='bbox 1072 3295 1182 3361; x_wconf 84' lang='lat' dir='ltr'><strong><em>peritum</em></strong></span> <span class='ocrx_word' id='word_1_378' title='bbox 1196 3296 1239 3346; x_wconf 89' lang='lat' dir='ltr'><strong><em>uel</em></strong></span> 
     </span>
     <span class='ocr_line' id='line_1_38' title="bbox 113 3362 1237 3436; baseline 0.003 -17"><span class='ocrx_word' id='word_1_379' title='bbox 113 3383 128 3419; x_wconf 80' lang='lat' dir='ltr'><strong><em>s</em></strong></span> <span class='ocrx_word' id='word_1_380' title='bbox 142 3372 224 3436; x_wconf 82' lang='lat' dir='ltr'><strong><em>primu</em></strong></span> <span class='ocrx_word' id='word_1_381' title='bbox 237 3370 332 3421; x_wconf 80' lang='lat' dir='ltr'><strong><em>barbae</em></strong></span> <span class='ocrx_word' id='word_1_382' title='bbox 347 3367 478 3429; x_wconf 73' lang='lat' dir='ltr'><strong><em>lanugine,</em></strong></span> <span class='ocrx_word' id='word_1_383' title='bbox 486 3380 559 3431; x_wconf 80' lang='lat' dir='ltr'><strong><em>quum</em></strong></span> <span class='ocrx_word' id='word_1_384' title='bbox 569 3362 659 3416; x_wconf 76' lang='grc' dir='ltr'><strong><em>ἴουλον</em></strong></span> <span class='ocrx_word' id='word_1_385' title='bbox 667 3365 760 3417; x_wconf 85' lang='lat' dir='ltr'><strong><em>Graeci</em></strong></span> <span class='ocrx_word' id='word_1_386' title='bbox 770 3367 868 3428; x_wconf 78' lang='lat' dir='ltr'><strong><em>dicunt,</em></strong></span> <span class='ocrx_word' id='word_1_387' title='bbox 877 3381 942 3433; x_wconf 85' lang='lat' dir='ltr'><strong><em>qaue</em></strong></span> <span class='ocrx_word' id='word_1_388' title='bbox 951 3368 974 3418; x_wconf 88' lang='lat' dir='ltr'><strong><em>ei</em></strong></span> <span class='ocrx_word' id='word_1_389' title='bbox 985 3376 1099 3434; x_wconf 85' lang='lat' dir='ltr'><strong><em>tempore</em></strong></span> <span class='ocrx_word' id='word_1_390' title='bbox 1108 3371 1237 3423; x_wconf 77' lang='lat' dir='ltr'><strong><em>uictoriae</em></strong></span> 
     </span>
     <span class='ocr_line' id='line_1_39' title="bbox 114 3441 1236 3511; baseline 0.002 -15"><span class='ocrx_word' id='word_1_391' title='bbox 114 3446 280 3508; x_wconf 77' lang='lat' dir='ltr'><strong><em>nascebatur,</em></strong></span> <span class='ocrx_word' id='word_1_392' title='bbox 289 3446 355 3495; x_wconf 78' lang='lat' dir='ltr'><strong><em>iaec</em></strong></span> <span class='ocrx_word' id='word_1_393' title='bbox 368 3446 433 3509; x_wconf 85' lang='lat' dir='ltr'><strong><em>quin</em></strong></span> <span class='ocrx_word' id='word_1_394' title='bbox 443 3441 735 3509; x_wconf 69' lang='lat' dir='ltr'><strong><em>impudentcrcorficta</em></strong></span> <span class='ocrx_word' id='word_1_395' title='bbox 743 3446 810 3506; x_wconf 89' lang='lat' dir='ltr'><strong><em>sint,</em></strong></span> <span class='ocrx_word' id='word_1_396' title='bbox 819 3459 870 3494; x_wconf 91' lang='lat' dir='ltr'><strong><em>non</em></strong></span> <span class='ocrx_word' id='word_1_397' title='bbox 880 3442 983 3509; x_wconf 76' lang='lat' dir='ltr'><strong><em>dubito,</em></strong></span> <span class='ocrx_word' id='word_1_398' title='bbox 994 3461 1047 3495; x_wconf 90' lang='lat' dir='ltr'><strong><em>non</em></strong></span> <span class='ocrx_word' id='word_1_399' title='bbox 1056 3449 1146 3497; x_wconf 88' lang='lat' dir='ltr'><strong><em>minus</em></strong></span> <span class='ocrx_word' id='word_1_400' title='bbox 1155 3462 1236 3511; x_wconf 85' lang='lat' dir='ltr'><strong><em>quam</em></strong></span> 
     </span>
     <span class='ocr_line' id='line_1_40' title="bbox 114 3518 1238 3588; baseline 0.003 -17"><span class='ocrx_word' id='word_1_401' title='bbox 114 3522 163 3572; x_wconf 85' lang='lat' dir='ltr'><strong><em>iiia</em></strong></span> <span class='ocrx_word' id='word_1_402' title='bbox 174 3523 206 3573; x_wconf 82' lang='lat' dir='ltr'><strong><em>de</em></strong></span> <span class='ocrx_word' id='word_1_403' title='bbox 219 3520 434 3588; x_wconf 73' lang='lat' dir='ltr'><strong><em>ephemeridibus</em></strong></span> <span class='ocrx_word' id='word_1_404' title='bbox 447 3519 485 3585; x_wconf 90' lang='lat' dir='ltr'><strong><em>(p.</em></strong></span> <span class='ocrx_word' id='word_1_405' title='bbox 501 3520 526 3584; x_wconf 80' lang='lat'><strong><em>5)</em></strong></span> <span class='ocrx_word' id='word_1_406' title='bbox 538 3523 590 3569; x_wconf 88' lang='lat' dir='ltr'><strong><em>aut</em></strong></span> <span class='ocrx_word' id='word_1_407' title='bbox 600 3518 673 3584; x_wconf 81' lang='lat' dir='ltr'><strong><em>quod</em></strong></span> <span class='ocrx_word' id='word_1_408' title='bbox 684 3524 782 3570; x_wconf 88' lang='lat' dir='ltr'><strong><em>auctor</em></strong></span> <span class='ocrx_word' id='word_1_409' title='bbox 794 3520 861 3570; x_wconf 77' lang='lat' dir='ltr'><strong><em>tiore·</em></strong></span> <span class='ocrx_word' id='word_1_410' title='bbox 872 3519 904 3570; x_wconf 82' lang='lat' dir='ltr'><strong><em>de</em></strong></span> <span class='ocrx_word' id='word_1_411' title='bbox 919 3524 1026 3586; x_wconf 76' lang='lat' dir='ltr'><strong><em>origine</em></strong></span> <span class='ocrx_word' id='word_1_412' title='bbox 1037 3523 1129 3588; x_wconf 79' lang='lat' dir='ltr'><strong><em>gentis</em></strong></span> <span class='ocrx_word' id='word_1_413' title='bbox 1141 3522 1238 3575; x_wconf 80' lang='lat' dir='ltr'><strong><em>Romo·</em></strong></span> 
     </span>
     <span class='ocr_line' id='line_1_41' title="bbox 113 3596 1237 3666; baseline 0 -14"><span class='ocrx_word' id='word_1_414' title='bbox 113 3616 164 3652; x_wconf 86' lang='lat' dir='ltr'><strong><em>nae</em></strong></span> <span class='ocrx_word' id='word_1_415' title='bbox 178 3601 303 3666; x_wconf 77' lang='lat' dir='ltr'><strong><em>pluribus</em></strong></span> <span class='ocrx_word' id='word_1_416' title='bbox 316 3599 383 3650; x_wconf 90' lang='lat' dir='ltr'><strong><em>toeis</em></strong></span> <span class='ocrx_word' id='word_1_417' title='bbox 396 3612 456 3648; x_wconf 88' lang='lat' dir='ltr'><strong><em>eum</em></strong></span> <span class='ocrx_word' id='word_1_418' title='bbox 468 3596 588 3647; x_wconf 81' lang='lat' dir='ltr'><strong><em>otiosum</em></strong></span> <span class='ocrx_word' id='word_1_419' title='bbox 600 3601 658 3648; x_wconf 86' lang='lat' dir='ltr'><strong><em>tum</em></strong></span> <span class='ocrx_word' id='word_1_420' title='bbox 671 3597 796 3649; x_wconf 82' lang='lat' dir='ltr'><strong><em>Caesaris</em></strong></span> <span class='ocrx_word' id='word_1_421' title='bbox 809 3601 963 3648; x_wconf 80' lang='lat' dir='ltr'><strong><em>testimonio</em></strong></span> <span class='ocrx_word' id='word_1_422' title='bbox 976 3601 1082 3662; x_wconf 84' lang='lat' dir='ltr'><strong><em>utitur,</em></strong></span> <span class='ocrx_word' id='word_1_423' title='bbox 1097 3602 1154 3650; x_wconf 76' lang='lat' dir='ltr'><strong><em>nisi</em></strong></span> <span class='ocrx_word' id='word_1_424' title='bbox 1163 3601 1237 3665; x_wconf 75' lang='lat' dir='ltr'><strong><em>quoi</em></strong></span> 
     </span>
     <span class='ocr_line' id='line_1_42' title="bbox 113 3675 652 3743; baseline -0.004 -15"><span class='ocrx_word' id='word_1_425' title='bbox 113 3681 180 3729; x_wconf 77' lang='lat' dir='ltr'><strong><em>icae</em></strong></span> <span class='ocrx_word' id='word_1_426' title='bbox 191 3678 334 3743; x_wconf 81' lang='lat' dir='ltr'><strong><em>aliquanto</em></strong></span> <span class='ocrx_word' id='word_1_427' title='bbox 346 3679 500 3728; x_wconf 84' lang='lat' dir='ltr'><strong><em>recentiora</em></strong></span> <span class='ocrx_word' id='word_1_428' title='bbox 513 3675 652 3726; x_wconf 78' lang='lat' dir='ltr'><strong><em>uidentur.</em></strong></span> 
     </span>
    </p>
   </div>
   <div class='ocr_carea' id='block_1_4' title="bbox 0 0 1350 4688">
    <p class='ocr_par' dir='ltr' id='par_1_6' title="bbox 0 0 1350 4688">
     <span class='ocr_line' id='line_1_43' title="bbox 0 0 1350 4688; baseline 0 3"><span class='ocrx_word' id='word_1_429' title='bbox 0 0 1350 4688; x_wconf 95' lang='lat' dir='ltr'><strong><em> </em></strong></span> 
     </span>
    </p>
   </div>
  </div>
 </body>
</html>
