2692 4688
417 209 731 282 commulcat).
751 212 945 283 too-1⁰⁹.
1241 216 1305 287 oet

126 386 280 453 eunuchus
296 384 418 449 nomine
431 382 590 449 Pothinus.
628 383 660 449 le
674 386 802 469 primum
816 384 897 450 ieter
910 407 982 451 suos
998 386 1082 470 queri
1097 399 1186 474 atque
1199 390 1247 455 iu·

126 490 245 575 dignari
260 487 358 572 coepit
372 507 473 571 regem
489 487 526 552 ad
541 508 661 552 causam
677 488 832 553 dicendam
848 491 985 569 euocari3
1010 490 1117 555 deiude
1131 493 1246 558 adiuto-
1261 492 1283 559 2

124 614 178 658 res
194 591 338 675 quosdam
355 589 461 653 consili
477 589 526 654 sui
541 600 646 654 noctus
667 608 708 653 ex
728 590 809 674 regis
824 591 928 654 amieis
944 591 1110 656 exercitum
1126 614 1144 656 e
1158 593 1248 661 Pelo·

126 697 174 760 sio
189 695 266 758 olam
281 693 497 757 Alexandriam
513 691 654 756 euocauit
668 701 757 775 atque
772 692 898 756 eundem
913 693 1074 774 Achillam,
1095 696 1182 760 cuius
1197 718 1248 762 eu·

88 810 104 862 e
127 817 181 884 pra
198 795 396 873 meminimus,
413 795 549 859 omnihus
564 794 658 878 copiis
674 794 829 878 praefecit.
865 794 956 860 lluue
971 797 1124 862 incitatum
1140 800 1203 864 suis
1219 811 1250 866 et

123 899 208 986 regis
223 899 357 962 inflatum
373 897 650 980 pollicitationibus,
668 917 744 980 quae
759 897 824 961 heri
839 899 942 977 uellet,
960 899 1067 964 litteris
1075 904 1247 987 nuntiisque

124 1002 257 1068 edocuit.
289 996 326 1063 lu
341 1009 523 1065 testamento
538 996 704 1063 Ptolemaei
725 1001 819 1083 patris
842 1000 969 1066 heredes
984 1013 1073 1067 erent
1086 1003 1192 1089 scripti
1207 1006 1282 1072 exd

126 1104 241 1169 duobus
256 1102 325 1167 filiis
340 1101 437 1165 maior
451 1111 482 1164 et
496 1120 537 1165 ex
552 1101 665 1166 duahus
680 1101 797 1167 liliahus
812 1122 867 1181 ea,
884 1125 961 1187 quae
977 1116 1074 1170 aetate
1089 1108 1247 1174 antecede·

124 1205 186 1271 hat.
218 1204 303 1269 llaec
317 1204 359 1267 uli
376 1204 501 1278 herent,
516 1225 572 1289 per
586 1224 690 1269 omnes
705 1205 777 1269 deos
793 1226 904 1289 perque
920 1208 1060 1286 loedere,
1090 1228 1167 1291 quae
1182 1209 1246 1274 llo·

78 1318 106 1371 tu
126 1328 193 1373 urae
217 1309 358 1384 fecisset,
384 1306 489 1369 eodem
510 1316 690 1371 testamento
705 1304 897 1373 Ptolemaeus
919 1309 1055 1394 populum
1078 1308 1246 1376 Romanum

127 1410 344 1474 obtestabatur.
375 1405 511 1472 Tabulae
533 1409 704 1473 tealomeuti
727 1430 805 1475 uuae
826 1412 1016 1494 perlegales
1039 1413 1103 1476 eius
1117 1411 1281 1479 Romami

126 1522 213 1577 emut
226 1512 347 1590 assutee,
364 1521 397 1573 ut
411 1509 443 1573 in
458 1510 577 1574 aerario
591 1524 776 1595 pouereotor
791 1513 874 1593 (hae,
893 1534 958 1577 com
974 1525 1099 1599 propter
1111 1514 1246 1599 publicas

126 1615 338 1699 occupationes
352 1613 422 1698 poui
438 1634 498 1677 uon
514 1615 690 1697 potuissent,
707 1615 784 1699 apud
794 1612 966 1700 Pompeium
976 1627 1046 1680 sunt
1062 1617 1242 1701 depositae),

126 1716 241 1781 alterae
256 1715 361 1781 eodem
376 1716 515 1799 exemplo
530 1716 653 1780 relictae
667 1727 757 1800 atque
772 1716 1161 1800 obsignataeAlexcndriae
1177 1742 1244 1805 pro-

78 1829 107 1882 lt
127 1819 313 1884 ferebantur.
343 1816 391 1882 De
413 1817 460 1882 his
481 1818 573 1881 rebus
595 1839 660 1882 cum
683 1830 826 1902 ageretur
840 1821 916 1905 apud
933 1817 1117 1899 Caesarem,
1141 1822 1299 1904 isquelllll

128 1921 260 1984 maxime
273 1920 367 1984 uellet
379 1940 433 2006 pre
448 1920 597 1984 communi
612 1920 708 1983 amico
724 1930 812 2006 alque
827 1922 940 1986 arbitro
957 1924 1181 1988 controuersias
1198 1946 1245 1990 re·

127 2042 198 2106 gum
214 2041 405 2107 componere,
422 2024 520 2089 subito
535 2023 690 2086 exercitus
697 2023 799 2107 regius
814 2024 1022 2108 equitatusque
1030 2026 1126 2089 omnis
1142 2027 1244 2093 uenire

126 2124 344 2190 Alexandriam
358 2126 524 2190 mundetur.
551 2123 694 2189 Caesaris
709 2125 813 2208 copiae
828 2144 1013 2208 nequaquam
1029 2139 1114 2191 erant
1129 2139 1244 2208 tantae,
1259 2130 1282 2192 2

126 2228 220 2292 uteie
234 2238 324 2293 extra
339 2230 489 2313 oppidum,
506 2228 533 2292 si
549 2238 632 2292 esset
646 2226 855 2304 dimicandum,
873 2228 1047 2290 confideret.
1084 2226 1247 2312 Relinque-

78 2338 107 2393 to
129 2328 237 2411 hatur,
260 2341 294 2395 ut
314 2352 348 2397 se
370 2332 434 2396 suis
457 2330 531 2394 locis
553 2331 661 2414 oppido
682 2339 801 2393 teneret
815 2329 1030 2412 consiliumque
1044 2328 1183 2395 Achillae
1197 2353 1247 2396 co·

128 2443 298 2516 gumccrct.
327 2431 444 2498 Milites
467 2443 567 2497 temen
590 2452 695 2497 omues
716 2431 749 2496 iu
769 2431 861 2497 armis
884 2452 952 2496 esse
971 2433 1061 2498 iussit
1089 2433 1283 2520 regemqued

128 2532 266 2599 hortatus
279 2547 347 2616 est,
371 2547 407 2600 ut
421 2557 462 2599 ex
476 2537 539 2599 suis
554 2535 736 2600 necessariis
751 2556 824 2618 quos
841 2534 965 2601 haberet
979 2537 1128 2602 maximae
1144 2549 1247 2603 auoto-

127 2636 227 2702 ritatis
242 2636 359 2724 legatos
375 2639 412 2702 ad
427 2637 575 2702 Achillam
591 2640 724 2702 mitteret
737 2649 780 2717 et,
798 2639 868 2722 quid
884 2651 966 2703 esset
981 2661 1054 2703 suae
1070 2644 1244 2720 uoluntatis,

128 2739 312 2804 ostenderet.
343 2739 447 2823 Aque
462 2740 546 2803 missi
562 2737 755 2804 Dioscorides
771 2752 802 2804 et
811 2738 970 2823 Serapion,
988 2742 1037 2822 qui
1053 2742 1139 2804 ambo
1155 2743 1246 2826 legati
1261 2747 1283 2810 4

78 2851 106 2904 ts
129 2838 244 2905 llomae
258 2844 378 2905 lucrant
392 2862 589 2926 magnamque
603 2842 680 2926 opud
695 2853 808 2926 patrem
818 2840 1021 2906 Ptolemaeum
1038 2844 1247 2906 auctoritatem

129 2942 311 3022 habueruut,
335 2944 372 3008 ad
387 2944 536 3009 Achillam
553 2956 767 3030 peruenerunt.
800 2943 885 3027 Quos
901 2945 968 3021 ille,
993 2965 1057 3006 cum
1074 2944 1105 3005 iu
1120 2964 1246 3027 conspe·
1263 2945 1282 3010 5

129 3056 209 3111 ctum
226 3047 290 3110 eius
304 3048 480 3125 uenissent,
498 3049 668 3131 priusquam
684 3047 800 3110 audiret
814 3058 885 3124 aot,
903 3047 988 3109 cuius
1003 3045 1047 3109 rei
1063 3065 1152 3109 causa
1163 3047 1248 3111 missi

131 3158 254 3226 esseut,
280 3161 497 3233 cognosceret,
515 3149 625 3232 corripi
642 3158 731 3231 atque
746 3148 873 3211 interfici
896 3148 1002 3225 iussit3
1026 3168 1148 3230 quorum
1172 3149 1248 3214 aller

130 3260 252 3335 accepto
273 3251 399 3317 uulnere
414 3261 575 3335 occupatus
591 3271 645 3335 per
659 3272 730 3315 suos
746 3272 800 3336 pro
816 3251 917 3314 occiso
932 3249 1085 3330 sublatus,
1109 3251 1187 3315 alter
1201 3253 1248 3315 iu·

78 3362 108 3415 te
130 3353 275 3417 terleotos
289 3365 348 3418 est.
380 3351 449 3435 Quo
467 3357 545 3418 lacto
560 3374 662 3440 regem
678 3355 756 3417 utin
772 3374 825 3417 sua
841 3363 988 3437 potestate
1002 3352 1143 3430 haberet,
1169 3348 1247 3418 Cae·
1262 3353 1284 3421 6

131 3474 184 3518 ear
198 3456 286 3519 efficit
308 3479 445 3542 magnam
467 3457 581 3541 regium
605 3477 713 3520 nonren
736 3456 811 3539 apud
827 3476 898 3519 sues
913 3456 1123 3520 auctoritatem
1139 3454 1248 3520 hahere

131 3556 308 3623 existimaus
324 3569 355 3623 et
370 3570 403 3623 ut
417 3561 516 3643 potius
532 3560 650 3641 priuato
673 3579 834 3642 paucorum
851 3568 881 3621 et
894 3559 1044 3623 latronum
1061 3579 1148 3640 quam
1163 3560 1249 3642 regio

240 3751 251 3801 l
268 3748 392 3801 Pothinus
405 3751 431 3813 d,
445 3750 570 3801 Photinus
584 3765 600 3798 c
615 3750 727 3814 ‘relique'
733 3746 750 3797 ¹.
878 3745 947 3796 iuter
959 3760 989 3795 sc
1002 3750 1028 3794 et
1041 3759 1102 3794 suos
1116 3745 1141 3794 h.

130 3824 263 3877 2eeucum
277 3827 411 3877 dicendum
424 3842 450 3889 c,
466 3827 599 3877 dicendam
612 3841 719 3877 causum
733 3823 792 3874 cdd.
913 3822 928 3875 3
942 3820 1036 3873 consili
1049 3821 1089 3872 aui
1101 3822 1248 3888 Aircrdca,

131 3902 230 3952 conscii
243 3904 284 3953 sui
298 3904 313 3953 d
326 3908 362 3965 ot,
377 3903 502 3968 quisuis,
516 3918 549 3964 c‚·
563 3902 681 3952 conscios
694 3901 735 3951 sul
748 3915 775 3949 u.
881 3914 914 3949 ex
928 3914 981 3949 om.
991 3914 1006 3949 c
1016 3898 1040 3947 h.
1145 3896 1250 3952 Pulosio

130 3992 157 4028 a.
264 3980 408 4047 ipraellcit
420 3995 447 4030 c.
563 3979 695 4031 Silliahue
710 3979 733 4040 l,
749 3993 802 4028 om.
816 3976 928 4043 reliqui.
942 3977 971 4028 P.
987 3977 1045 4031 188.
1163 3987 1250 4031 aetate

130 4059 225 4108 cuod.
333 4055 596 4110 lluoac‘mrs.3’.
698 4054 956 4107 Romaeohddctt.
1062 4056 1092 4108 15
1107 4056 1183 4106 rehus
1196 4073 1249 4106 om.

133 4137 158 4188 h.
266 4136 297 4188 ld
310 4136 420 4186 arbitrio
432 4141 496 4185 ante
509 4150 580 4186 corr.
594 4150 621 4184 c.
724 4135 757 4187 25
771 4148 913 4200 magnaque
926 4150 953 4185 c.
1063 4136 1097 4188 to
1111 4143 1250 4200 conspectu

131 4214 181 4263 ch.
287 4213 458 4265 llediretc.
572 4209 982 4276 29uacepto-alterom.ob.
1098 4211 1127 4262 el
1144 4211 1250 4262 efficito

133 4288 207 4339 ‘mac
222 4288 257 4352 P,
272 4290 360 4341 effecit
371 4306 399 4340 u.
503 4301 621 4352 mugram
633 4301 704 4338 onus
716 4286 782 4350 det„
797 4300 966 4354 magnamque
978 4288 1090 4353 reliqui.
1104 4286 1136 4336 P.
1152 4287 1195 4341 2⁰.
