2692 4688
533 193 853 259 -ttu—

136 372 230 448 ferar,
247 371 302 433 bac
316 389 351 433 re
365 370 479 452 ipsum,
496 366 574 450 quod
590 367 687 430 uitare
702 366 791 444 nolo,
808 366 1001 449 arrogantiae
1015 365 1131 430 crimen
1145 364 1262 431 subeor

136 474 240 537 uideor
260 473 340 536 enim
361 470 537 536 existimare
552 490 601 533 me
615 468 726 533 iudicio
741 470 921 552 cuiusquam.
933 488 1022 552 posse
1043 488 1110 531 cum
1126 462 1267 535 &esum

136 573 314 659 comparari.

221 675 292 740 Lib.
311 672 399 752 VIII,
416 695 445 739 ε.
463 674 484 737 4
499 674 573 738 baec
587 674 620 737 in
634 674 720 737 codd.
737 675 849 759 scripta
864 682 951 737 sante
971 666 1102 735 ‘Caesar
1121 670 1267 737 militibus

136 801 189 863 pro
205 790 289 843 tanto
304 776 408 841 labore
423 795 459 841 ac
474 777 629 859 patientia,
647 778 696 857 qui
712 774 895 841 brumalibus
911 774 1027 850 diebus,
1037 772 1197 837 itineribus
1208 774 1268 841 dit·

136 880 292 957 dodilonis,
311 878 473 964 frigoribus
487 877 684 944 intolerandis
698 877 917 942 studiosissime
932 885 1161 959 permanserant
1174 876 1208 941 in
1222 876 1268 941 Ie·

136 984 228 1061 bore,
253 984 384 1046 ducenos
399 980 578 1060 sestertios,
600 981 825 1045 centurionibus
841 990 886 1043 tot
900 978 982 1043 milia
997 998 1120 1041 numum
1135 979 1267 1062 praedae

137 1086 259 1149 nominc
274 1084 470 1149 condonanda
485 1083 664 1167 pollicetur’3
683 1082 742 1146 nisi
758 1081 834 1165 quod
848 1082 881 1146 in
896 1081 934 1145 iis
950 1080 1141 1145 ‘condonata'
1157 1094 1267 1167 perusa¹

137 1198 207 1274 gato
222 1208 327 1253 errore
343 1187 470 1270 positam
486 1196 543 1250 est.
585 1180 646 1249 Sed
662 1185 790 1267 singulis
804 1183 1029 1249 centurionibus
1051 1184 1170 1249 ducena
1181 1184 1267 1249 milit

137 1291 206 1353 data
221 1310 289 1354 esse
303 1288 478 1354 incredibile
493 1299 556 1353 est:
573 1307 671 1370 neque
685 1296 820 1350 statuere
835 1286 906 1350 lieet
919 1285 1059 1349 omnibus
1081 1285 1267 1353 ‹scabinioni-¹

137 1392 192 1456 bus
208 1393 330 1455 duarum
346 1392 495 1475 legionum
512 1394 572 1471 (tot
586 1391 664 1454 enim
681 1410 750 1454 cum
767 1384 900 1453 Caesare
912 1390 1006 1455 fuisse
1021 1410 1050 1452 c.
1066 1387 1100 1466 2,
1119 1386 1136 1452 1
1153 1388 1266 1453 dictu

138 1497 199 1575 est)
215 1493 342 1557 ducenta
357 1492 440 1555 milia
454 1493 565 1555 tributa
581 1510 660 1555 esse.
683 1489 765 1554 Nam
781 1512 817 1554 ea
832 1511 945 1555 summa
962 1504 1059 1573 neque
1074 1490 1156 1555 inter
1169 1486 1266 1557 CXX

139 1594 333 1659 centuriones
348 1592 514 1677 aequaliter
529 1592 669 1657 distribui
685 1601 799 1674 potest,
823 1612 921 1678 neque
941 1593 1022 1688 inter
1034 1588 1155 1671 XCVI,
1172 1602 1206 1657 ut
1218 1592 1266 1659 bi·.

138 1697 187 1761 nis
209 1695 382 1761 cohortibus
408 1696 564 1779 utriusque
584 1695 730 1781 legionis,
754 1716 830 1779 quae
853 1715 879 1758 ε.
902 1693 973 1770 2,2
994 1695 1033 1761 ed
1053 1694 1271 1780 impedimento¹

138 1798 263 1865 relictae
277 1799 430 1872 diduntur,
447 1798 521 1862 nibil
536 1798 736 1862 condonatum
752 1798 1007 1863 existimaremus.
1032 1795 1086 1876 Et,
1103 1797 1220 1864 edumei
1232 1796 1266 1863 id

139 1904 205 1967 deri
223 1913 334 1987 posset,
351 1911 451 1964 nmen
466 1900 692 1965 centurionibus
707 1902 796 1965 nimia
813 1923 927 1966 summa
943 1901 1012 1965 data
1026 1911 1126 1978 esset;
1150 1920 1209 1983 qus
1224 1914 1265 1969 dx

137 2016 224 2090 perte
238 2006 311 2069 item
326 2002 453 2079 laborat,
462 2002 540 2084 quod
556 2002 593 2065 ab
609 2000 822 2088 Oudendorpio
837 2026 880 2069 ex
894 2025 953 2068 uno
969 2004 1130 2068 deterrimo
1145 2002 1267 2082 codice,

137 2106 237 2191 Bong.
249 2117 336 2185 tert,
351 2106 478 2189 positum
492 2115 550 2181 est,
569 2101 612 2168 ‘II
628 2106 717 2169 milia’
733 2105 790 2169 boc
805 2117 853 2171 est
869 2106 972 2171 ‘bina'.
993 2104 1107 2171 Notum
1123 2107 1267 2171 estruit

137 2210 300 2293 antiquitus
316 2208 482 2273 institutum
499 2207 611 2285 luisse,
630 2216 662 2270 ut
677 2208 900 2272 centurionibus
917 2210 1027 2292 duplex
1042 2208 1109 2273 eius
1128 2226 1265 2274 sumnus

138 2316 322 2397 acciperent,
339 2330 415 2392 quae
429 2309 573 2374 militibus
588 2310 795 2373 tribuebatur:
814 2331 940 2394 eamque
955 2313 1102 2376 radonem
1117 2305 1265 2375 Caesaris

139 2428 274 2498 tempore
288 2422 441 2477 seruatam
456 2430 526 2473 esse
541 2411 670 2495 Appiani
687 2413 779 2476 uerba
793 2413 1010 2490 demonstrant,
1027 2414 1076 2496 qni
1091 2413 1123 2476 b.
1140 2413 1203 2477 cin.
1219 2408 1265 2491 II,

140 2517 204 2581 10⁴2
219 2536 259 2580 ox
274 2511 400 2596 pecunia
417 2532 433 2573 a
450 2507 583 2577 Caesare
597 2513 630 2577 in
644 2514 793 2599 triumpho
814 2516 951 2580 traducta
973 2517 1149 2581 distributas
1169 2517 1267 2581 relert

138 2612 324 2703 στρατιώτῃ
347 2611 415 2697 μὲν
439 2607 507 2680 daci
523 2618 793 2706 πεντακισχιλίας
808 2616 960 2707 δραχμάς
978 2612 1145 2697 Ἀπιειὶς,
1160 2620 1267 2708 λοχα-

137 2722 184 2809 γῷ
207 2711 354 2785 dudeco]
376 2715 417 2781 so*
441 2712 619 2783 διπλάσιον
641 2720 698 2785 καὶ
725 2717 879 2810 χιλιάρχῃ
900 2720 958 2788 καὶ
983 2714 1140 2811 ἱππάρχῃ
1154 2721 1194 2788 cd
1214 2715 1267 2789 ὅτε

137 2817 328 2890 διπλάσιον.
368 2815 485 2900 Itaque,
502 2819 574 2901 quin
589 2840 637 2896 ea,
654 2841 730 2901 quac
746 2843 835 2907 supra
850 2823 1014 2907 posuimus,
1032 2834 1175 2907 corrupta
1189 2823 1267 2903 siut,-

139 2925 274 2991 dubitare
290 2942 351 2985 non
365 2922 455 2998 licet3
473 2921 709 2987 emendationem
724 2945 798 2987 uero
813 2925 949 2990 inuenire
964 2944 1024 2990 non
1040 2926 1135 3010 potui.

222 3022 261 3091 G.
279 3023 344 3103 5‚2
358 3025 476 3089 codices
491 3024 533 3089 ita
548 3024 709 3089 exhibent:
730 3022 861 3091 ‘Caesar
874 3039 1065 3111 erumpentes
1081 3050 1117 3093 eo
1131 3029 1266 3093 maxim

138 3142 272 3213 tempore
287 3129 450 3192 acerrimas
466 3137 660 3211 tempestates
675 3149 743 3191 eum
758 3128 860 3193 subire
875 3129 985 3193 milites
996 3130 1101 3208 nollet,
1115 3131 1144 3193 io
1155 3131 1266 3214 oppido

138 3226 304 3293 Carnutum
327 3226 452 3291 Genabo
475 3240 574 3293 castra
596 3232 680 3314 ponit
700 3241 790 3312 etque
811 3232 843 3295 in
868 3242 947 3295 tecta
970 3233 1075 3314 partim
1106 3230 1265 3299 Gallorum

138 3331 264 3416 partim,
288 3350 364 3411 quae
386 3330 530 3395 coniectis
551 3331 691 3393 celeriter
710 3332 884 3397 stramentis
907 3334 1103 3398 tentoriorum
1124 3335 1265 3419 integen-

28 3462 52 3479 ·
139 3436 241 3497 dorum
258 3433 355 3514 gratia
371 3443 456 3495 crant
472 3433 674 3509 inaedificata,
692 3435 801 3498 milites
817 3434 973 3520 contegit'.
1006 3433 1118 3501 Verum
1135 3439 1167 3503 In
1182 3448 1265 3503 teoto

140 3535 259 3617 contegi
286 3535 394 3599 milites
418 3533 528 3599 Latine
560 3533 616 3597 dici
643 3547 726 3599 recte
749 3538 806 3599 iam
830 3536 958 3603 Vossius
979 3542 1112 3624 negauit.
1151 3537 1265 3624 Neque

139 3638 219 3702 enirn
236 3638 291 3701 boc
306 3658 343 3701 eo
358 3638 475 3702 delendi
491 3646 606 3721 potest,
631 3650 663 3701 ut
686 3638 861 3722 quibusdam
885 3641 982 3705 uisum
1004 3652 1070 3720 est,
1096 3642 1174 3723 quod
1195 3641 1265 3707 abdi

139 3740 249 3822 aliquid
262 3740 293 3801 in
308 3740 435 3823 aliquem
452 3740 548 3805 locum
565 3740 692 3804 dicitur:
717 3764 792 3825 quac
808 3744 886 3807 enim
902 3744 1070 3819 abduntur,
1087 3764 1124 3807 ea
1140 3764 1265 3809 moues·

140 3854 201 3917 tur,
218 3842 247 3905 id
263 3843 341 3924 quod
358 3843 543 3907 eontrarium
559 3844 652 3907 estin
668 3847 866 3929 contegendo.
884 3845 1264 3929 ltaqucflirtiodicendnn

140 3944 261 4017 luisset,
285 3954 317 4006 ut
336 3942 459 4008 Tacitus
483 3945 560 4017 dixit
575 3943 680 4010 Germ.
698 3946 741 4011 tu
765 3957 832 4012 ‘nec
848 3950 928 4013 aliud
949 3950 1115 4013 infantibus
1130 3951 1265 4013 derorum

138 4047 335 4129 imbriumque
357 4046 535 4130 suffugium,
559 4069 647 4129 quam
669 4051 750 4114 utin
773 4052 873 4134 aliquo
894 4072 1043 4114 ramorum
1061 4072 1142 4115 rrexu
1158 4061 1263 4117 conte·

139 4147 271 4235 gantur'.
302 4146 353 4213 Ne
374 4150 405 4212 id
425 4149 542 4231 quidem
566 4153 647 4215 credi
671 4164 768 4235 potest
791 4153 827 4218 ab
850 4154 985 4216 instituta
1002 4154 1149 4217 orationis
1164 4156 1264 4219 dorma

93 4314 97 4322 .
138 4252 297 4319 dellcaisse
316 4252 513 4336 scriptorem,
537 4272 604 4317 cum
619 4254 650 4317 in
666 4256 740 4319 satis
756 4256 839 4320 breui
856 4256 1008 4321 enuntiato
1031 4257 1146 4341 reliqua
1160 4255 1264 4321 omma
