2692 4688
560 199 869 311 scorrer-fec.
1268 202 1333 274 mu

154 401 276 446 cursore
292 390 322 444 et
337 378 425 442 nrodo
440 396 473 442 se
488 379 568 443 intra
584 389 685 463 portas
700 374 836 460 recipere
850 374 938 439 modu
953 375 1160 441 inconstanter
1170 378 1275 442 immo-

152 485 313 566 deratoque
336 480 466 564 prodire.
506 479 582 544 Cum
604 480 682 545 idem
705 501 724 543 n
747 476 880 562 pluribus
909 477 1108 542 animaduerti
1136 479 1310 564 coeptum2

151 595 248 661 essct,
267 583 364 646 subito
380 582 470 666 legati
486 583 662 667 euocatique
677 582 838 646 obscurare
853 575 1035 659 Caesarem,
1061 601 1099 644 ne
1122 579 1273 646 dubitaret

153 687 269 769 signum
286 686 376 748 dare:
401 684 557 749 uictoriam
573 686 630 750 sibi
645 683 793 769 propriam
809 703 826 745 a
841 682 887 747 dis
902 681 1109 747 inmortalibus
1124 683 1273 767 portendi.

117 799 132 850 5
156 785 317 851 Dubitante
326 782 460 850 Caesare
475 796 564 870 atque
579 807 680 850 eorum
696 786 794 850 studio
806 785 1017 870 cupiditatique
1028 785 1190 850 resistente
1205 783 1276 848 sibi·
1291 784 1311 849 3

154 910 212 973 que
227 889 383 974 eruptione
399 889 524 972 pugnari
540 910 601 952 non
613 889 731 972 placere
742 887 914 952 clamitante
929 897 961 953 et
978 886 1068 951 etiam
1086 897 1174 970 atquc
1184 886 1275 951 etiarn

153 991 248 1054 aciem
263 1001 452 1055 sustentante
467 990 566 1055 subito
582 992 690 1054 dextro
706 1010 799 1055 cornu
815 990 931 1054 iniussu
948 984 1091 1053 Caesaris
1112 985 1233 1053 tubicen
1255 1010 1273 1052 a

152 1092 296 1157 militibus
312 1102 434 1155 coactus
450 1113 558 1157 canere
573 1092 682 1176 coepit.
707 1089 776 1174 Quo
791 1094 871 1156 iactu
886 1090 923 1155 ab
939 1089 1090 1154 uniuersis
1102 1089 1311 1154 cohortibusl

152 1196 240 1278 signa
255 1195 286 1257 in
303 1195 418 1258 bostem
433 1213 559 1281 coepere
573 1194 697 1274 inferri,
721 1214 787 1258 cum
804 1193 994 1258 centuriones
1010 1201 1132 1276 pectore
1146 1189 1276 1256 aduerso

97 1308 131 1361 to
152 1296 331 1360 resisterent
347 1297 435 1380 nique
451 1297 643 1362 continerent
656 1296 785 1374 milites,
810 1315 848 1359 ne
863 1294 980 1359 iniussu
995 1294 1185 1379 imperatoris
1200 1314 1271 1357 con-

151 1409 322 1477 currerent,
340 1418 397 1462 uec
412 1399 567 1483 quicquam
582 1399 774 1483 proficerent.
800 1394 1054 1481 Quodpnstqnam
1062 1390 1332 1466 Caesarium-88

152 1498 229 1563 lexit
243 1500 372 1565 incitatis
388 1500 512 1565 militurn
527 1501 636 1566 animis
650 1500 752 1566 resisti
767 1501 848 1564 nullo
864 1499 951 1563 modo
966 1516 1073 1583 posse,
1090 1498 1177 1583 signo
1192 1495 1274 1562 Feli·

153 1601 253 1666 citatls
269 1602 338 1666 dato
355 1623 430 1686 equo
445 1603 576 1668 admisso
590 1603 622 1667 in
638 1601 754 1667 bostem
770 1613 875 1667 contra
891 1600 1040 1687 principes
1051 1598 1273 1664 irecontendit.

153 1702 300 1769 Adextro
310 1705 429 1770 interim
446 1726 540 1770 cornu
556 1705 721 1769 funditores
737 1705 945 1790 sagittariique
959 1703 1076 1768 concita
1093 1703 1151 1767 tela
1166 1702 1198 1766 in
1214 1701 1311 1767 ele-2

97 1815 128 1869 lt
151 1806 279 1891 pbantos
295 1806 466 1890 frequentes
481 1807 618 1870 iniciunt.
650 1803 718 1887 Quo
734 1809 812 1870 iacto
827 1807 943 1871 bestiae
964 1805 1094 1869 stridore
1118 1803 1274 1868 fundarum
1290 1798 1310 1866 3

153 1906 340 1990 lapidumque
355 1907 536 1990 perterritae
550 1926 620 1970 sese
634 1918 813 1973 conuertere
834 1918 866 1972 et
880 1926 952 1972 suos
967 1917 1036 1991 post
1050 1927 1084 1971 se
1100 1907 1274 1989 trequentes

154 2009 340 2092 stipatusque
356 2017 511 2091 proterere
535 2017 567 2071 et
587 2007 618 2070 in
641 2018 743 2092 portas
765 2009 836 2073 ualli
859 2010 1032 2075 semilactas
1047 2028 1135 2073 ruere
1151 2018 1274 2073 conten·

153 2111 238 2175 dunt.
271 2107 346 2174 ltem
362 2107 464 2173 Mauri
479 2109 615 2192 equites,
641 2109 690 2192 qui
712 2109 744 2175 in
765 2111 868 2175 eodem
892 2131 985 2175 cornu
1008 2111 1173 2196 elephantis
1189 2112 1310 2176 erasti

153 2213 325 2299 praesidio,
350 2211 460 2275 deserti
483 2211 633 2296 principes
649 2212 778 2295 lugiunt.
811 2209 859 2275 ltu
873 2212 1016 2277 celeriter
1029 2212 1132 2277 bestiis
1148 2213 1273 2277 circum·
1289 2210 1310 2276 b

95 2324 130 2382 tt
152 2316 203 2379 itis
219 2315 354 2398 legiones
369 2314 448 2377 uullo
464 2312 591 2377 bostium
608 2322 680 2378 sunt
694 2312 817 2398 potitae,
835 2314 1277 2401 etpaucisacritcrrepngnan·

155 2416 235 2480 tibus
250 2415 474 2497 interiectisque
488 2416 596 2499 reliqui
611 2415 754 2480 concitati
775 2417 807 2479 ln
829 2426 949 2494 castra,
973 2416 1053 2480 unde
1073 2416 1168 2500 pridie
1190 2427 1276 2481 erant

118 2520 122 2527 “
152 2518 281 2602 egressi,
300 2518 485 2602 confugiunt.
508 2515 582 2581 Non
596 2518 717 2582 uidetur
731 2538 801 2583 esse
814 2519 1110 2604 praetermittendum
1120 2521 1156 2585 de
1164 2520 1275 2584 uirtute
1284 2517 1332 2589 84

152 2620 256 2684 militis
272 2620 407 2686 ueterani
421 2628 446 2683 V
459 2620 598 2703 legionis.
628 2617 709 2683 Nam
732 2642 798 2684 cum
821 2621 852 2684 in
874 2621 997 2686 sinistro
1021 2643 1114 2685 cornu
1134 2622 1275 2706 elephans

152 2722 278 2787 uulnere
292 2723 372 2787 ictus
388 2732 419 2785 et
434 2721 537 2785 dolore
553 2721 721 2786 concitatus
736 2723 769 2785 in
788 2721 882 2784 lixam
903 2723 1046 2786 inermem
1069 2724 1209 2807 impetum
1234 2723 1276 2784 lc-

98 2834 133 2890 2⁵
156 2824 248 2888 uisset
262 2845 388 2911 eumque
403 2824 457 2888 sub
473 2824 578 2909 pedem
593 2822 741 2888 subditum
756 2822 825 2886 dein
840 2840 919 2907 genu
934 2823 1057 2887 innixus
1074 2824 1205 2907 pondere
1219 2841 1275 2886 suo

155 2926 330 3011 proboscide
346 2939 447 2991 erecta
463 2927 650 3010 uibrantique
661 2926 792 2991 stridore
801 2927 933 2991 maximo
944 2935 1093 3009 premeret
1104 2934 1193 3007 atque
1205 2944 1276 2989 ene·

155 3039 250 3103 caret,
268 3029 353 3091 miles
369 3029 418 3092 bic
432 3050 492 3093 non
508 3031 604 3113 potnit
618 3029 696 3114 pati,
721 3029 792 3113 quin
814 3050 848 3093 se
863 3039 995 3092 armatus
1010 3025 1124 3091 bestiae
1140 3026 1273 3092 edomet.

154 3125 252 3212 Quem
275 3140 428 3212 postquam
450 3130 591 3213 elepbans
615 3131 652 3193 ad
674 3150 709 3193 se
729 3130 790 3193 telo
804 3131 916 3194 infesto
931 3129 1037 3195 uenire
1051 3130 1312 3210 animaduertat

153 3231 258 3296 relicto
269 3232 416 3295 cadauere
427 3232 548 3296 militem
561 3231 738 3316 proboscide
753 3233 916 3297 circumdat
931 3244 1020 3317 utque
1034 3233 1065 3297 in
1081 3232 1207 3299 sublime
1222 3254 1276 3298 ex·

97 3344 131 3400 tt
153 3334 231 3399 tollit
245 3344 402 3399 armatum.
427 3330 488 3417 Qui
503 3335 534 3398 in
549 3332 694 3398 eiusmodi
710 3335 843 3420 periculo
858 3358 923 3400 cum
940 3348 1115 3402 constanter
1128 3336 1276 3420 agendum
1291 3332 1312 3400 3

263 3572 332 3624 ldis
345 3589 371 3638 a,
386 3574 437 3626 dlis
449 3590 477 3626 ιι.
599 3575 780 3629 inmortalibus
793 3593 820 3629 ιι.
944 3578 958 3629 5
972 3577 1107 3628 dubitandi
1121 3574 1235 3627 Caesare
1248 3592 1276 3640 a,

154 3650 282 3702 dubitanti
291 3648 397 3702 Caesari
412 3652 436 3701 b.
543 3651 594 3703 slbl
607 3660 692 3720 erupt.
708 3655 732 3705 b.
837 3652 1006 3705 dolamitato
1020 3652 1044 3704 b.
1149 3653 1277 3705 'leustea-

155 3737 251 3780 tantem
264 3745 281 3779 a
296 3731 320 3780 b.
437 3730 535 3780 tubicin
549 3747 576 3781 c.
694 3732 726 3785 ld
739 3738 895 3783 concurrent
908 3746 934 3780 ιι.
1053 3731 1082 3782 11
1099 3729 1235 3798 quicquam
1248 3747 1275 3797 a,

156 3820 210 3856 non
223 3807 310 3872 quidq.
433 3805 465 3858 lb
478 3805 631 3874 frequenter
644 3807 658 3855 b
670 3823 693 3858 c.
818 3807 850 3860 lb
863 3807 975 3875 lapidum
990 3823 1017 3858 c.
1134 3807 1276 3862 deterritae

153 3887 212 3934 sine
224 3887 391 3935 auctoritato
402 3900 428 3935 ιι.
536 3884 712 3951 llruere]ira
727 3888 751 3936 b.
858 3886 965 3939 ididem
979 3887 1030 3937 ab.
1133 3887 1277 3956 olcpbantia

154 3978 172 4013 ιι
184 3965 213 4012 ct
223 3976 292 4011 ιιιιιιι
305 3961 370 4025 cot,
385 3977 442 4013 cum
455 3961 599 4029 clepbautls
612 3979 639 4015 ιι.
759 3963 791 4018 tt
804 3963 1002 4033 interiectisque
1014 3982 1031 4018 a
1045 3967 1060 4017 b
1073 3968 1088 4020 3
1102 3968 1180 4035 dati,
1195 3969 1276 4020 inter-

155 4034 232 4093 iectis
244 4056 269 4091 ιι.
385 4042 418 4094 22
432 4042 564 4107 progressi
577 4043 602 4093 b.
719 4045 935 4110 praetereundam
949 4044 974 4095 b.
1094 4046 1127 4099 23
1141 4048 1167 4098 ln
1180 4062 1233 4098 om.
1247 4061 1275 4097 o.

260 4118 294 4174 ts
302 4123 328 4169 at
336 4118 370 4171 28
378 4119 494 4183 cottus
501 4119 625 4188 elephans
635 4135 652 4170 c
662 4121 677 4170 b
686 4136 710 4185 c,
724 4121 878 4188 elephantus
888 4139 915 4174 ιι.
1003 4125 1135 4193 teporem
1149 4142 1166 4177 a
1175 4126 1199 4190 b,
1210 4125 1276 4193 pede

153 4213 181 4250 ιι.
286 4200 346 4251 dein
360 4213 386 4264 a,
400 4198 533 4251 deludere.
637 4199 672 4253 td
680 4200 842 4266 promuscide
854 4216 976 4272 supram.
991 4219 1014 4253 c.
1116 4203 1275 4256 tiarmatus

155 4279 501 4344 cbtdett.,armatuma.
609 4278 809 4334 boarmatusc.
914 4283 1109 4335 canumet.
