2684 4694
504 212 827 282 —lll-

99 398 260 476 praeerat,
278 383 323 452 Vl
338 386 479 453 eobomes
492 387 626 452 subsidio
640 386 765 450 miserat
779 381 866 470 eique
879 388 1095 473 imperauerat,
1121 401 1171 469 ut,
1196 390 1224 458 ai

98 493 255 557 sustinone
283 512 345 555 non
371 501 492 575 posset,
528 490 664 555 deductis
692 489 865 553 oobortibus
893 491 1051 574 eruptione
1077 506 1225 577 pugnaret

99 591 169 674 (86,
185 593 231 675 1).
261 588 324 656 lam
340 593 452 656 certior
465 594 563 656 iaetus
584 588 702 657 Caesar
715 611 733 653 a
747 589 882 656 Labieno
897 602 1063 656 extremum
1083 595 1156 659 illml
1171 617 1227 662 au·

98 695 206 760 xssium
219 695 437 780 experiendum
451 694 561 772 uideri,
576 693 642 778 ipae
657 714 695 757 eo
705 694 870 758 contendit.
887 689 1130 777 ltaquellomani
1146 695 1226 764 Cae·

99 796 180 862 saris
190 796 321 861 alueum
336 794 547 861 animaduerso
562 795 749 881 eruptionem
766 795 889 860 laeiunt.
927 794 952 860 li
967 807 1067 862 entem
1084 811 1167 865 reete
1180 802 1227 865 ti·

100 910 211 964 euutur
232 899 380 984 proelium
400 898 606 975 summittere,
639 900 709 981 quia
730 898 826 961 albus
847 918 881 963 se
902 896 940 964 ab
964 898 1092 963 bostium
1113 901 1226 986 impeta

100 1002 316 1078 tefmteme,
341 1001 401 1064 iam
416 999 472 1084 ipsi
487 999 627 1084 impetum
645 1000 724 1063 ultro
739 1001 863 1064 fatiunt.
898 1002 1001 1083 Atque
1021 1002 1089 1066 ileo
1109 1001 1228 1068 Caesar

99 1104 211 1169 iatine
234 1123 300 1187 sup.
326 1123 393 1187 erp.
417 1100 523 1166 seribit
544 1101 716 1166 ‘aecelerat
737 1101 870 1179 Caesar,
893 1113 928 1167 ut
947 1102 1062 1187 proelio
1082 1105 1224 1170 intersit'.

100 1203 263 1281 Ceterum
286 1216 321 1269 ut
341 1205 399 1269 boe
413 1203 511 1267 obiter
525 1223 681 1281 moneam,
698 1204 802 1268 durem
817 1205 899 1270 illum
915 1206 1105 1283 Amenanus,
1128 1209 1227 1294 quiin

100 1307 281 1374 editionibus
295 1305 756 1393 appellaturVergassillauuus‚
778 1328 840 1371 non
861 1307 958 1372 solum
981 1309 1162 1373 austeritate
1180 1310 1228 1373 in·

99 1423 251 1498 tepor-um
268 1412 414 1487 oodioum,
431 1410 485 1475 sel
500 1411 593 1474 etiam
607 1419 691 1475 oerta
709 1411 829 1476 ratione
844 1408 1157 1475 Vereassiuellaunum
1182 1412 1227 1476 ti-

100 1523 181 1578 etum
202 1532 271 1578 esse
286 1513 447 1578 euinoitur.
471 1510 538 1576 lloe
561 1513 640 1578 enim
663 1532 773 1576 nomen
793 1514 984 1577 coniunctum
1000 1523 1105 1577 estex
1120 1510 1227 1580 Cassi·

98 1616 256 1694 uellaum,
286 1616 372 1680 ouius
394 1615 521 1680 nominis
543 1637 602 1680 rex
633 1613 847 1680 Britannorum
876 1627 1130 1680 eommemoratur
1155 1616 1222 1681 bor.

98 1739 206 1782 eonem.
224 1717 281 1796 vt,
292 1717 345 1799 11,
357 1716 390 1799 9,
408 1730 440 1783 et
454 1715 571 1783 Celtioo
586 1717 732 1782 uocabulo
745 1715 846 1795 ‘fear’‚
856 1717 933 1798 quod
950 1718 1045 1781 uirum
1061 1719 1223 1803 signifieat,

99 1820 344 1904 quemadmodum
369 1822 447 1885 ‘sear
461 1842 500 1906 go
515 1819 623 1884 breitb’
645 1819 758 1902 (uirum
772 1819 809 1882 ad
824 1819 980 1903 iudicium)
1002 1840 1022 1883 a
1046 1816 1180 1885 Caesare
1194 1818 1221 1899 1,

99 1921 153 2002 16,
172 1923 193 1987 b
208 1924 420 2008 uergobretum
435 1923 546 1986 dietum
561 1941 630 1985 osse
643 1942 685 1985 ex
700 1918 828 1985 Obrinio
844 1923 959 1986 monuit
969 1920 1143 1988 Oberlinus.
1162 1920 1226 1987 Bo·

97 2025 167 2091 tom
182 2025 271 2087 modo
285 2046 327 2087 ex
338 2019 534 2109 Cingetorige
548 2023 734 2105 (Treuerum
749 2023 814 2084 eius
829 2025 957 2087 nominis
966 2019 1082 2089 Caesar
1096 2046 1228 2089 comme·

97 2136 201 2190 norat
216 2123 257 2202 V,
275 2123 296 2187 3
311 2146 376 2208 sqq.
395 2135 428 2188 et
438 2121 617 2188 Britannum
631 2124 730 2187 eiust.
748 2123 800 2187 lib.
817 2122 871 2203 22,
890 2125 925 2208 l)
940 2136 1038 2190 ortum
1055 2138 1103 2190 est
1116 2148 1225 2192 nomen

98 2226 375 2312 Vereingetorigis.

186 2326 224 2394 C.
241 2328 297 2408 90,
313 2330 390 2394 4ex
412 2327 602 2413 interpolatis
623 2326 711 2390 eodl.
728 2328 828 2392 editur
845 2326 897 2392 ‘'l'.
921 2326 1089 2394 Labienum
1112 2330 1227 2397 duabus

100 2454 168 2500 eum
191 2431 359 2516 legionibus
381 2443 413 2496 et
433 2432 569 2515 equitatu
591 2431 623 2494 iu
638 2426 798 2512 Sequanos
813 2432 962 2516 protioisei
976 2432 1076 2497 iubete
1094 2435 1161 2499 baie
1176 2432 1224 2499 Μ.

100 2533 310 2620 Sempronio·
325 2534 460 2599 llutilum
476 2533 625 2598 attribuit.
655 2527 693 2596 C.
710 2530 836 2597 Fabium
852 2544 884 2597 et
897 2528 938 2597 L.
956 2531 1123 2601 Minucium
1138 2535 1226 2603 Busi-

100 2639 163 2703 lum
177 2660 244 2702 eum
261 2638 375 2702 duabus
390 2638 557 2721 legionibus
579 2637 612 2699 in
626 2635 732 2699 Remis
752 2637 900 2700 oolloeat’.
940 2633 976 2700 ln
997 2639 1121 2722 reliquis
1135 2642 1223 2704 oodl.

101 2741 245 2824 seriptum
269 2751 316 2804 est
332 2735 384 2803 ‘C.
400 2737 526 2803 Fabium
541 2739 694 2824 legatum’e
713 2738 848 2822 ‘inepte'‚
864 2740 961 2822 inquit
980 2737 1225 2826 Oudendorpius,

101 2843 200 2926 ‘quasi
216 2842 266 2905 alii
283 2862 343 2906 non
356 2842 449 2926 legati
466 2842 615 2904 fuissent’.
645 2839 704 2904 llio
720 2860 837 2924 quoque
851 2841 1045 2925 perspioitur,
1061 2842 1132 2923 quil
1148 2843 1228 2906 inter

99 2944 237 3028 integros
259 2953 291 3007 et
311 2944 508 3027 interpolatos
529 2942 617 3006 could.
634 2943 767 3006 intersit.
806 2940 970 3006 Minucium
992 2943 1070 3005 enim
1093 2941 1227 3009 anilum

99 3065 160 3108 non
174 3045 323 3130 legatum,
346 3045 400 3109 sed
415 3047 596 3129 praelectum
613 3043 745 3124 equitum
762 3044 855 3106 fuisse
870 3063 911 3107 ex
925 3040 981 3117 Vl,
998 3042 1053 3122 29,
1070 3042 1092 3108 4
1111 3047 1227 3133 oolligi·

100 3157 161 3225 tur,
174 3148 224 3211 ubi
238 3168 305 3210 eum
320 3148 401 3212 omni
415 3147 549 3229 equitatu
564 3147 602 3208 ad
618 3144 821 3230 Ambiorigem
836 3145 1019 3228 praemissus
1034 3148 1153 3212 dieitur.
1186 3148 1229 3214 Et

101 3247 220 3313 llirtius
234 3246 321 3326 vlit,
338 3247 373 3327 6,
390 3247 410 3312 3
426 3246 551 3312 Fabium
567 3247 681 3336 duabus
697 3247 865 3332 legionibus
879 3249 1044 3331 praefuisse
1059 3251 1175 3330 scribit,
1192 3262 1228 3316 ut

99 3347 236 3415 &silum
253 3352 280 3415 ei
296 3352 399 3416 eodem
414 3353 503 3414 molo
518 3361 608 3434 atque
624 3346 834 3434 Sempronium
843 3347 977 3414 Rutilum
990 3347 1126 3417 Labieno
1141 3355 1227 3417 attri-

99 3453 203 3517 butum
218 3453 312 3518 fuisse
325 3465 482 3539 appareat.

184 3656 272 3723 Finis
295 3659 489 3742 praelationis
505 3660 573 3724 libri
588 3660 687 3725 ootaui
703 3659 744 3723 Α.
762 3658 854 3723 llirtii
870 3659 1001 3722 omnium
1020 3678 1168 3721 eonsensu
1184 3658 1227 3723 ita

100 3762 218 3825 elisur:
239 3758 310 3826 ‘seu
327 3781 384 3844 ego
400 3762 551 3841 nimirum,
569 3763 636 3825 dom
653 3782 756 3825 omnes
772 3760 978 3825 excusationis
986 3761 1224 3847 eausesoolligo‚

100 3884 139 3927 ne
149 3885 216 3927 oum
227 3859 363 3927 Caesare
372 3865 523 3940 conferor,
540 3863 597 3925 boo
612 3864 678 3947 ipso
692 3864 804 3927 trimma
821 3864 1010 3947 arrogantiae
1026 3863 1130 3942 subeo,
1148 3864 1227 3946 quod

101 3986 150 4031 me
171 3967 281 4030 iudicio
302 3967 472 4048 cuiusquam
495 3965 664 4027 existimem
687 3986 775 4050 posse
796 3987 868 4033 oum
879 3963 1013 4030 Caesare
1036 3966 1224 4050 compareris

101 4080 133 4133 et
154 4070 196 4132 ita
226 4069 370 4151 seriptum
401 4076 449 4129 est
475 4065 506 4128 in
528 4062 601 4128 Par.
619 4086 683 4129 seo.
702 4088 720 4130 a
742 4088 783 4129 m.
799 4086 845 4151 pr.
871 4066 971 4131 llaun.
995 4089 1041 4152 pr.
1058 4064 1177 4148 0xon.;
1194 4069 1227 4132 in

101 4171 227 4254 reliquis
250 4171 362 4254 legitur
385 4167 517 4251 ‘ipsum’‚
541 4167 618 4250 quot
639 4189 699 4232 non
723 4168 819 4233 minus
833 4180 950 4233 rectum
965 4180 1024 4234 est.
1064 4169 1131 4234 lloe
1147 4171 1227 4233 enirn

103 4272 320 4338 lioitllirtius=
339 4292 395 4357 ego
411 4271 480 4335 dum
495 4289 600 4334 omnes
615 4288 723 4336 causes
738 4271 859 4355 colligo,
876 4291 915 4335 ne
930 4291 996 4334 oum
1004 4268 1140 4335 Caesare
1155 4288 1228 4333 oon·
