2692 4688
487 181 810 248 ...123-

84 362 188 429 erodet
202 355 377 441 Pompeium
393 355 482 421 etism
496 352 631 420 scriem
651 355 805 435 tenuisse,
828 356 857 420 id
881 354 931 421 uel
952 354 1023 421 inde
1043 354 1207 438 refellitur,

85 464 163 548 quod
177 482 244 527 enm
258 457 442 542 prouinciam
465 458 620 542 superiore
639 478 719 522 enno
735 454 774 523 C.
792 453 969 523 Considium
983 458 1152 525 obtinuisse
1166 480 1211 527 ex

85 561 154 631 Cic.
172 585 226 649 pro
241 560 312 645 Lig.
331 560 363 639 t,
386 559 409 626 2
431 568 461 622 et
476 558 533 622 hoc
548 581 627 624 enno
642 557 795 624 Tuberoni
812 560 963 625 decretam
979 581 1048 626 esse
1063 557 1208 629 exCeest

85 690 114 733 c.
131 665 175 733 30
189 667 219 730 h.
236 665 259 728 l.
276 671 309 728 ct
323 662 391 727 eliis
406 671 533 725 constet.
579 657 724 727 Deiectus
746 673 844 727 sutem
866 673 900 726 ut
914 662 946 727 in
959 659 1047 728 Italia
1062 663 1210 731 heberen-

85 782 146 850 tur,
164 769 220 833 hoc
234 767 349 831 demum
366 774 513 847 tempore,
528 784 589 847 quo
603 761 763 848 Pompeius
779 765 854 830 haec
867 766 1038 845 shirmsuit,
1054 765 1211 833 decretu!

86 892 155 939 esse
171 873 202 956 5.
218 868 239 934 3
254 868 317 933 hui.
333 888 400 952 cep.
417 866 561 931 refertur.
594 861 699 949 ltaque
721 867 808 952 posui
830 867 983 952 ‘legiones
1005 868 1117 934 habete
1139 886 1213 937 sess

84 985 203 1061 perstas
218 970 351 1037 nouem'.

173 1073 377 1141 Vehementer
391 1080 531 1155 corrupte
546 1083 618 1137 sunt
632 1071 725 1138 uerba
740 1095 769 1137 e.
785 1072 827 1154 6,
852 1074 893 1153 d,
917 1092 995 1158 quse
1017 1074 1050 1138 in
1070 1074 1212 1143 omnibns

84 1180 171 1246 codd.
188 1179 233 1243 ite
246 1176 359 1259 scripte
373 1175 533 1258 leguntur:
553 1174 746 1240 ‘Prouincias
759 1176 887 1261 priuatis
901 1177 1115 1253 decernuntur,
1131 1178 1212 1245 duee

86 1282 281 1358 consulem,
305 1279 440 1361 reliquae
455 1278 636 1361 praetoriae.
668 1275 802 1363 Scipioni
817 1278 940 1344 obuenit
953 1276 1065 1364 Syrie,
1086 1275 1129 1345 1..
1144 1276 1212 1345 Do·

86 1385 169 1449 mitio
179 1380 289 1447 Gellio.
307 1378 460 1465 Philippus
475 1376 608 1445 etCotte
623 1381 740 1466 priuato
756 1381 882 1445 consilio
898 1390 1139 1466 praetereuntur,
1154 1402 1212 1451 ne·

88 1507 146 1571 que
161 1505 264 1549 eorum
279 1492 379 1546 sortes
402 1481 593 1546 deiciuntur.
624 1481 705 1546 Nem
722 1482 895 1568 ‘Philippus
910 1493 941 1549 et
955 1479 1060 1549 Cotts’
1082 1484 1156 1549 mihi
1176 1485 1211 1551 itt

85 1586 158 1652 Per.
175 1605 239 1650 sec.
255 1583 315 1667 legi
335 1592 469 1661 notetur,
492 1583 570 1647 idem
593 1584 630 1648 de
645 1582 747 1649 llaun.
770 1606 814 1669 pr.
839 1586 969 1650 ellirmst
990 1583 1210 1671 Elberlingins,

86 1690 124 1754 de
139 1683 332 1753 Cerrtnensi
347 1683 474 1760 Brutus,
491 1685 528 1750 de
542 1707 598 1750 suo
613 1688 717 1751 codice
732 1685 894 1767 Ruuntius,
917 1700 951 1753 ut
964 1685 1212 1776 Oudendorpiun

86 1813 208 1858 errasse
223 1797 383 1876 appareat,
400 1787 497 1871 quiin
514 1785 634 1852 Brontii
649 1789 771 1870 codice,
794 1787 883 1856 Csrr.
907 1792 1029 1875 suisque
1043 1790 1135 1859 Leid.
1160 1814 1208 1879 pr.

87 1893 170 1961 Seel.
189 1890 260 1959 Cui.
277 1902 349 1956 cett
366 1887 514 1975 ‘Philippo
530 1899 560 1954 et
575 1886 677 1955 Cotte'
692 1892 836 1977 scriptum
852 1914 920 1957 esse
933 1895 1040 1958 refert.
1078 1892 1212 1963 Mnest-

87 1998 146 2075 lus‚
164 1995 261 2080 quiin
276 1993 456 2058 editionibus
471 2013 525 2077 pro
535 1988 623 2058 Cotto
639 1994 761 2078 legitur,
779 2016 865 2079 squo
880 1998 1007 2080 primum
1022 1998 1140 2082 positus
1154 1998 1207 2079 sit,¹

87 2098 202 2176 nescio,
219 2095 277 2161 nisi
293 2095 370 2180 quod
386 2094 423 2159 sb
438 2093 517 2159 Aldu
531 2094 562 2158 id
576 2095 686 2159 lectum
702 2116 771 2159 esse
786 2097 933 2181 suspicor.
978 2097 1143 2184 Dispntent
1162 2100 1211 2166 in·

86 2211 254 2287 terpretes,
279 2200 328 2286 qui
343 2196 497 2280 Philippus
512 2207 543 2260 et
558 2192 651 2261 Cotte
664 2197 714 2261 uel
729 2196 893 2265 Marcellus
909 2200 967 2266 dici
982 2201 1140 2281 uidentur,
1163 2212 1208 2281 et,

87 2305 277 2391 quemobrem
293 2302 324 2364 in
339 2298 501 2384 prouinciis
524 2299 720 2363 decernendis
740 2302 819 2365 ustio
834 2323 937 2367 eorum
953 2306 1042 2370 luerit
1058 2304 1207 2373 hebends.

87 2406 176 2490 Quae
191 2406 247 2470 etsi
263 2402 395 2488 pluribus
410 2401 595 2483 argumentis
606 2403 744 2466 conuiuci
761 2416 897 2486 possunt,
915 2418 1027 2487 umen,
1044 2429 1084 2473 ne
1098 2409 1209 2495 longus

86 2509 159 2585 sim,
176 2527 268 2570 unnur
284 2524 410 2586 ponem,
432 2522 491 2584 quo
505 2501 639 2566 codicum
655 2504 833 2589 scripturam
847 2508 953 2575 fulsum
968 2531 1038 2575 esse
1053 2530 1209 2596 uanosque

87 2629 191 2675 omnes
207 2605 376 2689 explicandi
391 2614 516 2668 conatus
532 2604 766 2672 demonstretur.
802 2605 921 2675 Caesen
934 2613 1014 2677 enim
1030 2613 1060 2678 id
1075 2616 1206 2695 counit,

85 2711 164 2796 quod
181 2708 354 2795 prouinciae
368 2708 506 2773 decretae
522 2720 626 2772 essem
640 2709 784 2791 priuatis,
809 2724 841 2777 et
862 2714 978 2796 quidem
1002 2716 1079 2782 duee
1098 2734 1209 2782 eom·

86 2817 168 2882 lenes
183 2810 315 2897 Scipioni
331 2822 363 2876 et
375 2807 418 2874 L.
431 2805 564 2873 Domitio
571 2809 785 2878 Ahenobarbo.
808 2812 914 2898 ltsque
929 2838 996 2880 curn
1011 2819 1118 2884 deinde
1133 2819 1208 2886 dnos

86 2918 222 2983 homines
238 2915 423 2992 nominaret,
446 2911 496 2995 qui
510 2910 578 2975 illes
592 2913 695 2978 sortiri
711 2916 902 2996 debuissent,
926 2932 1051 3005 apparet
1069 2941 1123 2987 eos
1138 2944 1209 2991 sest

85 3020 237 3106 appellere
252 3017 439 3103 oportuisse,
464 3014 514 3099 qui
529 3025 590 3079 tum
606 3038 668 3081 non
683 3018 812 3082 fuissent
825 3019 945 3104 priueti.
991 3021 1017 3087 li
1037 3044 1111 3089 uero
1133 3026 1209 3093 nulli

85 3132 225 3208 poterunt
238 3120 290 3185 elii
305 3139 385 3200 esse,
403 3140 491 3207 quum
507 3119 646 3184 contuse
661 3120 748 3185 huius
763 3122 847 3202 enni,
865 3118 904 3186 C.
916 3119 1060 3192 Clsudins
1075 3124 1208 3195 blancel-

84 3225 145 3302 lus,
162 3222 202 3287 L.
217 3219 377 3287 Cornelius
394 3218 542 3286 Lentulus
558 3217 648 3287 (irus.
685 3223 786 3308 Atque
801 3243 843 3288 ex
858 3225 962 3291 borum
977 3229 1094 3312 quidem
1109 3230 1207 3296 noni·

85 3325 172 3390 nibus
187 3346 241 3399 ee,
257 3344 335 3407 pune
349 3322 382 3385 in
397 3323 483 3387 codd.
500 3324 654 3408 leguntur,
670 3326 745 3391 eriri
759 3329 893 3411 potuisse
907 3350 996 3395 nerno
1010 3333 1068 3397 sibi
1083 3354 1208 3418 penum

85 3427 178 3491 debit.
201 3423 278 3489 Mihi
295 3445 368 3489 uero
383 3444 443 3488 nou
459 3425 580 3489 dubium
597 3436 656 3505 est,
672 3429 742 3510 quin
752 3426 906 3514 Philippus
922 3433 979 3498 huc
993 3435 1094 3501 illatus
1110 3435 1151 3501 sit
1164 3454 1208 3503 ex

85 3525 288 3610 superioribus
305 3527 406 3589 uerbis
431 3526 486 3590 ‘de
508 3524 622 3593 Fausto
643 3528 765 3614 impedit
787 3529 959 3616 Philippus,
982 3539 1121 3603 tribuous
1143 3540 1207 3625 ple·

83 3629 153 3710 his'3
170 3626 261 3693 Cotto
275 3638 373 3693 autern
395 3649 437 3692 ex
450 3639 541 3707 note,
564 3650 622 3713 qne
644 3631 785 3697 consules
800 3635 1024 3719 significentur,
1048 3652 1154 3720 ortus,
1174 3650 1207 3707 et

84 3732 190 3797 deinde
205 3730 325 3813 utrique
339 3731 452 3794 nomini
467 3732 575 3816 copule
588 3733 745 3798 interiecto
760 3737 810 3800 sit.
854 3736 959 3825 ltuque
982 3742 1055 3807 haec
1069 3743 1115 3807 sic
1129 3744 1208 3809 seri·

83 3835 180 3899 hendo
194 3834 342 3899 arbitror:
369 3831 517 3916 ‘Scipioni
533 3834 656 3899 obuenit
671 3832 774 3921 Syria,
791 3836 831 3903 L.
848 3839 982 3908 Domitio
998 3842 1116 3911 Gallis:
1134 3866 1207 3913 cos.

84 3936 167 4000 eules
184 3937 299 4019 priuato
314 3936 441 3999 consilio
456 3946 699 4019 praetereuntur,
722 3960 819 4025 neque
839 3964 941 4009 eorum
958 3959 1057 4013 sortes
1072 3950 1206 4016 deiciun-

85 4038 155 4102 tnr'.
201 4037 245 4101 ht
259 4037 287 4100 si
302 4032 420 4101 Caesar
434 4038 500 4101 sine
516 4038 678 4123 cupiditate
694 4043 876 4128 scripsisset,
894 4050 1064 4132 prouincias
1079 4052 1206 4136 priuatis

84 4142 221 4205 decretus
237 4159 304 4203 esse
320 4139 539 4225 reprehendere
554 4162 614 4205 non
631 4154 757 4227 poterut.
801 4146 884 4212 Num
906 4154 1046 4218 eonsules
1068 4155 1140 4218 unni
1164 4150 1207 4217 53

84 4240 145 4309 Cn.
163 4240 311 4307 Domitius
326 4238 490 4322 couno,
513 4240 561 4307 Μ.
580 4242 721 4310 Valerius
736 4245 881 4316 Messalla
895 4256 1205 4322 senatusconsultum
