2692 4688
480 177 800 243 -142—

82 351 167 434 lnda,
184 372 360 437 quamquam
382 352 504 416 litterae
520 349 576 417 ‘re‘
591 351 710 434 ponetis
722 361 844 416 notatae
859 360 950 429 sunt,
967 348 1073 432 quibus
1089 370 1141 416 aas
1158 351 1212 417 de·

81 455 186 524 leudos
201 478 269 522 esse
284 456 489 540 significatur,
512 475 572 519 oon
587 454 710 533 dubito,
732 455 801 536 quin
817 454 954 538 suppleto
971 453 1120 520 uocabulo
1134 455 1213 519 sori·

82 560 211 625 bendum
234 560 292 625 sita
313 567 391 623 ‘oum
414 557 563 621 coddiaua
583 556 800 621 consuetudine
821 576 963 641 egressae
984 556 1211 640 pabulatoribus

83 663 231 747 pracsidio
254 661 392 746 propiore
408 669 507 746 ponta
528 658 663 743 legiones
684 657 838 724 Fabianae
859 660 936 723 dnae
957 660 1065 723 llumen
1080 661 1212 725 oensis·

84 766 173 830 seut’.
207 762 293 829 Duos
315 764 394 829 enim
417 773 523 847 pontes
545 758 672 827 Fabium
694 763 726 827 iu
742 759 848 826 Sicore
870 763 980 827 lesisse
1000 761 1086 826 initio
1102 763 1212 846 capitis

86 869 268 933 declaratum
283 877 341 932 est.
371 863 448 928 Eum
464 877 563 931 autem
577 877 710 950 pontem,
727 887 786 948 quo
801 864 937 951 legiones
952 865 1108 929 traductae
1122 876 1209 945 sunt,

85 970 191 1035 eastris
214 970 382 1055 propiorem
405 968 498 1031 luisse
520 990 561 1033 ex
582 970 612 1053 §-
635 968 656 1032 7
676 979 819 1054 apparet,
844 968 894 1032 ubi
908 965 1019 1031 Fabius
1034 967 1211 1031 interclusis

84 1072 251 1156 legionibus
267 1072 410 1137 ulteriore
426 1081 516 1156 ponte
531 1070 695 1136 subsidium
710 1072 830 1136 misisse
843 1071 965 1135 dicitur.
984 1066 1134 1134 Similiter
1148 1066 1208 1149 ΙΙΙ,

83 1173 177 1253 sto
198 1195 238 1239 ex
260 1173 360 1239 uerbis
382 1173 436 1237 ‘ad
459 1174 639 1258 praetoriam
663 1175 793 1257 portam‘
816 1174 849 1237 in
870 1169 943 1235 Par.
965 1192 1028 1235 sec.
1052 1169 1143 1237 Leid.
1161 1192 1209 1257 pr.

85 1274 168 1343 Suel.
187 1279 356 1342 factumest
373 1277 422 1339 ‘ad
437 1275 641 1361 praetorium'.

170 1378 209 1446 C.
225 1377 279 1456 ⁴8,
296 1377 317 1440 4
340 1378 384 1441 sio
400 1379 510 1443 edunto
529 1385 639 1461 ‘neque
661 1379 784 1443 maximi
799 1379 978 1456 comitatus,
1001 1380 1052 1461 qui
1068 1399 1108 1443 ex
1122 1375 1212 1443 ltalia

87 1478 244 1564 Galliaque
265 1481 445 1558 ueniebant,
477 1481 508 1543 in
536 1492 636 1545 castra
657 1484 814 1566 peruenire
837 1479 998 1567 poterant',
1024 1480 1096 1546 item
1117 1477 1208 1559 51,1

88 1584 256 1650 ‘nuntiatur
273 1582 402 1647 Airamo
423 1603 546 1667 magnos
562 1583 739 1664 comitatus,
764 1586 815 1668 qui
836 1585 896 1649 iter
910 1583 1057 1648 lababant
1076 1582 1113 1647 ad
1130 1578 1212 1647 Cae·

88 1708 209 1765 mem,
234 1685 272 1751 ad
285 1686 394 1750 llumen
409 1684 594 1749 constitisse‘
610 1696 641 1750 at
656 1686 714 1766 54,
732 1686 752 1752 5
769 1688 824 1752 ‘ita
846 1689 1007 1751 comitatus
1021 1695 1064 1764 et,
1081 1686 1132 1769 qni
1147 1686 1213 1750 frn-

87 1790 178 1855 menti
195 1811 286 1855 causa
301 1799 523 1874 processeram,
542 1799 605 1852 tuto
621 1791 657 1854 ad
673 1811 707 1854 se
723 1789 850 1875 reeipit'.
880 1790 995 1855 Verum
1012 1787 1148 1851 omnibus
1163 1786 1212 1851 llis

85 1893 162 1958 locis
177 1904 229 1957 aut
244 1913 376 1956 errorem
393 1891 582 1955 librariorum
597 1893 724 1957 subesse
746 1904 798 1957 ant
812 1915 830 1956 a
845 1894 989 1977 magistro
1005 1891 1041 1954 de
1064 1888 1213 1955 industria

89 1996 293 2061 ‘commeatus'
318 1996 351 2060 in
385 1994 567 2059 ‘comitatus'
590 2006 720 2061 mutatos
747 2017 815 2061 esse
846 1997 918 2059 mibi
947 2013 1122 2079 persuasum
1149 2002 1210 2057 est.

86 2097 169 2163 Nam
191 2099 267 2181 apud
288 2097 420 2163 llirtium
442 2118 559 2183 quoque
581 2098 618 2163 de
640 2098 670 2162 b.
695 2097 776 2163 Gall.
800 2097 887 2177 Vlll,
913 2097 956 2163 30
969 2098 1014 2161 in.
1031 2097 1063 2159 in
1085 2096 1211 2179 reliquis

87 2202 173 2266 codd.
190 2211 274 2266 reete
289 2201 430 2285 scriptum
447 2211 494 2265 est
511 2201 734 2285 ‘impedimenta
755 2212 786 2264 ct
800 2211 983 2265 commeatus
1005 2199 1211 2263 Romanorum

87 2303 310 2389 interceperut',
328 2305 360 2367 in
375 2301 448 2369 Par.
465 2324 527 2367 sec.
546 2302 648 2367 liano.
665 2324 710 2386 pr.
729 2299 836 2368 Cuiae.
855 2315 886 2368 ct
900 2305 981 2368 inter
996 2323 1103 2367 uersus
1119 2300 1210 2366 Leid.

88 2430 149 2493 pr.,
167 2409 225 2473 hoo
240 2418 304 2483 est,
330 2416 364 2470 ut
374 2406 493 2489 saepius
508 2406 699 2484 admoneam,
725 2407 755 2469 in
771 2406 809 2469 iis
825 2408 921 2484 codd,
939 2407 975 2470 ad
992 2427 1067 2490 quos
1082 2406 1165 2471 solos
1181 2405 1212 2470 hi

87 2510 155 2575 libri
178 2507 313 2571 debello
335 2509 415 2572 ciuili
434 2509 518 2591 exigi
539 2519 684 2592 possunt,
703 2508 895 2573 ‘comitatus'.
927 2505 965 2574 G.
983 2509 1037 2586 54,
1055 2508 1075 2574 5
1096 2523 1212 2589 antem,

89 2633 177 2696 quem
192 2611 287 2675 locum
303 2630 395 2695 supra
410 2610 529 2674 tertium
545 2611 650 2694 posui,
676 2621 797 2694 praeter
812 2607 894 2675 Scnl.
911 2623 943 2674 et
958 2611 1032 2674 duos
1047 2612 1213 2676 deteriores

90 2715 177 2778 codd.
202 2713 233 2777 iu
255 2712 378 2796 reliquis
393 2723 477 2777 recte
495 2712 698 2777 ‘commeatus‘
715 2715 828 2778 seruati
842 2724 925 2778 sunt.
965 2710 1135 2777 Comitatus
1149 2712 1214 2778 La-

90 2818 152 2881 tine
168 2817 306 2881 dicuntur
322 2814 475 2892 homines,
501 2816 551 2899 qui
571 2814 697 2899 aliquem
721 2828 774 2879 aut
788 2817 973 2901 superiorem
989 2827 1059 2895 aut,
1083 2817 1133 2880 eni
1148 2818 1214 2881 olb-

87 2921 166 2985 cium
182 2929 334 3006 praestare
350 2918 490 3002 cupiunt,
514 2929 696 3001 sequuntur,
722 2920 808 2983 turba
832 2920 981 2984 bominum
1004 2939 1064 2984 una
1087 2918 1148 2983 iter
1169 2920 1215 2983 la·

88 3023 250 3102 cientium,
272 3022 516 3106 quemadmodum
539 3022 615 3105 apud
637 3017 801 3087 Caesarem
825 3021 995 3107 explicant,
1027 3021 1064 3084 ab
1090 3021 1214 3105 unoquo

89 3139 172 3191 certe
188 3127 333 3211 scriptore
348 3129 431 3193 nullo
447 3148 574 3211 unquam
591 3125 750 3190 comitatus
765 3135 812 3189 est
827 3125 1002 3211 appellatus.

176 3228 216 3294 C.
233 3229 276 3293 58
289 3232 332 3293 in.
351 3231 424 3293 baec
440 3231 584 3294 eduntur:
604 3225 677 3310 ‘lpai
701 3226 910 3293 Massilienses
932 3238 965 3293 et
986 3228 1140 3293 eeleritate
1161 3249 1216 3292 na·

89 3331 171 3396 oium
187 3342 219 3396 et
233 3333 359 3395 scientia
373 3331 606 3415 gubernatorum
629 3331 733 3393 conisi
755 3342 877 3395 nostros
899 3330 1057 3396 eludebant
1071 3331 1216 3415 impetos-

89 3455 150 3516 que
165 3454 268 3497 eorum
292 3433 484 3517 excipiebant
502 3444 550 3510 et,
575 3433 670 3515 quoad
693 3432 800 3496 licebat
816 3435 920 3497 latiore
936 3434 1052 3518 spatio,
1070 3435 1217 3518 producta

90 3535 210 3620 longios
233 3535 298 3600 acie
320 3536 538 3601 circumuenire
559 3545 681 3598 nostros
704 3547 757 3598 aut
777 3535 912 3618 pluribus
943 3537 1071 3600 nauibus
1101 3536 1215 3601 adoriri

89 3637 225 3721 singulas
240 3650 291 3702 aut
306 3660 405 3703 remos
420 3648 663 3702 transcurrentes
679 3638 848 3722 detergere,
864 3639 890 3703 si
898 3648 1034 3722 possent,
1051 3640 1217 3703 contende·

90 3739 181 3802 bsot=
199 3762 266 3803 rum
282 3743 403 3826 propius
417 3752 483 3806 erat
500 3739 673 3804 necessario
689 3753 822 3821 uentum,
839 3743 876 3805 ab
892 3742 1017 3806 scientia
1034 3742 1217 3826 gubernato·

89 3862 154 3904 rum
176 3852 264 3924 atque
286 3843 421 3906 artificiis
442 3844 480 3907 ad
495 3844 636 3908 uirtutem
652 3855 858 3909 montanorum
881 3842 1116 3930 confugiebant'.
1157 3842 1216 3911 llic

89 3944 227 4028 primunr,
246 3966 311 4008 cnm
326 3946 358 4008 in
374 3946 461 4008 eodd.
478 3948 619 4031 seriptum
635 3958 717 4011 esset
734 3948 851 4012 ‘latiore
867 3961 900 4011 ut
914 3946 1034 4031 spatio',
1045 3946 1216 4012 reeteVos·

90 4046 153 4110 sius
176 4048 273 4111 effecit
297 4048 408 4130 ‘quoad
431 4048 540 4111 licebat
562 4049 669 4115 latiore
690 4050 734 4114 uti
750 4051 868 4135 spatio'.
908 4049 1026 4115 Deinde
1047 4061 1151 4114 notum
1167 4061 1216 4114 ost

90 4149 232 4233 excipere
247 4150 388 4233 impetum
404 4149 463 4213 dici
477 4169 563 4227 eum,
587 4153 636 4234 qui
651 4154 747 4217 locum
763 4175 823 4218 non
839 4153 978 4230 dimittit,
1002 4155 1054 4215 sed
1070 4154 1215 4217 aduersu·

89 4252 166 4317 rium
180 4253 321 4337 impetum
337 4251 496 4317 facientem
510 4265 653 4338 expectat
674 4267 706 4321 et
726 4278 792 4320 eum
815 4276 853 4319 co
867 4256 1071 4339 congreditur.
1110 4254 1142 4319 ld
1159 4278 1214 4321 ao·
