2684 4694
505 204 807 271 ...sn-..

91 373 211 442 Cacsar
224 372 399 458 scripserit,
422 395 484 439 nou
506 376 576 459 qnid
597 396 652 460 per
671 387 836 442 screnum
849 379 908 457 sit,
930 400 1008 463 qnae
1029 384 1121 449 multa
1135 384 1212 451 'esse

91 487 237 564 munt,
261 478 435 543 oonicctnra
456 497 498 542 cx
518 478 696 562 optimorum
719 478 853 543 codicum
876 483 1011 565 nauigiis
1031 486 1122 550 docta
1143 491 1211 554 sine

91 581 152 646 ulla
166 579 352 644 dubitatione
374 580 528 644 blanditiis
549 579 786 644 membranarum
808 601 845 644 ca
859 583 988 667 uestigia
1003 586 1211 657 deserentibus

92 682 288 770 pracferenda
310 692 367 745 cst.
413 683 513 763 Atque
535 683 718 766 praestantia
741 683 920 767 optimorum
943 688 1076 753 codicum
1100 694 1211 758 lactum

91 799 156 864 est,
177 796 212 849 at
225 783 431 848 commentarii
447 786 484 848 de
498 783 577 847 bello
591 782 727 861 Gallico,
744 786 876 849 maxime
890 788 1007 870 quidem
1023 791 1157 873 priores,
1175 814 1212 858 es

90 889 264 971 integmtatc
278 885 365 950 nobis
380 887 492 950 seruati
507 888 589 964 sint,
613 906 673 969 qua
693 887 796 970 paucis
818 899 955 952 ueterum
975 889 1059 955 libris
1079 902 1112 955 ut
1127 895 1213 961 nobis

92 991 285 1056 traderentur
298 989 437 1073 configit.
474 987 523 1051 llo
545 989 685 1052 miserior
704 1000 793 1072 atque
815 989 891 1051 adeo
905 991 1063 1075 desperata
1078 1005 1127 1058 est
1140 1017 1214 1061 cou-

91 1094 169 1158 dicio
184 1093 366 1174 reliquorum
382 1090 674 1154 commentariorum.
697 1089 790 1170 Nam,
807 1112 875 1157 cnm
891 1092 921 1155 bi
936 1094 1009 1157 solis
1024 1096 1213 1180 interpolatis

92 1195 245 1261 codicibus
258 1192 374 1257 seruati
395 1193 475 1269 sint,
500 1211 562 1255 uon
584 1192 680 1256 solum
703 1194 897 1258 uehementer
911 1196 1072 1277 genuinam
1088 1197 1213 1265 lernam

92 1298 287 1364 adulteratam
302 1314 372 1358 esse
382 1304 496 1359 certum
509 1304 566 1371 est,
583 1315 688 1358 nerum
701 1296 790 1359 etiam
803 1316 864 1360 nou
874 1317 968 1380 panca
978 1297 1021 1361 ita
1033 1299 1212 1381 adulterata,

92 1413 126 1467 ut
141 1400 272 1465 inanem
288 1417 326 1460 ne
341 1415 507 1479 agnoscere
522 1396 639 1478 quidem
655 1397 756 1460 liceat.
795 1392 878 1477 Quot
892 1399 970 1461 enim
985 1398 1068 1463 locos
1082 1401 1113 1464 in
1128 1402 1213 1467 libris

92 1502 221 1568 debello
236 1498 354 1563 Gallico
368 1498 541 1562 necessario
563 1498 605 1560 ita
625 1517 645 1559 a
660 1494 795 1562 Caesare
810 1500 940 1583 scriptos
955 1500 1210 1580 existimaremus,

92 1617 126 1669 nt
139 1606 170 1668 iu
185 1601 374 1685 interpolatis
389 1598 542 1664 codicibus
563 1598 720 1684 leguntur,
744 1601 801 1663 nisi
822 1601 932 1685 integri
957 1622 1018 1665 non
1033 1599 1211 1685 Caesarem,

92 1708 145 1773 scd
159 1705 332 1789 magistrum
348 1703 390 1766 ita
403 1702 563 1785 scripsisse
577 1700 771 1765 eoincerentl
811 1697 872 1765 Sed
888 1701 964 1765 hanc
980 1714 1093 1787 partem
1111 1706 1213 1789 deplo-

91 1829 161 1874 rare
175 1807 264 1872 licet:
281 1803 379 1868 sicubi
395 1805 478 1867 fraus
493 1823 527 1866 se
542 1803 606 1886 ipsa
621 1804 769 1886 prodidit,
793 1804 860 1868 acie
874 1803 982 1868 mentis
997 1805 1114 1868 intenta
1131 1818 1213 1870 certe

92 1929 259 1994 coarguere
272 1927 340 1970 cam
355 1925 524 1988 possumus.
562 1901 646 1967 Nam
667 1926 759 1990 saepe
781 1907 837 1969 boo
852 1907 912 1970 erit
927 1907 1044 1970 facilins
1059 1929 1145 1990 qnam
1163 1909 1215 1971 de·

92 2010 267 2078 mansuetis
291 2006 417 2071 fallaciis
439 2004 623 2088 inuestigare
637 2028 756 2070 mum.
800 2005 901 2091 Saepe
925 2008 1003 2071 enim
1026 2028 1064 2072 ne
1084 2009 1213 2094 uestigia

92 2116 213 2205 quidem
229 2108 369 2190 antiquae
383 2107 552 2189 scripturae
565 2118 686 2171 seruata
701 2118 790 2185 sunt,
808 2129 900 2192 saepe
913 2110 1127 2193 interpolator,
1145 2132 1213 2176 cum

91 2219 150 2281 iam
165 2210 338 2296 corruptam
352 2208 530 2290 scripturam
546 2210 731 2288 insanisset,
754 2232 809 2275 sna
832 2211 1001 2274 temeritate
1024 2231 1112 2274 omne
1127 2212 1213 2277 nobis

92 2315 269 2385 emendandi
291 2312 514 2376 fundamentum
536 2311 657 2395 eripuit.
696 2311 781 2378 llaec
802 2314 850 2396 qni
872 2312 1130 2387 considerauerit,
1152 2336 1214 2379 non

93 2418 248 2484 mirabitur
263 2426 295 2479 et
308 2413 555 2498 interpolationes
570 2425 603 2477 et
616 2415 744 2479 uulnera
759 2415 938 2500 grauissima
954 2435 1009 2478 nos
1021 2416 1052 2478 in
1069 2416 1114 2480 bis
1130 2416 1215 2482 libris

95 2521 261 2588 detexim
297 2514 335 2581 In
349 2536 456 2599 qnare
470 2517 514 2578 ita
527 2516 645 2580 uersari
667 2517 853 2591 studuimus,
878 2527 911 2580 ut
932 2538 1011 2581 uene
1032 2518 1100 2583 siue
1123 2541 1215 2585 causa

95 2622 309 2694 mmmmm,
332 2638 428 2696 ncnc,
450 2639 517 2681 cum
538 2620 632 2682 iustas
647 2639 757 2683 causas
780 2619 975 2696 uidissemns,
999 2620 1213 2687 dubitationem

95 2735 228 2790 satra·
260 2739 474 2805 prcmcremns.
518 2717 771 2804 Superstitionem
804 2722 884 2785 cuim
917 2743 985 2786 cnm
1014 2723 1123 2805 ubique
1151 2736 1214 2788 tum

96 2826 226 2891 maxime
247 2824 280 2888 in
302 2824 357 2887 bac
378 2833 463 2907 parte
483 2823 625 2907 scriptori
645 2823 741 2887 esitio
762 2824 911 2901 futuram,
935 2824 1106 2887 tomeritate
1128 2825 1216 2888 facilc

96 2928 192 3013 ipsam
206 2921 371 2991 Caesarem
387 2946 441 3009 pro
457 2924 601 3009 magistro
616 2926 756 2988 sillictum
772 2925 811 2988 iri
826 2926 1013 3009 putabamus.
1150 2990 1153 2995 ,

179 3026 269 3093 flauo
282 3029 429 3093 rationem
444 3037 533 3109 atquc
548 3026 627 3089 uiam
643 3037 767 3090 secutus
782 3027 874 3091 uerba
889 3026 1047 3111 scriptoris
1061 3027 1214 3090 recensui.

98 3128 164 3214 Quo
178 3130 274 3214 magis
294 3140 394 3195 antem
419 3129 552 3191 codicem
573 3128 768 3209 archetypum
788 3129 988 3212 exprimerem
1003 3148 1108 3192 omnes
1123 3130 1217 3193 inter-

98 3233 263 3317 polationes
278 3232 364 3316 paulo
380 3229 529 3305 munros,
555 3248 629 3310 quas
652 3229 684 3291 in
705 3227 757 3291 illo
779 3227 838 3291 iam
855 3230 946 3293 luisse
961 3231 1079 3295 codices
1095 3233 1217 3296 demon-

98 3334 342 3412 strabant,nuois
353 3330 701 3413 circumscribereqnsrn
712 3330 813 3394 meere
825 3331 934 3410 malnis
952 3353 1029 3416 puae
1040 3335 1219 3397 exciderant

99 3445 130 3499 ct
140 3446 227 3503 rootc
241 3434 374 3520 suppleri
388 3454 478 3518 posse
492 3406 691 3508 aridebautnr,
709 3432 883 3516 proclinatis
898 3433 1006 3499 litteris
1029 3436 1143 3519 scripta
1164 3435 1218 3499 ad·

98 3536 175 3616 didia
200 3556 299 3620 neque
313 3535 448 3601 codicum
463 3536 643 3620 scriptoram
658 3535 791 3612 mamni,
809 3535 869 3599 uisi
884 3536 933 3600 ubi
949 3549 1061 3602 certum
1078 3537 1218 3601 emenda·

97 3638 207 3704 tionem
222 3638 373 3716 tenebam,
391 3640 592 3722 corruptelas,
609 3637 715 3720 quibam
737 3657 833 3720 neque
848 3658 904 3722 ego
925 3659 1022 3722 neque
1045 3639 1218 3722 superiores

98 3741 208 3808 mederi
224 3751 404 3825 potuerant,
422 3760 512 3804 cruca
527 3751 647 3805 notatm
663 3738 784 3822 reliqui.
830 3736 1083 3825 Orthograpbism
1100 3762 1218 3826 qnoque

98 3843 294 3927 antiquiorem
308 3843 456 3908 reducere
470 3854 597 3908 conatus
610 3864 696 3916 snm,
721 3851 863 3924 mantum
879 3861 933 3923 per
943 3843 1082 3927 aannos
1097 3843 1218 3907 codices

98 3945 327 4030 etdiligentiam
341 3965 464 4024 eorum,
487 3946 626 4028 aquibus
641 3944 741 4009 codati
757 3954 848 4022 snut,
872 3943 1003 4021 licebat3
1028 3944 1218 4009 constantiae

98 4048 215 4130 nsidera
229 4047 347 4112 laudem
361 4046 393 4111 in
408 4047 464 4111 bao
477 4068 513 4112 rc
529 4066 714 4130 nequaquam
730 4045 883 4128 qnamiui,
900 4067 919 4109 a
935 4067 993 4128 qua
1008 4057 1129 4111 ueteres
1144 4047 1221 4111 scri·

100 4159 200 4232 ptores
215 4149 514 4234 longissimealnisse
525 4148 732 4230 annosissima
747 4148 911 4212 litterarum
928 4161 1118 4213 monumenta
1134 4149 1220 4212 enin-

101 4263 184 4317 csst.
215 4249 329 4317 Verbis
347 4252 505 4337 scriptoris
528 4251 643 4316 subieci
665 4271 771 4315 omues
793 4251 1009 4334 discrepantias
1032 4252 1219 4333 integrorum

126 4381 390 4445 summouisset.
990 4351 1012 4414 4
