2684 4694
76 210 141 281 502
503 206 562 275 tttt
582 205 728 276 BELLO
751 205 886 277 ctvtbt

98 379 173 447 bna
189 392 273 445 cxx.
305 376 402 461 Quem
419 377 555 459 Caesar,
581 390 615 445 ut
635 391 702 444 crat
721 380 759 445 da
780 401 814 444 se
835 380 959 444 meritus
981 389 1012 444 et
1033 379 1071 443 de
1086 380 1255 465 republica,

131 483 273 547 donatum
288 480 404 546 milibus
422 492 462 543 cc
476 485 499 565 †
513 494 603 565 atquc
618 483 654 546 ab
671 481 786 546 octauis
802 480 955 545 ordinibus
971 482 1008 546 ad
1023 482 1204 567 primipilum
1220 507 1257 551 sa

133 586 289 649 traducere
303 583 509 668 pronuntiauit
523 584 601 664 (eius
617 586 696 649 enim
711 605 802 668 opera
817 583 974 647 castellum
990 603 1099 667 magna
1114 604 1158 649 cx
1168 598 1255 671 parte

97 685 342 751 ticcuseruatum
355 707 424 754 esse
432 685 603 765 constabat)
619 686 828 769 cohortemque
842 695 947 770 postea
963 686 1073 770 duplici
1089 686 1255 771 stipendio,

132 790 282 853 frumento
296 790 319 870 †
335 787 528 871 uespeciariis
551 787 785 870 militaribusque
806 787 893 851 donis
916 787 1098 871 amplissime
1113 789 1252 855 donauit.
1275 805 1291 856 t

75 889 120 962 54
129 887 294 973 Pompeius
311 899 401 953 noctu
415 891 531 974 maguis
546 890 654 955 additis
669 889 884 953 munitionibus
898 889 1020 972 reliquis
1034 891 1137 955 diebus
1150 902 1256 957 turres

133 991 273 1056 extruxit
287 1001 319 1055 ct
333 992 364 1055 in
379 990 563 1055 altitudinem
584 994 688 1074 pedum
703 1001 753 1056 xv
767 991 884 1055 ellectis
904 991 1045 1075 operibus
1067 993 1163 1057 uineis
1183 1013 1254 1057 eam

94 1093 247 1178 2purtem
270 1103 435 1157 castrom-
458 1093 575 1157 cbtesit
595 1105 627 1158 et
648 1094 776 1177 quinque
799 1093 980 1157 intermissis
1001 1093 1104 1159 diebus
1123 1093 1256 1159 alteram

131 1207 250 1261 noctem
273 1194 459 1259 subnubilam
488 1206 593 1260 unctus
616 1195 777 1259 obstructis
799 1194 938 1259 omuibus
962 1195 1055 1261 radus
1082 1206 1254 1261 castrorum

131 1297 226 1383 portis
242 1296 322 1361 etad
337 1296 556 1381 impediendum
570 1297 697 1361 obiectis
712 1297 800 1361 tertia
816 1297 890 1361 inita
905 1297 1007 1380 uigilia
1022 1296 1143 1361 silentio
1159 1317 1255 1362 exer·
1278 1309 1310 1365 tc

131 1400 220 1464 citum
235 1398 341 1462 eduxit
355 1410 386 1463 et
400 1420 434 1464 se
449 1401 481 1463 in
495 1399 634 1483 antiquas
649 1399 831 1465 munitiones
846 1399 970 1483 recepit.

71 1501 118 1573 65
216 1498 355 1578 Aetolia,
376 1500 569 1579 Acarnania,
587 1500 792 1585 Amphilochis
808 1523 860 1587 per
874 1496 1011 1566 Cassium
1027 1496 1202 1583 Longinum
1219 1510 1253 1564 et

131 1598 296 1667 Caluisium
312 1599 468 1680 Sabinum,
486 1614 519 1665 ut
532 1603 815 1682 demonstrauimus,
831 1603 957 1686 receptis
974 1600 1172 1683 temptandam
1189 1600 1254 1667 sibi

130 1703 276 1769 Acbaitun
303 1723 339 1767 ac
367 1704 456 1788 paulu
483 1705 602 1790 lougius
632 1706 879 1789 progrediendum
901 1701 1092 1767 existimabat
1112 1696 1248 1764 Caesar.

127 1801 235 1888 ltaque
249 1826 286 1869 eo
302 1800 447 1871 Calenum
468 1807 552 1871 misit
572 1806 659 1890 cique
674 1804 819 1873 Sabinum
836 1801 1017 1871 et.Cossium
1032 1823 1097 1866 cum
1113 1801 1252 1867 cohorti·
1278 1816 1310 1869 ss

92 1904 185 1971 2bus
200 1905 343 1992 adiungit.
378 1905 512 1989 Quorum
528 1909 649 1992 cognito
664 1910 797 1977 aduentu
810 1907 943 1973 Rutilius
951 1903 1068 1989 Lupus,
1084 1903 1133 1987 qui
1146 1902 1252 1969 Acba-

70 2034 73 2039 ·
128 2009 188 2073 ian
209 2008 317 2072 missus
341 2007 517 2095 aPompeic
538 2009 708 2090 obtinebat,
733 2008 877 2077 isthmum
899 2007 1086 2092 praemunire
1101 2006 1248 2086 instituit,

93 2107 114 2173 3
129 2119 162 2174 ut
176 2108 293 2175 Achaia
307 2109 424 2176 Fufium
442 2113 623 2198 prohiberet.
666 2109 799 2178 Calenus
815 2111 961 2195 Delpbcs,
978 2108 1112 2185 Tbebas,
1130 2106 1250 2173 0rcbo-

126 2232 244 2277 saeuum
262 2213 413 2279 uoluntate
428 2216 559 2299 ipsarum
577 2215 731 2279 ciuitatum
748 2215 880 2299 recepit,
905 2212 1065 2277 nonnullas
1087 2208 1174 2273 urbes
1189 2227 1247 2291 per

127 2315 187 2379 uim
204 2318 404 2400 expugnauit,
426 2317 557 2400 reliquas
578 2317 714 2382 ciuitates
730 2315 944 2381 circummissis
958 2311 1158 2398 legationibus
1172 2309 1249 2372 ami·
1269 2319 1304 2374 2⁰

127 2417 198 2481 uitia
215 2414 339 2481 Caesari
365 2419 525 2483 conciliare
547 2419 697 2483 studebat.
739 2415 775 2482 In
796 2418 842 2483 bis
864 2415 954 2482 rebus
977 2418 1042 2480 iere
1063 2422 1129 2479 erat
1143 2408 1247 2477 Fufius

125 2540 180 2581 occ
220 2529 297 2581 atu.

70 2618 116 2689 50
181 2540 360 2684 upOminibus
377 2619 517 2708 deinceps
532 2623 635 2688 diebus
651 2620 767 2689 Caesar
782 2622 946 2689 exercitum
962 2620 992 2684 in
1009 2619 1102 2684 aciem
1118 2636 1244 2701 acquum

235 2792 247 2844 1
263 2793 342 2843 cxxi
362 2794 445 2859 deta,
468 2811 532 2846 ccxx
545 2796 620 2858 ube,·
640 2811 722 2847 ccxxx
743 2812 771 2846 ιι.
794 2795 908 2847 Secutus
926 2808 985 2843 aum
1007 2805 1163 2842 eonsensum
1182 2786 1244 2840 Vel.

124 2868 203 2922 Mam.
217 2870 271 2934 lll,
286 2871 317 2933 2,
330 2870 372 2923 23.
387 2870 497 2922 Sueten.
512 2872 588 2923 Caes.
603 2873 646 2924 18.
659 2873 734 2924 Flos.
750 2872 796 2936 W,
810 2873 843 2934 2,
864 2870 906 2922 to.
921 2868 1040 2934 Appiam.
1054 2866 1094 2930 ll,
1115 2866 1246 2917 bitrem

123 2944 196 2999 rtur.
214 2944 350 3002 Ocea'lb.
465 2950 701 3006 imilitibusccs.
749 2970 752 2975 ·
823 2942 1244 3014 atqueeodd.,seriau.Vtrrem

123 3029 188 3074 cate
201 3033 278 3090 atque
291 3025 424 3093 quaedam
436 3026 604 3092 exciderint,
626 3032 660 3078 ut
668 3026 840 3092 Elberla'ugic
853 3028 941 3077 uisum
955 3029 1011 3086 eat,
1031 3036 1065 3072 aa
1073 3022 1140 3087 post
1151 3016 1182 3069 id
1192 3032 1244 3068 uo-

124 3100 263 3164 cabulum,
283 3096 417 3154 incertum
430 3107 480 3154 ert.
653 3103 798 3170 ordinibus]
813 3092 939 3154 militibus
952 3118 968 3151 a
982 3101 1031 3152 illo
1043 3092 1241 3165 suprascripto.

231 3177 387 3242 primipilum
402 3180 472 3230 ‘mei
482 3178 579 3243 codd),
593 3178 700 3245 primum
715 3180 793 3246 pilum
807 3178 869 3244 (u)i
886 3182 913 3228 et
927 3178 1072 3243 ‘antiquas
1091 3171 1242 3224 cardinalis

123 3251 298 3303 Borromuei'
311 3256 374 3306 Alai.
391 3273 452 3322 saep.
569 3257 584 3309 3
597 3273 675 3324 opere
690 3259 714 3320 b,
728 3273 776 3324 ope
790 3274 806 3308 ι
819 3258 884 3307 ‘mes'
895 3255 929 3307 5‘.
1046 3254 1061 3304 l
1075 3266 1133 3303 ease
1146 3266 1199 3301 oar.
1215 3251 1241 3300 b.

233 3335 247 3382 5
263 3331 390 3383 frumento
404 3336 573 3403 uespeclsriis
585 3352 602 3387 ιι
611 3353 637 3399 e,
660 3336 839 3386 ‘frumentoue
853 3331 991 3400 speciariis
1003 3346 1067 3380 mas.
1081 3325 1164 3389 mei',·
1186 3326 1242 3377 iru-

121 3414 243 3457 mentoue
257 3415 283 3457 et
294 3409 430 3474 speciariis
443 3427 471 3462 ιι.
594 3411 770 3476 militibusque
785 3411 809 3460 b.
944 3406 960 3458 l
973 3406 1093 3456 extruxit
1104 3420 1129 3454 c.

121 3484 291 3535 lobstractis
306 3487 349 3549 bc,
365 3488 496 3539 obstruxit
507 3504 542 3552 ιι,·
556 3490 684 3543 extructis
697 3504 725 3539 ιι.
830 3487 907 3537 rebus
920 3499 970 3551 ego
982 3484 1119 3549 supplosi.
1133 3483 1164 3532 P.
1180 3481 1240 3534 171.

230 3561 262 3612 td
274 3563 348 3613 initia
362 3580 388 3615 ιι.
506 3568 538 3618 ta
552 3567 643 3632 Caput
656 3569 687 3618 55
700 3570 792 3632 aptiae
803 3571 869 3631 post
881 3566 912 3616 tt
925 3565 1072 3630 legaretur.
1189 3563 1242 3612 Ae-

121 3635 203 3686 thalia
216 3653 243 3688 a.
365 3641 515 3692 Amlllocbis
527 3659 553 3706 ιι,
569 3642 724 3708 Amphilocls
740 3643 812 3692 ‘maa
827 3641 903 3706 qdod)
1028 3637 1087 3687 cm.
1101 3652 1128 3686 ιι.

121 3720 148 3763 et
159 3729 211 3764 om.
226 3717 276 3765 cb.
382 3718 414 3768 13
427 3716 465 3783 ut]
478 3732 557 3784 supra
570 3719 633 3769 add.
645 3719 667 3768 b.
775 3718 806 3768 ll
815 3714 951 3781 Achaiam]
962 3709 1200 3763 aststtmutmtaaa.
1211 3713 1239 3764 b.

229 3792 261 3843 15
275 3792 399 3843 Calenum
417 3808 434 3842 ιι
444 3794 473 3858 b,
494 3792 732 3847 indumentorum
744 3807 763 3841 ιι
776 3792 841 3855 (aad
859 3791 984 3842 liulesa·
1002 3792 1098 3838 eontra
1117 3785 1196 3838 codd.
1212 3794 1242 3840 aa

118 3864 164 3924 dic
175 3871 205 3914 ei
214 3865 361 3931 deinceps).
545 3870 621 3935 eique
636 3868 829 3933 Gluadorpius,
844 3876 871 3919 et
884 3884 909 3933 q.
923 3883 957 3926 ιι,ι
971 3871 998 3917 et
1011 3862 1042 3930 Q.
1056 3862 1116 3913 edd.
1132 3863 1161 3913 Ρ.
1178 3863 1239 3917 lbi.

228 3943 396 3995 listbumum
409 3961 426 3994 a
439 3951 467 3997 ai
479 3950 520 3997 sie
532 3952 697 3997 uuistumum
708 3947 792 3996 ‘mam'
898 3946 931 3998 ta
940 3942 1045 3995 fluuium
1056 3956 1074 3989 a
1084 3941 1129 3990 bc.

118 4015 224 4067 'l'bebss
238 4018 370 4084 Scaliger,
385 4020 489 4073 Tbabss
502 4031 529 4073 et
541 4039 557 4072 a
572 4025 644 4073 ‘msa
656 4022 802 4088 pleriqrta'.
937 4018 1127 4069 Orchomenum
1139 4014 1238 4079 Aldus,

119 4093 304 4146 Orcomaneum
317 4111 334 4147 ιι
347 4104 375 4147 et
386 4102 427 4148 sic
440 4101 495 4150 ‘uel
506 4099 691 4152 Oeeamoaeum
705 4100 738 4151 θ’.
898 4097 929 4149 tt
941 4096 1127 4160 ciuitaclums.

117 4172 152 4226 2⁰
164 4170 296 4221 amicitiae
311 4176 394 4241 ‘sorte
407 4177 440 4226 b'.
555 4176 585 4231 2t
602 4177 710 4228 Caesari
723 4177 766 4242 (a)
778 4177 976 4239 liotomennur,
991 4174 1111 4225 Caesaris
1123 4174 1238 4239 reliqui.

226 4248 318 4303 Fusius
330 4269 356 4304 ιι.
