<?xml version="1.0" encoding="UTF-8"?>
<!DOCTYPE html PUBLIC "-//W3C//DTD XHTML 1.0 Transitional//EN"
    "http://www.w3.org/TR/xhtml1/DTD/xhtml1-transitional.dtd">
<html xmlns="http://www.w3.org/1999/xhtml" xml:lang="en" lang="en">
 <head>
  <title>
</title>
<meta http-equiv="Content-Type" content="text/html;charset=utf-8" />
  <meta name='ocr-system' content='tesseract 3.04.00' />
  <meta name='ocr-capabilities' content='ocr_page ocr_carea ocr_par ocr_line ocrx_word'/>
</head>
<body>
  <div class='ocr_page' id='page_1' title='image "./civliicaesarisc02hirtgoog_0208.png"; bbox 0 0 2692 4688; ppageno 0'>
   <div class='ocr_carea' id='block_1_1' title="bbox 506 199 826 266">
    <p class='ocr_par' dir='ltr' id='par_1_1' title="bbox 506 199 826 266">
     <span class='ocr_line' id='line_1_1' title="bbox 506 199 826 266; baseline 0.013 -16"><span class='ocrx_word' id='word_1_1' title='bbox 506 199 826 266; x_wconf 69' lang='lat'>...201-</span> 
     </span>
    </p>
   </div>
   <div class='ocr_carea' id='block_1_2' title="bbox 80 369 1226 4351">
    <p class='ocr_par' dir='ltr' id='par_1_2' title="bbox 95 369 1221 1457">
     <span class='ocr_line' id='line_1_2' title="bbox 95 369 1219 465; baseline 0.012 -32"><span class='ocrx_word' id='word_1_2' title='bbox 95 369 146 435; x_wconf 85' lang='lat' dir='ltr'><strong>ubi</strong></span> <span class='ocrx_word' id='word_1_3' title='bbox 162 381 255 455; x_wconf 80' lang='lat' dir='ltr'><strong>ponat</strong></span> <span class='ocrx_word' id='word_1_4' title='bbox 268 369 300 433; x_wconf 92' lang='lat' dir='ltr'><strong>in</strong></span> <span class='ocrx_word' id='word_1_5' title='bbox 316 390 384 446; x_wconf 87' lang='lat' dir='ltr'><strong>sno,</strong></span> <span class='ocrx_word' id='word_1_6' title='bbox 400 391 460 434; x_wconf 92' lang='lat' dir='ltr'><strong>non</strong></span> <span class='ocrx_word' id='word_1_7' title='bbox 476 370 587 449; x_wconf 80' lang='lat' dir='ltr'><strong>bahct‘,</strong></span> <span class='ocrx_word' id='word_1_8' title='bbox 605 372 655 451; x_wconf 91' lang='lat' dir='ltr'><strong>iis,</strong></span> <span class='ocrx_word' id='word_1_9' title='bbox 674 394 750 456; x_wconf 87' lang='lat' dir='ltr'><strong>quae</strong></span> <span class='ocrx_word' id='word_1_10' title='bbox 764 376 841 460; x_wconf 84' lang='lat' dir='ltr'><strong>apud</strong></span> <span class='ocrx_word' id='word_1_11' title='bbox 857 375 987 441; x_wconf 75' lang='lat' dir='ltr'><strong>Hirtium</strong></span> <span class='ocrx_word' id='word_1_12' title='bbox 1003 381 1219 465; x_wconf 84' lang='lat' dir='ltr'><strong>suppleuimns,</strong></span> 
     </span>
     <span class='ocr_line' id='line_1_3' title="bbox 95 472 1218 568; baseline 0.012 -32"><span class='ocrx_word' id='word_1_13' title='bbox 95 481 284 557; x_wconf 81' lang='lat' dir='ltr'><strong>repugnant,</strong></span> <span class='ocrx_word' id='word_1_14' title='bbox 304 494 369 536; x_wconf 90' lang='lat' dir='ltr'><strong>cum</strong></span> <span class='ocrx_word' id='word_1_15' title='bbox 386 494 455 557; x_wconf 84' lang='lat' dir='ltr'><strong>pars</strong></span> <span class='ocrx_word' id='word_1_16' title='bbox 471 472 521 536; x_wconf 89' lang='lat' dir='ltr'><strong>illa</strong></span> <span class='ocrx_word' id='word_1_17' title='bbox 535 473 699 539; x_wconf 75' lang='lat' dir='ltr'>Armeniae</span> <span class='ocrx_word' id='word_1_18' title='bbox 716 478 840 542; x_wconf 89' lang='lat' dir='ltr'><strong>minoris</strong></span> <span class='ocrx_word' id='word_1_19' title='bbox 855 477 1009 543; x_wconf 86' lang='lat' dir='ltr'><strong>Ariarathi</strong></span> <span class='ocrx_word' id='word_1_20' title='bbox 1025 504 1084 546; x_wconf 90' lang='lat' dir='ltr'><strong>non</strong></span> <span class='ocrx_word' id='word_1_21' title='bbox 1100 487 1218 568; x_wconf 86' lang='lat' dir='ltr'><strong>propria</strong></span> 
     </span>
     <span class='ocr_line' id='line_1_4' title="bbox 95 572 1217 664; baseline 0.009 -26"><span class='ocrx_word' id='word_1_22' title='bbox 95 596 242 639; x_wconf 86' lang='lat' dir='ltr'><strong>concessa</strong></span> <span class='ocrx_word' id='word_1_23' title='bbox 265 578 315 638; x_wconf 85' lang='lat' dir='ltr'><strong>sit.</strong></span> <span class='ocrx_word' id='word_1_24' title='bbox 354 572 404 638; x_wconf 91' lang='lat' dir='ltr'><strong>Ne</strong></span> <span class='ocrx_word' id='word_1_25' title='bbox 434 576 499 658; x_wconf 89' lang='lat' dir='ltr'><strong>quis</strong></span> <span class='ocrx_word' id='word_1_26' title='bbox 520 588 619 640; x_wconf 88' lang='lat' dir='ltr'><strong>autem</strong></span> <span class='ocrx_word' id='word_1_27' title='bbox 641 577 844 658; x_wconf 77' lang='lat' dir='ltr'>Ariarathen,</span> <span class='ocrx_word' id='word_1_28' title='bbox 875 580 1091 647; x_wconf 78' lang='lat' dir='ltr'>Ariobarzanis</span> <span class='ocrx_word' id='word_1_29' title='bbox 1115 585 1217 664; x_wconf 88' lang='lat' dir='ltr'><strong>lilium,</strong></span> 
     </span>
     <span class='ocr_line' id='line_1_5' title="bbox 95 673 1219 769; baseline 0.011 -29"><span class='ocrx_word' id='word_1_30' title='bbox 95 678 145 760; x_wconf 78' lang='lat' dir='ltr'><strong>qni</strong></span> <span class='ocrx_word' id='word_1_31' title='bbox 160 677 238 760; x_wconf 81' lang='lat' dir='ltr'><strong>apud</strong></span> <span class='ocrx_word' id='word_1_32' title='bbox 255 673 434 741; x_wconf 73' lang='lat' dir='ltr'><strong>Ciceronem</strong></span> <span class='ocrx_word' id='word_1_33' title='bbox 451 679 580 752; x_wconf 90' lang='lat' dir='ltr'><strong>dieitur,</strong></span> <span class='ocrx_word' id='word_1_34' title='bbox 604 680 694 743; x_wconf 89' lang='lat' dir='ltr'><strong>alium</strong></span> <span class='ocrx_word' id='word_1_35' title='bbox 717 692 801 764; x_wconf 85' lang='lat' dir='ltr'><strong>putet</strong></span> <span class='ocrx_word' id='word_1_36' title='bbox 816 693 906 766; x_wconf 83' lang='lat' dir='ltr'><strong>atqrre</strong></span> <span class='ocrx_word' id='word_1_37' title='bbox 922 683 1115 764; x_wconf 77' lang='lat' dir='ltr'><strong>Ariarathen,</strong></span> <span class='ocrx_word' id='word_1_38' title='bbox 1133 709 1219 769; x_wconf 88' lang='lat' dir='ltr'><strong>quem</strong></span> 
     </span>
     <span class='ocr_line' id='line_1_6' title="bbox 95 777 1220 866; baseline 0.011 -24"><span class='ocrx_word' id='word_1_39' title='bbox 95 777 215 843; x_wconf 85' lang='lat' dir='ltr'><strong>Hirtius</strong></span> <span class='ocrx_word' id='word_1_40' title='bbox 232 781 355 843; x_wconf 80' lang='lat' dir='ltr'><strong>fratrem</strong></span> <span class='ocrx_word' id='word_1_41' title='bbox 372 779 590 843; x_wconf 79' lang='lat' dir='ltr'><strong>Ariobarzanis</strong></span> <span class='ocrx_word' id='word_1_42' title='bbox 606 783 745 864; x_wconf 80' lang='lat' dir='ltr'><strong>appellat,</strong></span> <span class='ocrx_word' id='word_1_43' title='bbox 761 784 791 846; x_wconf 92' lang='lat' dir='ltr'><strong>id</strong></span> <span class='ocrx_word' id='word_1_44' title='bbox 808 785 885 866; x_wconf 87' lang='lat' dir='ltr'><strong>quod</strong></span> <span class='ocrx_word' id='word_1_45' title='bbox 904 787 1013 849; x_wconf 85' lang='lat' dir='ltr'><strong>lactum</strong></span> <span class='ocrx_word' id='word_1_46' title='bbox 1031 799 1078 852; x_wconf 87' lang='lat' dir='ltr'><strong>est</strong></span> <span class='ocrx_word' id='word_1_47' title='bbox 1091 790 1121 852; x_wconf 93' lang='lat' dir='ltr'><strong>in</strong></span> <span class='ocrx_word' id='word_1_48' title='bbox 1132 787 1220 854; x_wconf 84' lang='lat' dir='ltr'><strong>Orel-</strong></span> 
     </span>
     <span class='ocr_line' id='line_1_7' title="bbox 95 880 1220 966; baseline 0.009 -21"><span class='ocrx_word' id='word_1_49' title='bbox 95 882 127 945; x_wconf 94' lang='lat' dir='ltr'><strong>lii</strong></span> <span class='ocrx_word' id='word_1_50' title='bbox 148 883 337 944; x_wconf 79' lang='lat' dir='ltr'><strong>onomastico</strong></span> <span class='ocrx_word' id='word_1_51' title='bbox 352 880 513 960; x_wconf 85' lang='lat' dir='ltr'><strong>Tulliano,</strong></span> <span class='ocrx_word' id='word_1_52' title='bbox 534 884 621 960; x_wconf 93' lang='lat' dir='ltr'><strong>iude,</strong></span> <span class='ocrx_word' id='word_1_53' title='bbox 647 885 724 966; x_wconf 87' lang='lat' dir='ltr'><strong>quod</strong></span> <span class='ocrx_word' id='word_1_54' title='bbox 740 883 858 949; x_wconf 75' lang='lat' dir='ltr'><strong>Hirtius</strong></span> <span class='ocrx_word' id='word_1_55' title='bbox 873 885 1058 952; x_wconf 77' lang='lat' dir='ltr'><strong>Ariarathen</strong></span> <span class='ocrx_word' id='word_1_56' title='bbox 1081 891 1220 955; x_wconf 85' lang='lat' dir='ltr'><strong>heredem</strong></span> 
     </span>
     <span class='ocr_line' id='line_1_8' title="bbox 95 984 1221 1077; baseline 0.011 -32"><span class='ocrx_word' id='word_1_57' title='bbox 95 986 179 1069; x_wconf 65' lang='lat' dir='ltr'><strong>regri</strong></span> <span class='ocrx_word' id='word_1_58' title='bbox 195 984 345 1067; x_wconf 82' lang='lat' dir='ltr'><strong>appellat,</strong></span> <span class='ocrx_word' id='word_1_59' title='bbox 368 987 490 1049; x_wconf 83' lang='lat' dir='ltr'><strong>tratrem</strong></span> <span class='ocrx_word' id='word_1_60' title='bbox 507 986 571 1048; x_wconf 88' lang='lat' dir='ltr'><strong>eius</strong></span> <span class='ocrx_word' id='word_1_61' title='bbox 587 986 816 1050; x_wconf 79' lang='lat' dir='ltr'><strong>Ariobarzanen</strong></span> <span class='ocrx_word' id='word_1_62' title='bbox 832 987 922 1050; x_wconf 86' lang='lat' dir='ltr'><strong>lilium</strong></span> <span class='ocrx_word' id='word_1_63' title='bbox 938 1012 997 1053; x_wconf 88' lang='lat' dir='ltr'><strong>non</strong></span> <span class='ocrx_word' id='word_1_64' title='bbox 1015 992 1155 1056; x_wconf 84' lang='lat' dir='ltr'><strong>habuisse</strong></span> <span class='ocrx_word' id='word_1_65' title='bbox 1170 1013 1221 1077; x_wconf 85' lang='lat' dir='ltr'><strong>ap·</strong></span> 
     </span>
     <span class='ocr_line' id='line_1_9' title="bbox 96 1086 1220 1173; baseline 0.007 -24"><span class='ocrx_word' id='word_1_66' title='bbox 96 1098 190 1170; x_wconf 71' lang='lat' dir='ltr'><strong>peret.</strong></span> <span class='ocrx_word' id='word_1_67' title='bbox 223 1086 455 1150; x_wconf 79' lang='lat' dir='ltr'><strong>Ariobarzanen</strong></span> <span class='ocrx_word' id='word_1_68' title='bbox 477 1099 508 1150; x_wconf 89' lang='lat' dir='ltr'><strong>et</strong></span> <span class='ocrx_word' id='word_1_69' title='bbox 523 1087 704 1152; x_wconf 80' lang='lat' dir='ltr'><strong>Ariarathen</strong></span> <span class='ocrx_word' id='word_1_70' title='bbox 727 1090 803 1173; x_wconf 85' lang='lat' dir='ltr'><strong>apud</strong></span> <span class='ocrx_word' id='word_1_71' title='bbox 820 1088 951 1153; x_wconf 83' lang='lat' dir='ltr'><strong>Hirtium</strong></span> <span class='ocrx_word' id='word_1_72' title='bbox 975 1105 1220 1157; x_wconf 83' lang='lat' dir='ltr'><strong>commemoratos</strong></span> 
     </span>
     <span class='ocr_line' id='line_1_10' title="bbox 96 1186 1221 1269; baseline 0.007 -17"><span class='ocrx_word' id='word_1_73' title='bbox 96 1190 171 1255; x_wconf 72' lang='lat' dir='ltr'><strong>utica</strong></span> <span class='ocrx_word' id='word_1_74' title='bbox 187 1189 281 1252; x_wconf 80' lang='lat' dir='ltr'><strong>luisse</strong></span> <span class='ocrx_word' id='word_1_75' title='bbox 296 1187 514 1253; x_wconf 81' lang='lat' dir='ltr'><strong>Ariobarzanis</strong></span> <span class='ocrx_word' id='word_1_76' title='bbox 530 1186 597 1253; x_wconf 87' lang='lat' dir='ltr'><strong>Cic.</strong></span> <span class='ocrx_word' id='word_1_77' title='bbox 616 1192 651 1254; x_wconf 86' lang='lat' dir='ltr'><strong>ud</strong></span> <span class='ocrx_word' id='word_1_78' title='bbox 667 1188 753 1253; x_wconf 84' lang='lat' dir='ltr'><strong>Fam.</strong></span> <span class='ocrx_word' id='word_1_79' title='bbox 771 1189 813 1268; x_wconf 93' lang='lat' dir='ltr'><strong>ll,</strong></span> <span class='ocrx_word' id='word_1_80' title='bbox 835 1191 886 1269; x_wconf 84' lang='grc'><strong>17,</strong></span> <span class='ocrx_word' id='word_1_81' title='bbox 903 1193 1135 1259; x_wconf 79' lang='lat' dir='ltr'><strong>2denronstrat.</strong></span> <span class='ocrx_word' id='word_1_82' title='bbox 1160 1192 1221 1260; x_wconf 87' lang='lat' dir='ltr'><strong>Ce-</strong></span> 
     </span>
     <span class='ocr_line' id='line_1_11' title="bbox 97 1291 1220 1380; baseline 0.004 -25"><span class='ocrx_word' id='word_1_83' title='bbox 97 1301 191 1355; x_wconf 75' lang='lat' dir='ltr'><strong>tm</strong></span> <span class='ocrx_word' id='word_1_84' title='bbox 205 1291 271 1375; x_wconf 83' lang='lat' dir='ltr'><strong>ipsa</strong></span> <span class='ocrx_word' id='word_1_85' title='bbox 286 1291 392 1369; x_wconf 83' lang='lat' dir='ltr'><strong>uerba,</strong></span> <span class='ocrx_word' id='word_1_86' title='bbox 409 1312 484 1377; x_wconf 86' lang='lat' dir='ltr'><strong>qnae</strong></span> <span class='ocrx_word' id='word_1_87' title='bbox 500 1292 646 1376; x_wconf 88' lang='lat' dir='ltr'><strong>suppleni‚</strong></span> <span class='ocrx_word' id='word_1_88' title='bbox 664 1312 710 1357; x_wconf 87' lang='lat' dir='ltr'><strong>me</strong></span> <span class='ocrx_word' id='word_1_89' title='bbox 726 1313 786 1356; x_wconf 93' lang='lat' dir='ltr'><strong>non</strong></span> <span class='ocrx_word' id='word_1_90' title='bbox 802 1305 955 1377; x_wconf 85' lang='lat' dir='ltr'><strong>praestare</strong></span> <span class='ocrx_word' id='word_1_91' title='bbox 976 1297 1029 1360; x_wconf 80' lang='lat' dir='ltr'><strong>uix</strong></span> <span class='ocrx_word' id='word_1_92' title='bbox 1052 1308 1118 1375; x_wconf 91' lang='lat' dir='ltr'><strong>est,</strong></span> <span class='ocrx_word' id='word_1_93' title='bbox 1142 1299 1220 1380; x_wconf 90' lang='lat' dir='ltr'><strong>quod</strong></span> 
     </span>
     <span class='ocr_line' id='line_1_12' title="bbox 97 1413 244 1457; baseline 0 -1"><span class='ocrx_word' id='word_1_94' title='bbox 97 1413 244 1457; x_wconf 78' lang='lat' dir='ltr'><strong>moneant.</strong></span> 
     </span>
    </p>

    <p class='ocr_par' dir='ltr' id='par_1_3' title="bbox 98 1492 1221 2095">
     <span class='ocr_line' id='line_1_13' title="bbox 179 1492 1216 1588; baseline 0.007 -27"><span class='ocrx_word' id='word_1_95' title='bbox 179 1492 220 1561; x_wconf 82' lang='lat' dir='ltr'><strong>C.</strong></span> <span class='ocrx_word' id='word_1_96' title='bbox 237 1494 282 1560; x_wconf 77' lang='lat'><strong>72</strong></span> <span class='ocrx_word' id='word_1_97' title='bbox 296 1496 340 1559; x_wconf 89' lang='lat' dir='ltr'><strong>in.</strong></span> <span class='ocrx_word' id='word_1_98' title='bbox 365 1498 509 1561; x_wconf 86' lang='lat' dir='ltr'><strong>edebatur</strong></span> <span class='ocrx_word' id='word_1_99' title='bbox 534 1497 621 1563; x_wconf 87' lang='lat' dir='ltr'><strong>‘Zela</strong></span> <span class='ocrx_word' id='word_1_100' title='bbox 642 1510 689 1564; x_wconf 85' lang='grc' dir='ltr'><strong>εει</strong></span> <span class='ocrx_word' id='word_1_101' title='bbox 711 1501 848 1585; x_wconf 81' lang='lat' dir='ltr'><strong>oppidum</strong></span> <span class='ocrx_word' id='word_1_102' title='bbox 864 1502 895 1564; x_wconf 93' lang='lat' dir='ltr'><strong>in</strong></span> <span class='ocrx_word' id='word_1_103' title='bbox 912 1498 1009 1565; x_wconf 87' lang='lat' dir='ltr'><strong>Ponto</strong></span> <span class='ocrx_word' id='word_1_104' title='bbox 1025 1505 1122 1588; x_wconf 84' lang='lat' dir='ltr'><strong>positu</strong></span> <span class='ocrx_word' id='word_1_105' title='bbox 1138 1505 1216 1588; x_wconf 86' lang='lat' dir='ltr'><strong>ipso,</strong></span> 
     </span>
     <span class='ocr_line' id='line_1_14' title="bbox 99 1600 1220 1682; baseline 0.005 -20"><span class='ocrx_word' id='word_1_106' title='bbox 99 1600 173 1663; x_wconf 90' lang='lat' dir='ltr'><strong>utin</strong></span> <span class='ocrx_word' id='word_1_107' title='bbox 195 1601 287 1682; x_wconf 80' lang='lat' dir='ltr'><strong>plano</strong></span> <span class='ocrx_word' id='word_1_108' title='bbox 311 1600 397 1673; x_wconf 88' lang='lat' dir='ltr'><strong>loeo,</strong></span> <span class='ocrx_word' id='word_1_109' title='bbox 421 1601 495 1664; x_wconf 90' lang='lat' dir='ltr'><strong>satis</strong></span> <span class='ocrx_word' id='word_1_110' title='bbox 518 1605 676 1666; x_wconf 87' lang='lat' dir='ltr'><strong>munitum:</strong></span> <span class='ocrx_word' id='word_1_111' title='bbox 704 1605 834 1668; x_wconf 90' lang='lat' dir='ltr'><strong>tumulus</strong></span> <span class='ocrx_word' id='word_1_112' title='bbox 856 1606 935 1668; x_wconf 89' lang='lat' dir='ltr'><strong>enirn</strong></span> <span class='ocrx_word' id='word_1_113' title='bbox 957 1605 1104 1670; x_wconf 83' lang='lat' dir='ltr'><strong>naturalis</strong></span> <span class='ocrx_word' id='word_1_114' title='bbox 1127 1607 1220 1670; x_wconf 91' lang='lat' dir='ltr'><strong>ueluti</strong></span> 
     </span>
     <span class='ocr_line' id='line_1_15' title="bbox 98 1700 1217 1790; baseline 0.003 -25"><span class='ocrx_word' id='word_1_115' title='bbox 98 1723 182 1766; x_wconf 77' lang='lat' dir='ltr'><strong>nanu</strong></span> <span class='ocrx_word' id='word_1_116' title='bbox 199 1705 301 1766; x_wconf 79' lang='lat' dir='ltr'><strong>iactus</strong></span> <span class='ocrx_word' id='word_1_117' title='bbox 317 1700 485 1765; x_wconf 79' lang='lat' dir='ltr'><strong>excelsiore</strong></span> <span class='ocrx_word' id='word_1_118' title='bbox 502 1705 629 1786; x_wconf 93' lang='lat' dir='ltr'><strong>undique</strong></span> <span class='ocrx_word' id='word_1_119' title='bbox 645 1706 765 1790; x_wconf 78' lang='lat' dir='ltr'><strong>fastigio</strong></span> <span class='ocrx_word' id='word_1_120' title='bbox 779 1706 905 1769; x_wconf 89' lang='lat' dir='ltr'><strong>sustinet</strong></span> <span class='ocrx_word' id='word_1_121' title='bbox 924 1707 1062 1770; x_wconf 83' lang='lat' dir='ltr'><strong>murum&#39;.</strong></span> <span class='ocrx_word' id='word_1_122' title='bbox 1082 1705 1114 1769; x_wconf 93' lang='lat' dir='ltr'><strong>ln</strong></span> <span class='ocrx_word' id='word_1_123' title='bbox 1131 1707 1217 1770; x_wconf 89' lang='lat' dir='ltr'><strong>codd.</strong></span> 
     </span>
     <span class='ocr_line' id='line_1_16' title="bbox 98 1802 1220 1892; baseline 0.003 -24"><span class='ocrx_word' id='word_1_124' title='bbox 98 1803 206 1890; x_wconf 67' lang='lat' dir='ltr'><strong>legitur</strong></span> <span class='ocrx_word' id='word_1_125' title='bbox 227 1802 326 1868; x_wconf 80' lang='lat' dir='ltr'><strong>‘Zela</strong></span> <span class='ocrx_word' id='word_1_126' title='bbox 348 1815 395 1868; x_wconf 91' lang='lat' dir='ltr'><strong>est</strong></span> <span class='ocrx_word' id='word_1_127' title='bbox 417 1806 553 1889; x_wconf 86' lang='lat' dir='ltr'><strong>oppidum</strong></span> <span class='ocrx_word' id='word_1_128' title='bbox 576 1807 607 1869; x_wconf 94' lang='lat' dir='ltr'><strong>in</strong></span> <span class='ocrx_word' id='word_1_129' title='bbox 623 1804 722 1870; x_wconf 85' lang='lat' dir='ltr'><strong>Ponto</strong></span> <span class='ocrx_word' id='word_1_130' title='bbox 744 1809 891 1890; x_wconf 85' lang='lat' dir='ltr'><strong>positum,</strong></span> <span class='ocrx_word' id='word_1_131' title='bbox 916 1808 1011 1891; x_wconf 80' lang='lat' dir='ltr'><strong>ipsum</strong></span> <span class='ocrx_word' id='word_1_132' title='bbox 1036 1809 1115 1871; x_wconf 92' lang='lat' dir='ltr'><strong>utin</strong></span> <span class='ocrx_word' id='word_1_133' title='bbox 1131 1809 1220 1892; x_wconf 81' lang='lat' dir='ltr'><strong>plano</strong></span> 
     </span>
     <span class='ocr_line' id='line_1_17' title="bbox 99 1906 1217 1994; baseline 0.002 -24"><span class='ocrx_word' id='word_1_134' title='bbox 99 1907 162 1970; x_wconf 88' lang='lat' dir='ltr'><strong>loeo</strong></span> <span class='ocrx_word' id='word_1_135' title='bbox 185 1908 262 1970; x_wconf 81' lang='lat' dir='ltr'><strong>satie</strong></span> <span class='ocrx_word' id='word_1_136' title='bbox 283 1906 455 1971; x_wconf 74' lang='lat' dir='ltr'><strong>munitnm&#39;·</strong></span> <span class='ocrx_word' id='word_1_137' title='bbox 486 1907 585 1990; x_wconf 87' lang='lat' dir='ltr'><strong>Atque</strong></span> <span class='ocrx_word' id='word_1_138' title='bbox 606 1909 679 1972; x_wconf 85' lang='lat' dir='ltr'><strong>haec</strong></span> <span class='ocrx_word' id='word_1_139' title='bbox 701 1922 784 1973; x_wconf 89' lang='lat' dir='ltr'><strong>recta</strong></span> <span class='ocrx_word' id='word_1_140' title='bbox 809 1907 1021 1994; x_wconf 83' lang='lat' dir='ltr'><strong>Oudendorpio</strong></span> <span class='ocrx_word' id='word_1_141' title='bbox 1044 1911 1112 1974; x_wconf 87' lang='lat' dir='ltr'><strong>uisa</strong></span> <span class='ocrx_word' id='word_1_142' title='bbox 1135 1921 1217 1974; x_wconf 90' lang='lat' dir='ltr'><strong>sunt.</strong></span> 
     </span>
     <span class='ocr_line' id='line_1_18' title="bbox 100 2004 1221 2095; baseline 0.004 -24"><span class='ocrx_word' id='word_1_143' title='bbox 100 2004 214 2072; x_wconf 83' lang='lat' dir='ltr'><strong>Verum</strong></span> <span class='ocrx_word' id='word_1_144' title='bbox 230 2030 270 2072; x_wconf 84' lang='lat' dir='ltr'><strong>ex</strong></span> <span class='ocrx_word' id='word_1_145' title='bbox 283 2009 338 2085; x_wconf 87' lang='lat' dir='ltr'><strong>iis,</strong></span> <span class='ocrx_word' id='word_1_146' title='bbox 363 2031 438 2093; x_wconf 89' lang='lat' dir='ltr'><strong>quae</strong></span> <span class='ocrx_word' id='word_1_147' title='bbox 460 2010 676 2095; x_wconf 83' lang='lat' dir='ltr'><strong>adiunguntur,</strong></span> <span class='ocrx_word' id='word_1_148' title='bbox 700 2023 824 2094; x_wconf 84' lang='lat' dir='ltr'><strong>apparet</strong></span> <span class='ocrx_word' id='word_1_149' title='bbox 840 2010 945 2074; x_wconf 88' lang='lat' dir='ltr'><strong>Zelam</strong></span> <span class='ocrx_word' id='word_1_150' title='bbox 961 2013 1020 2075; x_wconf 89' lang='lat' dir='ltr'><strong>situ</strong></span> <span class='ocrx_word' id='word_1_151' title='bbox 1035 2013 1109 2076; x_wconf 89' lang='lat' dir='ltr'><strong>satis</strong></span> <span class='ocrx_word' id='word_1_152' title='bbox 1125 2013 1221 2077; x_wconf 89' lang='lat' dir='ltr'><strong>muni·</strong></span> 
     </span>
    </p>

    <p class='ocr_par' dir='ltr' id='par_1_4' title="bbox 80 2111 1222 3100">
     <span class='ocr_line' id='line_1_19' title="bbox 80 2111 1220 2199; baseline 0.005 -27"><span class='ocrx_word' id='word_1_153' title='bbox 80 2121 162 2198; x_wconf 8' lang='lat' dir='ltr'><strong>*tam</strong></span> <span class='ocrx_word' id='word_1_154' title='bbox 178 2111 337 2196; x_wconf 54' lang='lat' dir='ltr'><strong>fulcoaldo</strong></span> <span class='ocrx_word' id='word_1_155' title='bbox 350 2123 462 2189; x_wconf 88' lang='lat' dir='ltr'><strong>antem,</strong></span> <span class='ocrx_word' id='word_1_156' title='bbox 481 2115 602 2199; x_wconf 85' lang='lat' dir='ltr'><strong>quaein</strong></span> <span class='ocrx_word' id='word_1_157' title='bbox 619 2114 702 2176; x_wconf 85' lang='lat' dir='ltr'><strong>codd.</strong></span> <span class='ocrx_word' id='word_1_158' title='bbox 722 2113 874 2196; x_wconf 85' lang='lat' dir='ltr'><strong>leguntur,</strong></span> <span class='ocrx_word' id='word_1_159' title='bbox 892 2113 1030 2196; x_wconf 86' lang='lat' dir='ltr'><strong>operibus</strong></span> <span class='ocrx_word' id='word_1_160' title='bbox 1047 2116 1158 2178; x_wconf 87' lang='lat' dir='ltr'><strong>munita</strong></span> <span class='ocrx_word' id='word_1_161' title='bbox 1176 2115 1220 2178; x_wconf 92' lang='lat' dir='ltr'><strong>di·</strong></span> 
     </span>
     <span class='ocr_line' id='line_1_20' title="bbox 99 2212 1221 2299; baseline 0.002 -23"><span class='ocrx_word' id='word_1_162' title='bbox 99 2223 233 2279; x_wconf 90' lang='lat' dir='ltr'><strong>ceretur.</strong></span> <span class='ocrx_word' id='word_1_163' title='bbox 265 2213 313 2276; x_wconf 94' lang='lat' dir='ltr'><strong>Ad</strong></span> <span class='ocrx_word' id='word_1_164' title='bbox 326 2215 504 2279; x_wconf 85' lang='lat' dir='ltr'><strong>sententiam</strong></span> <span class='ocrx_word' id='word_1_165' title='bbox 521 2215 613 2299; x_wconf 78' lang='lat' dir='ltr'><strong>igitur</strong></span> <span class='ocrx_word' id='word_1_166' title='bbox 627 2225 709 2278; x_wconf 87' lang='lat' dir='ltr'><strong>reeta</strong></span> <span class='ocrx_word' id='word_1_167' title='bbox 726 2226 806 2292; x_wconf 90' lang='lat' dir='ltr'><strong>sunt,</strong></span> <span class='ocrx_word' id='word_1_168' title='bbox 825 2235 899 2296; x_wconf 87' lang='lat' dir='ltr'><strong>quae</strong></span> <span class='ocrx_word' id='word_1_169' title='bbox 915 2215 1054 2276; x_wconf 91' lang='lat' dir='ltr'><strong>eduntur.</strong></span> <span class='ocrx_word' id='word_1_170' title='bbox 1079 2212 1140 2278; x_wconf 89' lang='lat' dir='ltr'><strong>Sed</strong></span> <span class='ocrx_word' id='word_1_171' title='bbox 1157 2227 1221 2298; x_wconf 88' lang='lat' dir='ltr'><strong>pot-</strong></span> 
     </span>
     <span class='ocr_line' id='line_1_21' title="bbox 101 2316 1221 2401; baseline -0.002 -20"><span class='ocrx_word' id='word_1_172' title='bbox 101 2329 162 2381; x_wconf 85' lang='lat' dir='ltr'><strong>erat</strong></span> <span class='ocrx_word' id='word_1_173' title='bbox 177 2317 269 2401; x_wconf 84' lang='lat' dir='ltr'><strong>paulo</strong></span> <span class='ocrx_word' id='word_1_174' title='bbox 290 2318 410 2401; x_wconf 80' lang='lat' dir='ltr'><strong>propius</strong></span> <span class='ocrx_word' id='word_1_175' title='bbox 430 2318 465 2379; x_wconf 93' lang='lat' dir='ltr'><strong>ad</strong></span> <span class='ocrx_word' id='word_1_176' title='bbox 482 2317 568 2379; x_wconf 88' lang='lat' dir='ltr'><strong>codd.</strong></span> <span class='ocrx_word' id='word_1_177' title='bbox 587 2317 704 2396; x_wconf 86' lang='lat' dir='ltr'><strong>accedi,</strong></span> <span class='ocrx_word' id='word_1_178' title='bbox 722 2328 757 2381; x_wconf 93' lang='lat' dir='ltr'><strong>ut</strong></span> <span class='ocrx_word' id='word_1_179' title='bbox 772 2318 812 2380; x_wconf 89' lang='lat' dir='ltr'><strong>ita</strong></span> <span class='ocrx_word' id='word_1_180' title='bbox 828 2318 1033 2379; x_wconf 82' lang='lat' dir='ltr'><strong>scriberetur:</strong></span> <span class='ocrx_word' id='word_1_181' title='bbox 1069 2316 1157 2379; x_wconf 86' lang='lat' dir='ltr'><strong>‘Zela</strong></span> <span class='ocrx_word' id='word_1_182' title='bbox 1174 2327 1221 2379; x_wconf 91' lang='grc' dir='ltr'><strong>εει</strong></span> 
     </span>
     <span class='ocr_line' id='line_1_22' title="bbox 100 2417 1219 2504; baseline -0.002 -21"><span class='ocrx_word' id='word_1_183' title='bbox 100 2422 235 2504; x_wconf 76' lang='lat' dir='ltr'><strong>oppidum</strong></span> <span class='ocrx_word' id='word_1_184' title='bbox 252 2420 283 2483; x_wconf 92' lang='lat' dir='ltr'><strong>in</strong></span> <span class='ocrx_word' id='word_1_185' title='bbox 298 2418 410 2497; x_wconf 89' lang='lat' dir='ltr'><strong>Ponto,</strong></span> <span class='ocrx_word' id='word_1_186' title='bbox 433 2420 558 2504; x_wconf 85' lang='lat' dir='ltr'><strong>positum</strong></span> <span class='ocrx_word' id='word_1_187' title='bbox 576 2419 680 2500; x_wconf 82' lang='lat' dir='ltr'><strong>ipsum,</strong></span> <span class='ocrx_word' id='word_1_188' title='bbox 699 2430 733 2482; x_wconf 89' lang='lat' dir='ltr'><strong>ut</strong></span> <span class='ocrx_word' id='word_1_189' title='bbox 747 2420 777 2482; x_wconf 90' lang='lat' dir='ltr'><strong>in</strong></span> <span class='ocrx_word' id='word_1_190' title='bbox 794 2419 893 2502; x_wconf 87' lang='lat' dir='ltr'><strong>plano,</strong></span> <span class='ocrx_word' id='word_1_191' title='bbox 912 2421 977 2483; x_wconf 91' lang='lat' dir='ltr'><strong>loco</strong></span> <span class='ocrx_word' id='word_1_192' title='bbox 993 2419 1067 2482; x_wconf 86' lang='lat' dir='ltr'><strong>satis</strong></span> <span class='ocrx_word' id='word_1_193' title='bbox 1083 2417 1219 2481; x_wconf 90' lang='lat' dir='ltr'><strong>mnnito&#39;.</strong></span> 
     </span>
     <span class='ocr_line' id='line_1_23' title="bbox 101 2520 1222 2607; baseline -0.003 -19"><span class='ocrx_word' id='word_1_194' title='bbox 101 2520 245 2607; x_wconf 79' lang='lat' dir='ltr'><strong>Oppidum</strong></span> <span class='ocrx_word' id='word_1_195' title='bbox 268 2523 366 2607; x_wconf 85' lang='lat' dir='ltr'><strong>ipsum</strong></span> <span class='ocrx_word' id='word_1_196' title='bbox 387 2521 461 2585; x_wconf 87' lang='lat' dir='ltr'><strong>satis</strong></span> <span class='ocrx_word' id='word_1_197' title='bbox 484 2522 597 2584; x_wconf 86' lang='lat' dir='ltr'><strong>munito</strong></span> <span class='ocrx_word' id='word_1_198' title='bbox 619 2523 684 2585; x_wconf 88' lang='lat' dir='ltr'><strong>loeo</strong></span> <span class='ocrx_word' id='word_1_199' title='bbox 701 2523 825 2606; x_wconf 86' lang='lat' dir='ltr'><strong>positum</strong></span> <span class='ocrx_word' id='word_1_200' title='bbox 842 2523 969 2599; x_wconf 88' lang='lat' dir='ltr'><strong>dieitur,</strong></span> <span class='ocrx_word' id='word_1_201' title='bbox 994 2523 1062 2604; x_wconf 93' lang='lat' dir='ltr'><strong>quia</strong></span> <span class='ocrx_word' id='word_1_202' title='bbox 1084 2521 1222 2605; x_wconf 80' lang='lat' dir='ltr'><strong>proxima</strong></span> 
     </span>
     <span class='ocr_line' id='line_1_24' title="bbox 102 2621 1218 2711; baseline -0.004 -19"><span class='ocrx_word' id='word_1_203' title='bbox 102 2629 301 2711; x_wconf 74' lang='lat' dir='ltr'><strong>placuerant,</strong></span> <span class='ocrx_word' id='word_1_204' title='bbox 319 2646 384 2688; x_wconf 87' lang='lat' dir='ltr'><strong>eum</strong></span> <span class='ocrx_word' id='word_1_205' title='bbox 401 2625 496 2708; x_wconf 79' lang='lat' dir='ltr'><strong>ipsum</strong></span> <span class='ocrx_word' id='word_1_206' title='bbox 512 2624 544 2686; x_wconf 94' lang='lat' dir='ltr'><strong>in</strong></span> <span class='ocrx_word' id='word_1_207' title='bbox 559 2633 660 2686; x_wconf 87' lang='lat' dir='ltr'><strong>monte</strong></span> <span class='ocrx_word' id='word_1_208' title='bbox 676 2624 799 2686; x_wconf 85' lang='lat' dir='ltr'><strong>iaceret.</strong></span> <span class='ocrx_word' id='word_1_209' title='bbox 820 2621 935 2688; x_wconf 85' lang='lat' dir='ltr'><strong>Similia</strong></span> <span class='ocrx_word' id='word_1_210' title='bbox 945 2626 1019 2688; x_wconf 83' lang='lat' dir='ltr'><strong>haee</strong></span> <span class='ocrx_word' id='word_1_211' title='bbox 1034 2634 1105 2688; x_wconf 90' lang='lat' dir='ltr'><strong>sunt</strong></span> <span class='ocrx_word' id='word_1_212' title='bbox 1119 2646 1146 2687; x_wconf 89' lang='lat' dir='ltr'><strong>c.</strong></span> <span class='ocrx_word' id='word_1_213' title='bbox 1163 2623 1218 2701; x_wconf 76' lang='lat'><strong>28,</strong></span> 
     </span>
     <span class='ocr_line' id='line_1_25' title="bbox 103 2726 1221 2810; baseline -0.004 -16"><span class='ocrx_word' id='word_1_214' title='bbox 103 2728 120 2793; x_wconf 76' lang='lat'>³</span> <span class='ocrx_word' id='word_1_215' title='bbox 135 2729 330 2793; x_wconf 80' lang='lat' dir='ltr'><strong>‘consederat</strong></span> <span class='ocrx_word' id='word_1_216' title='bbox 352 2747 417 2789; x_wconf 86' lang='lat' dir='ltr'><strong>curn</strong></span> <span class='ocrx_word' id='word_1_217' title='bbox 434 2726 527 2810; x_wconf 86' lang='lat' dir='ltr'><strong>copiis</strong></span> <span class='ocrx_word' id='word_1_218' title='bbox 543 2747 599 2789; x_wconf 87' lang='lat' dir='ltr'><strong>rex</strong></span> <span class='ocrx_word' id='word_1_219' title='bbox 616 2728 681 2790; x_wconf 90' lang='lat' dir='ltr'><strong>loco</strong></span> <span class='ocrx_word' id='word_1_220' title='bbox 696 2737 803 2790; x_wconf 89' lang='lat' dir='ltr'><strong>nutura</strong></span> <span class='ocrx_word' id='word_1_221' title='bbox 819 2729 951 2804; x_wconf 83' lang='lat' dir='ltr'><strong>urunito,</strong></span> <span class='ocrx_word' id='word_1_222' title='bbox 978 2727 1053 2808; x_wconf 92' lang='lat' dir='ltr'><strong>quod</strong></span> <span class='ocrx_word' id='word_1_223' title='bbox 1078 2736 1143 2788; x_wconf 86' lang='lat' dir='ltr'><strong>erat</strong></span> <span class='ocrx_word' id='word_1_224' title='bbox 1157 2726 1221 2808; x_wconf 84' lang='lat' dir='ltr'><strong>ipse</strong></span> 
     </span>
     <span class='ocr_line' id='line_1_26' title="bbox 104 2825 1221 2914; baseline -0.009 -18"><span class='ocrx_word' id='word_1_225' title='bbox 104 2832 251 2896; x_wconf 79' lang='lat' dir='ltr'><strong>excelsior</strong></span> <span class='ocrx_word' id='word_1_226' title='bbox 266 2830 387 2914; x_wconf 84' lang='lat' dir='ltr'><strong>planitie</strong></span> <span class='ocrx_word' id='word_1_227' title='bbox 403 2850 444 2891; x_wconf 81' lang='lat' dir='ltr'><strong>rx</strong></span> <span class='ocrx_word' id='word_1_228' title='bbox 459 2830 596 2893; x_wconf 87' lang='lat' dir='ltr'><strong>omnibus</strong></span> <span class='ocrx_word' id='word_1_229' title='bbox 613 2829 745 2913; x_wconf 86' lang='lat' dir='ltr'><strong>partibus</strong></span> <span class='ocrx_word' id='word_1_230' title='bbox 768 2830 918 2892; x_wconf 84' lang='lat' dir='ltr'><strong>subiecta&#39;</strong></span> <span class='ocrx_word' id='word_1_231' title='bbox 943 2839 973 2891; x_wconf 87' lang='lat' dir='ltr'><strong>et</strong></span> <span class='ocrx_word' id='word_1_232' title='bbox 995 2827 1053 2903; x_wconf 77' lang='lat'><strong>36,</strong></span> <span class='ocrx_word' id='word_1_233' title='bbox 1079 2825 1098 2888; x_wconf 88' lang='grc'>3</span> <span class='ocrx_word' id='word_1_234' title='bbox 1124 2826 1221 2907; x_wconf 90' lang='lat' dir='ltr'><strong>‘qnod</strong></span> 
     </span>
     <span class='ocr_line' id='line_1_27' title="bbox 103 2928 1222 3018; baseline -0.005 -22"><span class='ocrx_word' id='word_1_235' title='bbox 103 2935 237 3018; x_wconf 76' lang='lat' dir='ltr'><strong>oppidum</strong></span> <span class='ocrx_word' id='word_1_236' title='bbox 261 2934 388 3017; x_wconf 84' lang='lat' dir='ltr'><strong>posituro</strong></span> <span class='ocrx_word' id='word_1_237' title='bbox 412 2933 442 2995; x_wconf 93' lang='lat' dir='ltr'><strong>in</strong></span> <span class='ocrx_word' id='word_1_238' title='bbox 458 2931 603 2996; x_wconf 86' lang='lat' dir='ltr'><strong>Armenia</strong></span> <span class='ocrx_word' id='word_1_239' title='bbox 626 2933 741 2995; x_wconf 86' lang='lat' dir='ltr'><strong>minore</strong></span> <span class='ocrx_word' id='word_1_240' title='bbox 756 2942 803 2994; x_wconf 90' lang='grc' dir='ltr'><strong>εει</strong></span> <span class='ocrx_word' id='word_1_241' title='bbox 817 2932 905 3014; x_wconf 82' lang='lat' dir='ltr'><strong>plano</strong></span> <span class='ocrx_word' id='word_1_242' title='bbox 920 2931 1016 3014; x_wconf 86' lang='lat' dir='ltr'><strong>ipsum</strong></span> <span class='ocrx_word' id='word_1_243' title='bbox 1033 2929 1098 2991; x_wconf 90' lang='lat' dir='ltr'><strong>loco</strong></span> <span class='ocrx_word' id='word_1_244' title='bbox 1114 2928 1222 2990; x_wconf 87' lang='lat' dir='ltr'><strong>monti·</strong></span> 
     </span>
     <span class='ocr_line' id='line_1_28' title="bbox 102 3034 861 3100; baseline -0.004 -3"><span class='ocrx_word' id='word_1_245' title='bbox 102 3034 153 3100; x_wconf 83' lang='lat' dir='ltr'><strong>bns</strong></span> <span class='ocrx_word' id='word_1_246' title='bbox 169 3048 269 3100; x_wconf 89' lang='lat' dir='ltr'><strong>tamen</strong></span> <span class='ocrx_word' id='word_1_247' title='bbox 286 3036 355 3099; x_wconf 89' lang='lat' dir='ltr'><strong>altis</strong></span> <span class='ocrx_word' id='word_1_248' title='bbox 372 3035 408 3098; x_wconf 90' lang='lat' dir='ltr'><strong>ab</strong></span> <span class='ocrx_word' id='word_1_249' title='bbox 425 3036 538 3098; x_wconf 88' lang='lat' dir='ltr'><strong>duobus</strong></span> <span class='ocrx_word' id='word_1_250' title='bbox 555 3034 698 3097; x_wconf 88' lang='lat' dir='ltr'><strong>lateribus</strong></span> <span class='ocrx_word' id='word_1_251' title='bbox 715 3034 861 3096; x_wconf 86' lang='lat' dir='ltr'><strong>obiectis&#39;.</strong></span> 
     </span>
    </p>

    <p class='ocr_par' dir='ltr' id='par_1_5' title="bbox 99 3131 1226 4351">
     <span class='ocr_line' id='line_1_29' title="bbox 181 3131 1222 3219; baseline -0.005 -17"><span class='ocrx_word' id='word_1_252' title='bbox 181 3136 306 3202; x_wconf 78' lang='lat' dir='ltr'><strong>initium</strong></span> <span class='ocrx_word' id='word_1_253' title='bbox 322 3158 350 3201; x_wconf 89' lang='lat' dir='ltr'><strong>c.</strong></span> <span class='ocrx_word' id='word_1_254' title='bbox 367 3136 408 3200; x_wconf 90' lang='grc'><strong>77</strong></span> <span class='ocrx_word' id='word_1_255' title='bbox 425 3139 455 3200; x_wconf 93' lang='lat' dir='ltr'><strong>in</strong></span> <span class='ocrx_word' id='word_1_256' title='bbox 472 3137 558 3200; x_wconf 87' lang='lat' dir='ltr'><strong>codd.</strong></span> <span class='ocrx_word' id='word_1_257' title='bbox 576 3136 618 3198; x_wconf 85' lang='lat' dir='ltr'><strong>ita</strong></span> <span class='ocrx_word' id='word_1_258' title='bbox 633 3137 775 3219; x_wconf 85' lang='lat' dir='ltr'><strong>scripturn</strong></span> <span class='ocrx_word' id='word_1_259' title='bbox 791 3147 856 3199; x_wconf 85' lang='lat' dir='ltr'><strong>est:</strong></span> <span class='ocrx_word' id='word_1_260' title='bbox 876 3133 958 3198; x_wconf 84' lang='lat' dir='ltr'><strong>‘Tali</strong></span> <span class='ocrx_word' id='word_1_261' title='bbox 972 3131 1097 3196; x_wconf 85' lang='lat' dir='ltr'><strong>uictoria</strong></span> <span class='ocrx_word' id='word_1_262' title='bbox 1111 3132 1222 3197; x_wconf 86' lang='lat' dir='ltr'><strong>totiens</strong></span> 
     </span>
     <span class='ocr_line' id='line_1_30' title="bbox 104 3235 1224 3319; baseline -0.004 -16"><span class='ocrx_word' id='word_1_263' title='bbox 104 3240 197 3305; x_wconf 68' lang='lat' dir='ltr'><strong>nictu</strong></span> <span class='ocrx_word' id='word_1_264' title='bbox 213 3237 331 3304; x_wconf 82' lang='lat' dir='ltr'><strong>Caesar</strong></span> <span class='ocrx_word' id='word_1_265' title='bbox 345 3239 510 3302; x_wconf 79' lang='lat' dir='ltr'><strong>incredibili</strong></span> <span class='ocrx_word' id='word_1_266' title='bbox 527 3250 574 3302; x_wconf 90' lang='lat' dir='ltr'><strong>est</strong></span> <span class='ocrx_word' id='word_1_267' title='bbox 589 3238 700 3301; x_wconf 91' lang='lat' dir='ltr'><strong>laetitia</strong></span> <span class='ocrx_word' id='word_1_268' title='bbox 718 3238 858 3313; x_wconf 81' lang='lat' dir='ltr'><strong>alieetus,</strong></span> <span class='ocrx_word' id='word_1_269' title='bbox 883 3238 960 3319; x_wconf 88' lang='lat' dir='ltr'><strong>quod</strong></span> <span class='ocrx_word' id='word_1_270' title='bbox 983 3235 1145 3298; x_wconf 86' lang='lat' dir='ltr'><strong>maximum</strong></span> <span class='ocrx_word' id='word_1_271' title='bbox 1161 3235 1224 3300; x_wconf 91' lang='lat' dir='ltr'><strong>bel·</strong></span> 
     </span>
     <span class='ocr_line' id='line_1_31' title="bbox 103 3339 1222 3424; baseline -0.005 -17"><span class='ocrx_word' id='word_1_272' title='bbox 103 3341 156 3407; x_wconf 80' lang='lat' dir='ltr'><strong>lun</strong></span> <span class='ocrx_word' id='word_1_273' title='bbox 173 3355 258 3407; x_wconf 79' lang='lat' dir='ltr'><strong>tanta</strong></span> <span class='ocrx_word' id='word_1_274' title='bbox 274 3342 430 3407; x_wconf 84' lang='lat' dir='ltr'><strong>celeritate</strong></span> <span class='ocrx_word' id='word_1_275' title='bbox 446 3344 637 3419; x_wconf 80' lang='lat' dir='ltr'><strong>coniecerat,</strong></span> <span class='ocrx_word' id='word_1_276' title='bbox 663 3343 799 3424; x_wconf 83' lang='lat' dir='ltr'><strong>quodque</strong></span> <span class='ocrx_word' id='word_1_277' title='bbox 823 3340 911 3402; x_wconf 87' lang='lat' dir='ltr'><strong>subiti</strong></span> <span class='ocrx_word' id='word_1_278' title='bbox 937 3339 1058 3423; x_wconf 78' lang='lat' dir='ltr'><strong>periculi</strong></span> <span class='ocrx_word' id='word_1_279' title='bbox 1082 3339 1222 3402; x_wconf 87' lang='lat' dir='ltr'><strong>recorda·</strong></span> 
     </span>
     <span class='ocr_line' id='line_1_32' title="bbox 103 3440 1221 3528; baseline -0.005 -19"><span class='ocrx_word' id='word_1_280' title='bbox 103 3446 180 3511; x_wconf 86' lang='lat' dir='ltr'><strong>tione</strong></span> <span class='ocrx_word' id='word_1_281' title='bbox 196 3446 318 3522; x_wconf 89' lang='lat' dir='ltr'><strong>laetior,</strong></span> <span class='ocrx_word' id='word_1_282' title='bbox 344 3446 419 3528; x_wconf 90' lang='lat' dir='ltr'><strong>qnod</strong></span> <span class='ocrx_word' id='word_1_283' title='bbox 436 3444 562 3507; x_wconf 83' lang='lat' dir='ltr'><strong>uictoria</strong></span> <span class='ocrx_word' id='word_1_284' title='bbox 581 3440 678 3507; x_wconf 84' lang='lat' dir='ltr'><strong>tacitis</strong></span> <span class='ocrx_word' id='word_1_285' title='bbox 693 3466 733 3507; x_wconf 85' lang='lat' dir='ltr'><strong>ex</strong></span> <span class='ocrx_word' id='word_1_286' title='bbox 749 3444 928 3506; x_wconf 78' lang='lat' dir='ltr'><strong>difficillimis</strong></span> <span class='ocrx_word' id='word_1_287' title='bbox 944 3443 1032 3505; x_wconf 82' lang='lat' dir='ltr'><strong>rebus</strong></span> <span class='ocrx_word' id='word_1_288' title='bbox 1048 3441 1221 3504; x_wconf 87' lang='lat' dir='ltr'><strong>acciderat&#39;.</strong></span> 
     </span>
     <span class='ocr_line' id='line_1_33' title="bbox 102 3540 1224 3629; baseline -0.004 -19"><span class='ocrx_word' id='word_1_289' title='bbox 102 3545 156 3612; x_wconf 88' lang='lat' dir='ltr'><strong>Hic</strong></span> <span class='ocrx_word' id='word_1_290' title='bbox 171 3559 257 3613; x_wconf 88' lang='lat' dir='ltr'><strong>recte</strong></span> <span class='ocrx_word' id='word_1_291' title='bbox 272 3548 370 3611; x_wconf 89' lang='lat' dir='ltr'><strong>editur</strong></span> <span class='ocrx_word' id='word_1_292' title='bbox 387 3545 569 3610; x_wconf 86' lang='lat' dir='ltr'><strong>‘recordatio</strong></span> <span class='ocrx_word' id='word_1_293' title='bbox 585 3557 631 3608; x_wconf 84' lang='grc' dir='ltr'><strong>εει</strong></span> <span class='ocrx_word' id='word_1_294' title='bbox 645 3546 781 3624; x_wconf 89' lang='lat' dir='ltr'><strong>laetior&#39;,</strong></span> <span class='ocrx_word' id='word_1_295' title='bbox 809 3546 884 3626; x_wconf 90' lang='lat' dir='ltr'><strong>quod</strong></span> <span class='ocrx_word' id='word_1_296' title='bbox 901 3546 1025 3629; x_wconf 88' lang='lat' dir='ltr'><strong>primurn</strong></span> <span class='ocrx_word' id='word_1_297' title='bbox 1043 3545 1073 3606; x_wconf 89' lang='lat' dir='ltr'><strong>in</strong></span> <span class='ocrx_word' id='word_1_298' title='bbox 1090 3544 1137 3606; x_wconf 89' lang='lat' dir='ltr'><strong>ed.</strong></span> <span class='ocrx_word' id='word_1_299' title='bbox 1154 3540 1224 3606; x_wconf 88' lang='lat' dir='ltr'><strong>Me·</strong></span> 
     </span>
     <span class='ocr_line' id='line_1_34' title="bbox 102 3643 1224 3734; baseline -0.004 -20"><span class='ocrx_word' id='word_1_300' title='bbox 102 3650 168 3716; x_wconf 89' lang='lat' dir='ltr'><strong>diol.</strong></span> <span class='ocrx_word' id='word_1_301' title='bbox 186 3673 217 3715; x_wconf 86' lang='lat' dir='ltr'><strong>a.</strong></span> <span class='ocrx_word' id='word_1_302' title='bbox 239 3649 322 3715; x_wconf 81' lang='grc'>1477</span> <span class='ocrx_word' id='word_1_303' title='bbox 339 3650 466 3734; x_wconf 73' lang='lat' dir='ltr'><strong>positum</strong></span> <span class='ocrx_word' id='word_1_304' title='bbox 484 3658 539 3712; x_wconf 86' lang='lat' dir='ltr'><strong>est.</strong></span> <span class='ocrx_word' id='word_1_305' title='bbox 574 3645 634 3712; x_wconf 89' lang='lat' dir='ltr'><strong>Sed</strong></span> <span class='ocrx_word' id='word_1_306' title='bbox 657 3659 754 3712; x_wconf 87' lang='lat' dir='ltr'><strong>restat</strong></span> <span class='ocrx_word' id='word_1_307' title='bbox 776 3648 901 3711; x_wconf 78' lang='lat' dir='ltr'><strong>alterurn</strong></span> <span class='ocrx_word' id='word_1_308' title='bbox 926 3647 1042 3708; x_wconf 85' lang='lat' dir='ltr'><strong>uitium.</strong></span> <span class='ocrx_word' id='word_1_309' title='bbox 1073 3643 1224 3709; x_wconf 85' lang='lat' dir='ltr'><strong>Pcruerae</strong></span> 
     </span>
     <span class='ocr_line' id='line_1_35' title="bbox 101 3747 1225 3835; baseline -0.004 -20"><span class='ocrx_word' id='word_1_310' title='bbox 101 3755 177 3817; x_wconf 77' lang='lat' dir='ltr'><strong>eni·</strong></span> <span class='ocrx_word' id='word_1_311' title='bbox 192 3755 291 3818; x_wconf 89' lang='lat' dir='ltr'><strong>altera</strong></span> <span class='ocrx_word' id='word_1_312' title='bbox 307 3753 439 3817; x_wconf 88' lang='lat' dir='ltr'><strong>laetitiae</strong></span> <span class='ocrx_word' id='word_1_313' title='bbox 454 3772 546 3815; x_wconf 88' lang='lat' dir='ltr'><strong>causa</strong></span> <span class='ocrx_word' id='word_1_314' title='bbox 561 3751 673 3833; x_wconf 84' lang='lat' dir='ltr'><strong>primae</strong></span> <span class='ocrx_word' id='word_1_315' title='bbox 690 3773 744 3835; x_wconf 83' lang='lat' dir='ltr'><strong>per</strong></span> <span class='ocrx_word' id='word_1_316' title='bbox 759 3751 893 3833; x_wconf 83' lang='lat' dir='ltr'><strong>copulam</strong></span> <span class='ocrx_word' id='word_1_317' title='bbox 916 3748 1105 3831; x_wconf 87' lang='lat' dir='ltr'><strong>adiungitur,</strong></span> <span class='ocrx_word' id='word_1_318' title='bbox 1134 3747 1225 3810; x_wconf 88' lang='lat' dir='ltr'><strong>tertia</strong></span> 
     </span>
     <span class='ocr_line' id='line_1_36' title="bbox 101 3849 1225 3946; baseline -0.005 -26"><span class='ocrx_word' id='word_1_319' title='bbox 101 3857 236 3946; x_wconf 75' lang='lat' dir='ltr'><strong>wpnlanr</strong></span> <span class='ocrx_word' id='word_1_320' title='bbox 253 3878 313 3920; x_wconf 91' lang='lat' dir='ltr'><strong>non</strong></span> <span class='ocrx_word' id='word_1_321' title='bbox 330 3855 428 3918; x_wconf 91' lang='lat' dir='ltr'><strong>habet.</strong></span> <span class='ocrx_word' id='word_1_322' title='bbox 460 3852 578 3917; x_wconf 87' lang='lat' dir='ltr'><strong>Deinde</strong></span> <span class='ocrx_word' id='word_1_323' title='bbox 592 3855 691 3935; x_wconf 85' lang='lat' dir='ltr'><strong>inepte</strong></span> <span class='ocrx_word' id='word_1_324' title='bbox 708 3850 826 3917; x_wconf 88' lang='lat' dir='ltr'><strong>Caesar</strong></span> <span class='ocrx_word' id='word_1_325' title='bbox 841 3854 908 3916; x_wconf 90' lang='lat' dir='ltr'><strong>ideo</strong></span> <span class='ocrx_word' id='word_1_326' title='bbox 925 3853 1051 3915; x_wconf 87' lang='lat' dir='ltr'><strong>laetatus</strong></span> <span class='ocrx_word' id='word_1_327' title='bbox 1067 3870 1136 3913; x_wconf 88' lang='lat' dir='ltr'><strong>csse</strong></span> <span class='ocrx_word' id='word_1_328' title='bbox 1150 3849 1225 3915; x_wconf 89' lang='lat' dir='ltr'><strong>diei·</strong></span> 
     </span>
     <span class='ocr_line' id='line_1_37' title="bbox 100 3952 1223 4043; baseline -0.005 -21"><span class='ocrx_word' id='word_1_329' title='bbox 100 3968 157 4034; x_wconf 89' lang='lat' dir='ltr'><strong>tur,</strong></span> <span class='ocrx_word' id='word_1_330' title='bbox 175 3960 247 4043; x_wconf 89' lang='lat' dir='ltr'><strong>quia</strong></span> <span class='ocrx_word' id='word_1_331' title='bbox 263 3958 352 4023; x_wconf 87' lang='lat' dir='ltr'><strong>subiti</strong></span> <span class='ocrx_word' id='word_1_332' title='bbox 369 3957 492 4041; x_wconf 87' lang='lat' dir='ltr'><strong>periculi</strong></span> <span class='ocrx_word' id='word_1_333' title='bbox 508 3956 676 4020; x_wconf 91' lang='lat' dir='ltr'><strong>recordatio</strong></span> <span class='ocrx_word' id='word_1_334' title='bbox 687 3968 769 4020; x_wconf 91' lang='lat' dir='ltr'><strong>esset</strong></span> <span class='ocrx_word' id='word_1_335' title='bbox 785 3955 903 4034; x_wconf 88' lang='lat' dir='ltr'><strong>laetior,</strong></span> <span class='ocrx_word' id='word_1_336' title='bbox 922 3954 1006 4037; x_wconf 86' lang='lat' dir='ltr'><strong>quasi</strong></span> <span class='ocrx_word' id='word_1_337' title='bbox 1023 3954 1049 4014; x_wconf 89' lang='lat' dir='ltr'><strong>is</strong></span> <span class='ocrx_word' id='word_1_338' title='bbox 1059 3952 1223 4017; x_wconf 86' lang='lat' dir='ltr'><strong>delectatus</strong></span> 
     </span>
     <span class='ocr_line' id='line_1_38' title="bbox 101 4055 1226 4145; baseline -0.008 -19"><span class='ocrx_word' id='word_1_339' title='bbox 101 4073 180 4126; x_wconf 87' lang='lat' dir='ltr'><strong>esset</strong></span> <span class='ocrx_word' id='word_1_340' title='bbox 195 4061 382 4145; x_wconf 84' lang='lat' dir='ltr'><strong>reputando,</strong></span> <span class='ocrx_word' id='word_1_341' title='bbox 407 4080 493 4142; x_wconf 89' lang='lat' dir='ltr'><strong>quarn</strong></span> <span class='ocrx_word' id='word_1_342' title='bbox 516 4060 696 4143; x_wconf 85' lang='lat' dir='ltr'><strong>uoluptatem</strong></span> <span class='ocrx_word' id='word_1_343' title='bbox 719 4080 759 4122; x_wconf 80' lang='lat' dir='ltr'><strong>ex</strong></span> <span class='ocrx_word' id='word_1_344' title='bbox 775 4059 918 4123; x_wconf 87' lang='lat' dir='ltr'><strong>memoria</strong></span> <span class='ocrx_word' id='word_1_345' title='bbox 930 4058 1021 4143; x_wconf 63' lang='lat' dir='ltr'><strong>vhuius</strong></span> <span class='ocrx_word' id='word_1_346' title='bbox 1038 4055 1160 4139; x_wconf 83' lang='lat' dir='ltr'><strong>periculi</strong></span> <span class='ocrx_word' id='word_1_347' title='bbox 1175 4074 1226 4118; x_wconf 87' lang='lat' dir='ltr'><strong>ea·</strong></span> 
     </span>
     <span class='ocr_line' id='line_1_39' title="bbox 100 4156 1225 4249; baseline -0.012 -20"><span class='ocrx_word' id='word_1_348' title='bbox 100 4177 205 4249; x_wconf 80' lang='lat' dir='ltr'><strong>ptnrns</strong></span> <span class='ocrx_word' id='word_1_349' title='bbox 221 4175 315 4228; x_wconf 83' lang='lat' dir='ltr'><strong>esset.</strong></span> <span class='ocrx_word' id='word_1_350' title='bbox 337 4160 380 4224; x_wconf 83' lang='lat' dir='ltr'><strong>Et</strong></span> <span class='ocrx_word' id='word_1_351' title='bbox 394 4163 462 4246; x_wconf 89' lang='lat' dir='ltr'><strong>qnid</strong></span> <span class='ocrx_word' id='word_1_352' title='bbox 477 4163 518 4224; x_wconf 91' lang='lat' dir='ltr'><strong>ita</strong></span> <span class='ocrx_word' id='word_1_353' title='bbox 535 4162 625 4226; x_wconf 89' lang='lat' dir='ltr'><strong>subiti</strong></span> <span class='ocrx_word' id='word_1_354' title='bbox 641 4161 765 4247; x_wconf 90' lang='lat' dir='ltr'><strong>periculi</strong></span> <span class='ocrx_word' id='word_1_355' title='bbox 780 4160 948 4226; x_wconf 87' lang='lat' dir='ltr'><strong>recordatio</strong></span> <span class='ocrx_word' id='word_1_356' title='bbox 964 4159 1074 4222; x_wconf 88' lang='lat' dir='ltr'><strong>laetior</strong></span> <span class='ocrx_word' id='word_1_357' title='bbox 1088 4168 1135 4222; x_wconf 85' lang='lat' dir='ltr'><strong>est</strong></span> <span class='ocrx_word' id='word_1_358' title='bbox 1150 4156 1225 4236; x_wconf 83' lang='lat' dir='ltr'><strong>alius</strong></span> 
     </span>
     <span class='ocr_line' id='line_1_40' title="bbox 99 4255 1226 4351; baseline -0.013 -20"><span class='ocrx_word' id='word_1_359' title='bbox 99 4268 224 4351; x_wconf 79' lang='lat' dir='ltr'><strong>periculi</strong></span> <span class='ocrx_word' id='word_1_360' title='bbox 246 4265 476 4332; x_wconf 72' lang='lat' dir='ltr'><strong>neortauouet</strong></span> <span class='ocrx_word' id='word_1_361' title='bbox 515 4261 711 4330; x_wconf 77' lang='lat' dir='ltr'><strong>scribendum</strong></span> <span class='ocrx_word' id='word_1_362' title='bbox 740 4274 806 4329; x_wconf 88' lang='lat' dir='ltr'><strong>erat</strong></span> <span class='ocrx_word' id='word_1_363' title='bbox 830 4271 963 4347; x_wconf 80' lang='lat' dir='ltr'><strong>‘quoque</strong></span> <span class='ocrx_word' id='word_1_364' title='bbox 988 4261 1077 4324; x_wconf 89' lang='lat' dir='ltr'><strong>subiti</strong></span> <span class='ocrx_word' id='word_1_365' title='bbox 1101 4255 1226 4342; x_wconf 76' lang='lat' dir='ltr'><strong>periculi</strong></span> 
     </span>
    </p>
   </div>
   <div class='ocr_carea' id='block_1_3' title="bbox 0 0 1358 4688">
    <p class='ocr_par' dir='ltr' id='par_1_6' title="bbox 0 0 1358 4688">
     <span class='ocr_line' id='line_1_41' title="bbox 0 0 1358 4688; baseline 0 0"><span class='ocrx_word' id='word_1_366' title='bbox 0 0 1358 4688; x_wconf 95' lang='lat' dir='ltr'><strong> </strong></span> 
     </span>
    </p>
   </div>
  </div>
 </body>
</html>
