2692 4688
396 201 879 275 COffl-fflGAP.dd-45.
1182 202 1248 273 dd?

69 399 138 447 esse
153 375 332 441 faciendum.
350 373 597 459 Relinquebatur,
614 387 820 441 uteatrenanr
827 376 973 441 rationem
982 374 1051 439 belli
1059 379 1226 460 sqnenab

69 503 157 566 qnam
172 478 319 562 plurimos
333 477 427 541 colles
446 488 607 562 occuparet
626 487 658 542 et
671 498 759 560 quani
774 478 936 542 latissimas
949 477 1089 562 regiona·
1103 498 1190 561 prae-

69 584 158 649 sidiis
173 589 294 643 teneret
301 572 503 662 Caesarisque
517 580 632 664 copias,
647 579 874 663 quammaxime
882 588 994 662 posset,
1011 579 1187 659 distineretq
1203 636 1211 653 ‚

67 685 160 769 idque
176 680 297 746 accidit.
329 675 472 745 Casteliis
488 682 568 747 enin
581 690 681 747 xxuu
696 681 812 746 effectis
826 690 876 745 xv
883 680 964 745 niiia
979 701 1118 764 passum
1133 683 1190 747 cir·
1205 681 1226 747 3

33 801 50 853 t
70 786 155 855 cuitu
170 781 328 868 amplexus
343 782 400 847 boc
412 782 510 866 spatio
525 782 737 867 pabulebatur3
764 784 914 866 multaque
927 793 1017 847 erant
1028 783 1108 847 intra
1123 802 1191 849 eura

69 890 167 955 locurn
183 906 274 951 manu
287 895 368 961 satu,
384 884 491 967 quibus
506 885 628 951 interim
641 886 774 951 iumenta
787 896 935 969 pasceret.
972 886 1073 968 Atque
1087 896 1121 949 nt
1136 885 1227 951 ιιι-4

71 991 130 1057 stri
144 998 304 1074 perpetuas
319 986 682 1069 munitiones†uidebant
696 989 855 1071 perductas
870 1008 913 1052 ex
926 986 1059 1051 cucullis
1071 986 1107 1051 -in
1121 1006 1191 1072 pro·

71 1092 156 1157 aina
169 1089 316 1167 casoetta,
333 1107 372 1153 ue
386 1109 446 1171 quo
461 1089 528 1153 loco
542 1100 733 1173 erunperent
748 1086 923 1175 Pompeiani
937 1109 974 1153 ac
989 1098 1111 1153 nostres
1124 1099 1193 1173 poat

71 1204 189 1276 tergun
203 1190 396 1257 adorirentur
410 1190 605 1275 [tinebant]‚
627 1191 673 1257 ita
692 1191 736 1257 itti
757 1191 904 1257 interiore
918 1190 1016 1274 spatio
1029 1201 1189 1275 perpetuas

16 1308 50 1361 td
73 1294 256 1360 munitiones
270 1292 451 1370 efficiebant,
467 1312 506 1359 ne
521 1313 609 1375 quern
623 1293 723 1359 locuni
737 1294 834 1358 nostri
848 1293 965 1357 intrare
979 1303 1068 1375 atque
1082 1296 1192 1376 ipson

73 1408 160 1479 tergo
175 1394 391 1460 circumuenire
405 1405 540 1477 possent.
576 1393 638 1459 Sed
653 1395 697 1459 itti
711 1396 852 1479 operibns
866 1395 1047 1472 uincebnat,
1068 1395 1146 1477 quod
1159 1392 1226 1459 ete

72 1516 198 1562 nurnero
210 1496 337 1561 militium
351 1494 543 1580 praestabant
558 1505 591 1560 et
602 1496 748 1561 interiore
762 1496 860 1581 spatio
874 1496 1019 1561 minoren
1034 1496 1191 1561 circuitum

73 1599 233 1663 habebant.
264 1593 351 1678 Quae
374 1619 441 1663 curn
463 1607 551 1661 erant
563 1597 631 1663 loca
644 1594 772 1665 Caesari
786 1598 944 1682 capienda,
958 1598 1017 1662 etsi
1032 1597 1191 1681 probibere
1204 1596 1228 1663 6

73 1697 234 1785 Pompeius
249 1698 321 1763 totis
335 1700 430 1783 copiis
444 1710 473 1764 et
489 1699 632 1765 dimicare
646 1721 706 1766 uon
721 1701 937 1778 constituerat,
954 1711 1054 1764 tamen
1069 1700 1132 1764 suis
1146 1700 1192 1763 lo·

18 1814 50 1867 tt
73 1802 119 1867 cis
132 1802 308 1886 sagittarios
330 1802 553 1883 funditoresque
575 1802 731 1881 mittebat,
755 1823 880 1884 quorum
903 1822 1040 1884 magnum
1063 1800 1192 1865 babebat

75 1924 245 1981 numerum,
261 1902 403 1987 inultique
418 1924 458 1967 ex
474 1903 586 1967 nostris
601 1904 848 1982 uulnerabantur,
864 1922 1048 1986 magnusque
1058 1902 1192 1967 incesse·
1206 1900 1227 1964 7

73 2016 126 2069 rat
141 2005 231 2067 timor
242 2003 438 2088 ugittarnn,
463 2016 553 2087 atque
567 2026 672 2069 omncs
685 2007 750 2069 iere
765 2005 876 2069 milites
890 2017 997 2069 ariter
1013 2006 1126 2070 coactis
1140 2013 1194 2068 aut

75 2127 117 2171 ex
132 2106 308 2173 eentoibus
321 2121 376 2173 aut
390 2128 431 2171 ex
445 2108 537 2171 coriis
552 2109 668 2173 tunicas
682 2117 736 2171 aut
749 2107 911 2190 tegi-cota
924 2108 1069 2183 fecerant,
1085 2105 1192 2188 quibus

75 2208 135 2273 tela
151 2209 295 2275 uitarent.
325 2206 361 2275 Ιιι
382 2211 563 2293 occupandis
586 2210 744 2293 praesidiis
766 2229 873 2291 magua
889 2207 918 2269 ui
935 2217 1060 2287 uterque
1076 2206 1190 2270 niteba-
1204 2206 1251 2276 45

15 2320 51 2375 2⁰
75 2320 142 2376 ture
160 2306 294 2389 Caesar,
322 2322 356 2376 nt
370 2333 458 2394 quain
473 2311 684 2395 angustissime
700 2309 876 2393 Pompeium
892 2308 1080 2386 contineret3
1104 2304 1194 2369 Pom·

76 2413 183 2496 peine,
206 2422 239 2476 ut
257 2432 344 2495 quaa
367 2413 508 2497 piurinros
523 2413 615 2479 eolles
630 2435 716 2498 quum
732 2413 864 2477 maximo
878 2410 1004 2477 circuitu
1019 2419 1191 2494 occuparet,

75 2513 241 2598 umbraque
254 2515 293 2578 ob
307 2536 373 2581 ιιιιι
389 2537 511 2581 cauum
526 2517 639 2601 proelia
655 2517 776 2583 fiebant.
807 2512 843 2579 dn
866 2514 911 2580 bis
935 2536 1000 2580 cunr
1016 2513 1096 2598 legio
1112 2510 1228 2579 Cae-2

74 2617 152 2679 saris
167 2638 245 2682 nona
261 2617 442 2702 praesidium
457 2619 602 2700 quoddam
624 2619 833 2702 occupauisset
853 2629 885 2682 et
899 2618 1014 2682 munire
1028 2617 1190 2700 coepisset,

75 2718 144 2783 buic
164 2720 231 2784 loco
253 2720 450 2803 propinquum
471 2729 504 2782 et
525 2720 705 2785 contrarium
728 2720 834 2785 coliem
852 2717 1009 2801 Pompeius
1036 2718 1192 2800 occupauit

13 2830 50 2884 ²⁶
75 2830 254 2903 nostrosque
268 2841 359 2905 opere
375 2821 534 2906 probibere
549 2822 650 2904 coepit
662 2832 704 2900 ct,
721 2843 787 2885 cum
803 2842 862 2885 une
879 2842 920 2885 ex
936 2828 1021 2902 parte
1037 2838 1127 2900 prope
1141 2838 1191 2880 ae·
1206 2816 1227 2879 3

75 2942 162 3003 quun
178 2922 290 2987 aditurn
305 2923 449 2997 baberet,
477 2925 602 3007 primum
617 2923 782 3009 sagittariis
797 2919 1052 2999 funditoribusque
1067 2918 1194 2980 eircum-

73 3022 175 3103 ieetis,
192 3035 297 3109 posteo
311 3025 387 3089 leuis
402 3038 572 3090 armaturae
586 3046 694 3108 nunqua
710 3025 898 3090 multitudine
913 3022 1007 3085 missa
1021 3019 1193 3083 tormentis·

74 3145 134 3206 quc
149 3125 273 3207 prodatis
287 3128 468 3192 munitiones
484 3125 680 3210 impediebat3
704 3147 802 3208 neque
824 3136 890 3189 erat
905 3123 992 3187 facile
1007 3120 1119 3185 nostris
1135 3140 1194 3185 uno

73 3237 212 3309 tenpore
232 3249 419 3313 propugnare
440 3241 473 3293 et
493 3228 622 3292 munire.
655 3224 789 3306 Caesar,
812 3249 878 3292 cum
900 3247 972 3292 auos
994 3246 1036 3289 ex
1057 3222 1228 3289 ornrribosd

12 3338 49 3391 3⁰
73 3328 207 3411 partibus
231 3331 382 3394 uulnerari
406 3333 539 3406 uideret,
570 3330 703 3414 recipere
725 3351 759 3394 se
780 3330 869 3393 iussit
890 3341 921 3393 et
941 3329 1006 3392 loeo
1029 3326 1189 3389 excedere.

74 3426 154 3492 Erat
168 3452 222 3515 per
235 3432 348 3496 decline
364 3444 514 3517 receptus.
546 3431 592 3495 Illi
620 3444 718 3496 autem
740 3434 795 3495 hoo
812 3432 913 3496 acrius
928 3431 1081 3494 instabant
1097 3423 1225 3510 requei

182 3680 198 3731 d
212 3680 289 3747 idque
303 3681 411 3747 reliqui,
428 3682 452 3731 id
465 3682 531 3748 quod
545 3680 584 3747 (a)
594 3684 606 3731 .'
618 3686 645 3732 et
658 3696 718 3731 eum
731 3680 820 3732 treet.
832 3697 858 3732 ιι.
966 3680 1085 3744 xxiv(e).

74 3754 194 3806 duranno
207 3766 285 3824 atque
299 3774 314 3807 ιι
328 3759 420 3824 quibus
433 3775 459 3810 α.
575 3765 712 3825 pascerent
724 3774 747 3807 e.
854 3757 936 3808 nostri
949 3756 1038 3817 codd„
1053 3755 1136 3804 nostri
1150 3754 1193 3821 qui

73 3830 244 3884 Varcororrur
257 3851 285 3885 ιι.
374 3835 639 3901 intdebaatredr'qm',
654 3836 786 3886 habebant
798 3834 856 3887 cod.
871 3836 1035 3887 Hotomanus·
1046 3850 1072 3884 ιι.
1088 3834 1117 3884 Ρ.
1135 3833 1193 3885 tte.

181 3910 198 3962 8
213 3926 296 3977 neque
310 3912 366 3961 loco
380 3928 406 3962 u.
523 3929 553 3963 oo
566 3915 616 3976 ob,
632 3919 659 3964 et
671 3928 699 3962 ιι.
803 3912 818 3963 9
832 3912 958 3963 timebant
970 3910 1109 3964 dedendum
1122 3913 1196 3965 ecidit

72 3986 208 4038 Faernus.
305 3991 335 4042 to
350 4007 381 4041 ne
394 4007 467 4057 quent
481 3991 565 4042 iocum
580 3993 625 4054 be,
641 4006 723 4057 neque
735 3989 818 4040 iocum
832 4005 847 4038 ιι
856 4010 865 4053 ,-
883 4006 913 4041 ne
927 4006 976 4058 qno
989 3991 1046 4042 loco
1059 4006 1087 4041 ιι.

73 4066 106 4116 te
119 4064 267 4120 funditores
281 4073 380 4120 emtara
394 4069 491 4136 copula
506 4071 530 4119 b.
635 4068 773 4120 mittebant
785 4074 848 4119 ante
861 4084 932 4120 corr.
946 4086 974 4123 n.
1080 4067 1195 4120 iiexeo-

73 4144 140 4194 actis
154 4147 310 4197 centonibus
325 4149 349 4197 b.
458 4148 487 4199 to
501 4147 633 4197 nitebatur
645 4145 672 4210 d,
687 4146 825 4197 uidebatur
837 4163 853 4197 o
863 4148 887 4199 b.
993 4150 1027 4203 20
1039 4146 1195 4214 angustiosi·

73 4235 170 4273 naeu.
277 4226 307 4278 21
324 4225 434 4276 marinae
447 4240 475 4275 a.
