2692 4688
68 185 134 261 5³8
499 187 558 257 uu
580 187 725 259 BELLO
748 186 882 260 ClVlbl

129 357 213 422 bicos
229 359 401 444 eruptiones
416 362 526 425 tiebant
541 383 581 426 ex
596 365 713 447 oppido,
731 365 875 448 ignesque
890 365 994 447 aggeri
1011 375 1041 428 et
1057 365 1187 429 turribus
1203 367 1250 430 in-

128 459 320 540 lerebantur3
349 483 425 544 quae
441 464 527 528 facile
543 467 639 529 nostri
655 468 764 530 milites
781 466 964 550 repellebant
979 467 1153 550 magnisque
1170 469 1250 532 ultro

129 562 220 626 illatis
237 562 422 629 detrimentis
439 583 503 641 eos,
521 567 570 648 qui
587 568 774 651 eruptionem
791 572 937 647 lecerunt,
954 569 1132 652 inoppidum
1143 571 1251 633 reicie-

93 661 212 733 8bant.
245 662 369 728 Interim
392 663 432 729 L.
450 665 594 733 Nasidius
616 670 652 732 ab
669 666 729 734 Cn.
754 668 897 754 Pompeio
920 692 987 734 cum
1014 671 1111 734 classe
1128 672 1251 735 nauium

128 775 208 841 xvl,
225 767 257 829 in
273 767 378 850 quibus
394 786 506 853 paucae
521 782 609 834 erant
623 783 763 850 aeratae,
785 771 825 836 L.
844 771 976 837 Domitio
991 770 1248 837 Massiliensibus·
1270 787 1284 836 5

129 890 186 951 que
201 869 334 933 subsidio
350 870 458 934 missus
475 873 550 935 lreto
567 871 689 938 Siciliae
704 875 880 960 inprudente
896 887 983 958 atque
1000 875 1172 959 inopinante
1189 871 1252 939 Cu·

93 971 215 1038 trione
232 972 404 1055 peruebitur
419 975 608 1059 adpulsisque
615 974 790 1041 Messanam
806 977 932 1041 nauibus
941 988 1029 1060 atque
1045 978 1114 1040 indu
1129 989 1251 1060 propter

128 1074 317 1157 repentinum
334 1087 479 1140 terrorem
496 1078 659 1163 principum
675 1100 711 1142 ac
726 1092 849 1144 senatus
866 1081 933 1162 luga
951 1081 1028 1143 lacta
1044 1081 1066 1162 †
1081 1100 1120 1142 ex
1135 1080 1251 1142 rrauoli-

95 1173 115 1239 3
131 1175 186 1239 bus
196 1195 297 1238 eorum
314 1177 441 1241 deducit.
468 1177 533 1242 Hac
548 1181 687 1244 adiuncta
703 1184 739 1246 ad
756 1183 885 1265 reliquas
903 1203 995 1244 naues
1012 1179 1250 1244 cursumlllassi·

131 1277 201 1342 lianr
218 1298 326 1341 uersus
342 1280 458 1362 perlicit
473 1284 695 1366 praemissaque
711 1285 786 1346 clam
803 1283 943 1346 nauicula
958 1281 1121 1345 Domitium
1137 1281 1250 1346 Massi·
1273 1293 1303 1346 tt

73 1444 77 1457 ,
131 1381 294 1463 liensisque
310 1382 416 1446 desua
432 1385 563 1448 aduentu
578 1387 722 1449 certiores
743 1386 814 1449 lacit
828 1405 937 1466 eosque
951 1405 1134 1467 magnopere
1150 1385 1251 1448 lmrtn·

130 1495 199 1562 tur‚
223 1495 256 1547 ut
274 1505 380 1548 rursus
405 1507 470 1549 cunr
486 1483 572 1550 Bruti
595 1487 690 1549 classe
713 1486 821 1550 additis
843 1486 907 1548 suis
931 1485 1053 1548 auxiliis
1076 1487 1248 1568 conlligant.

93 1586 341 1661 4Massilienses
357 1598 423 1672 post
437 1588 572 1671 superius
588 1585 802 1649 incommodum
819 1596 938 1648 ueteres
954 1587 990 1648 ad
1007 1587 1131 1651 eundem
1145 1608 1251 1650 nume·

131 1713 197 1757 rum
214 1711 256 1754 ex
270 1690 425 1753 naualibus
446 1689 604 1773 productas
627 1687 714 1751 nauis
729 1689 900 1751 releeerant
913 1708 1085 1774 summaque
1101 1689 1248 1751 industria

131 1803 324 1862 armauerant
345 1789 528 1878 (remigum,
561 1788 795 1872 gubernatorum
816 1810 923 1873 magna
946 1790 1031 1873 copia
1051 1791 1249 1873 suppetebat)
1276 1802 1306 1855 lb

93 1895 116 1963 2
130 1895 364 1983 piscatoriasque
380 1892 552 1956 adiecerant
566 1905 654 1977 atque
669 1902 888 1970 contexerant,
913 1904 946 1957 ut
961 1904 1064 1957 essent
1076 1892 1114 1955 ab
1129 1894 1190 1955 ictu
1207 1904 1252 1957 te·

130 1997 226 2063 lorum
249 1996 379 2077 remiges
403 1995 476 2058 tuti:
507 1994 561 2059 bas
586 1995 752 2080 sagittariis
775 1996 990 2078 tormentisque
1013 1996 1249 2079 compleuerant.

94 2097 202 2165 dTali
217 2098 304 2162 modo
319 2099 469 2163 instructa
490 2097 587 2161 classe
609 2098 740 2161 omnium
762 2098 934 2176 seniorum,
958 2108 1087 2161 matrum
1109 2097 1249 2176 familiae,

97 2239 102 2247 ·
130 2199 281 2282 uirginum
298 2201 434 2285 precibus
449 2211 481 2265 et
496 2201 568 2264 lletu
583 2201 726 2273 excitati,
751 2211 887 2264 extremo
904 2211 1038 2284 tempore
1052 2199 1165 2264 ciuitati
1180 2198 1251 2262 sub·

130 2305 288 2382 uenirent,
314 2326 373 2368 non
389 2304 503 2368 minore
519 2303 617 2366 animo
633 2322 668 2364 ac
683 2302 788 2366 fiducia
799 2333 814 2378 ,¹
834 2322 919 2383 quam
936 2313 1006 2366 ante
1022 2302 1249 2381 dimicauerant,
1273 2310 1306 2366 tt

95 2404 118 2468 4
130 2427 227 2485 naues
243 2406 457 2469 conscendunt.
496 2402 653 2467 Communi
671 2404 748 2466 enim
772 2404 802 2465 lit
827 2404 898 2466 uitio
921 2416 1068 2483 naturae,
1093 2414 1124 2466 nt
1144 2403 1252 2467 iuuisis

132 2506 286 2591 [latitatis]
304 2517 393 2587 atque
408 2505 666 2588 incognitisrebus
685 2505 779 2589 magis
788 2500 970 2570 coulidamus
987 2507 1252 2585 uehementiusque

133 2617 363 2684 exterreamur3
387 2616 420 2669 ut
441 2617 501 2670 tum
525 2607 645 2670 accidit.
676 2605 834 2672 Aduentus
848 2608 929 2671 enim
944 2606 985 2672 L.
1000 2607 1122 2671 Nasidii
1137 2627 1251 2669 sumum

96 2698 186 2795 ¹ltspe
201 2719 233 2773 et
254 2709 408 2773 uoluntate
433 2708 582 2773 ciuitatem
607 2711 821 2795 compleuerat.
852 2710 947 2774 Nacti
968 2710 1106 2773 idoneum
1130 2718 1252 2769 nouatum

133 2832 174 2877 ex
189 2822 276 2896 portu
292 2823 405 2876 exeunt
419 2822 451 2875 ct
463 2809 656 2889 Taurodnta,
674 2813 750 2896 quod
767 2823 813 2876 est
828 2813 981 2877 castellum
997 2808 1249 2883 Massiliensium,
1273 2821 1306 2873 25

132 2915 169 2979 ad
184 2913 345 2980 Nasidium
368 2915 550 2999 perueniunt
570 2915 670 2998 ibique
694 2936 786 2980 naues
809 2915 969 3000 expediunt
986 2933 1150 2994 rursusque
1166 2933 1199 2976 se
1215 2913 1252 2975 ad

135 3019 350 3102 oonlligendum
366 3018 466 3084 animo
487 3017 665 3081 ennlirmant
686 3027 717 3082 et
730 3019 854 3081 consilia
870 3017 1101 3081 communicant.
1135 3012 1254 3077 Dextra

98 3119 120 3188 5
136 3140 205 3206 pars
221 3121 400 3185 adtribuitur
413 3117 669 3197 Massiliensibus,
687 3120 811 3184 sinistra
826 3118 964 3185 Nasidio.
1007 3117 1122 3182 Eodem
1138 3114 1252 3181 Brutus

135 3223 290 3285 contendit
303 3234 392 3286 aucto
408 3224 527 3287 nauium
544 3244 679 3309 numero.
711 3221 790 3285 Nam
812 3224 848 3286 ad
865 3243 936 3300 eas,
960 3242 1036 3305 quae
1052 3223 1150 3284 iactae
1166 3229 1253 3282 erant

132 3321 258 3388 Arelate
282 3345 336 3408 per
351 3321 533 3404 Caesarem,
559 3326 697 3408 captiuae
718 3322 953 3388 Massiliensium
977 3333 1252 3388 accesserantsex.
1277 3331 1312 3383 ab

135 3425 198 3490 bles
214 3425 416 3512 superioribus
425 3427 528 3491 diebus
543 3430 788 3511 reieceratatque
797 3427 932 3491 omnibus
948 3426 1038 3490 rebus
1053 3427 1252 3490 instruxerat.

243 3652 368 3708 tmilltcs
382 3652 545 3721 repellebant
558 3669 575 3703 s
590 3653 663 3703 ‘msc
674 3650 820 3720 plsrs‘qus',
834 3651 998 3717 repellebant
1010 3649 1104 3700 milites
1117 3662 1144 3697 u.

135 3735 306 3801 dopidumo.
421 3732 761 3785 cl'icitincanrccorm.
866 3729 1018 3795 inpendente
1032 3743 1057 3777 n.
1182 3724 1256 3774 lud·

135 3812 267 3878 pulsisque
280 3827 306 3862 s.
429 3813 494 3859 sate
506 3805 652 3858 Messanam
665 3806 729 3857 adal.
743 3807 776 3856 ad
790 3821 813 3856 c.
939 3808 1003 3857 Sea
1014 3801 1153 3854 naualibus
1167 3816 1255 3850 eorum

135 3888 241 3940 deducit
254 3904 271 3938 a
280 3891 314 3939 bs
327 3892 368 3951 st,
382 3890 433 3953 qus·
444 3900 535 3937 nauem
545 3889 704 3951 praemittit
712 3921 720 3948 ,
735 3902 749 3934 e
756 3903 766 3946 ,·
784 3899 816 3934 ex
831 3885 969 3934 naualibus
987 3899 1075 3934 eorum
1088 3895 1164 3932 unam
1178 3881 1256 3929 dedo-

135 3968 174 4017 rit
184 3982 212 4015 u·
319 3966 350 4017 lt)
363 3964 585 4031 Massiliensisque
598 3979 624 4014 a.
731 3962 762 4013 ll
777 3961 850 4010 nanis
863 3977 889 4010 α.
1009 3962 1040 4011 lb
1053 3960 1255 4024 gubernatorum

133 4062 150 4097 a
161 4046 184 4107 b,
200 4042 450 4108 gnberaatorurnque
464 4058 493 4092 a.
599 4043 630 4094 19
644 4048 760 4092 extremo
772 4056 789 4090 α
799 4041 822 4102 b,
837 4047 866 4088 ut
880 4047 996 4090 extremo
1005 4056 1032 4092 u.
1136 4039 1166 4089 at
1178 4035 1256 4100 enim]

136 4124 215 4174 otiam
227 4136 275 4171 nc.
378 4119 414 4174 22
426 4119 537 4170 latitatis
549 4120 617 4180 aba,
634 4119 797 4169 latitantibus
810 4133 838 4168 a.
852 4118 883 4169 P.
898 4118 940 4169 bb.
1057 4118 1091 4168 28
1103 4114 1256 4166 attribuitur

138 4197 348 4253 Massiliensibus
367 4212 384 4247 a
405 4194 565 4263 ‘pleripus',
585 4193 795 4247 Massiliensibus
813 4194 966 4245 attribuitur
983 4209 1000 4242 u
1014 4193 1086 4256 (adt
1100 4192 1145 4255 s).

137 4282 167 4334 tt
183 4278 275 4332 diebus
289 4275 422 4329 reiecerat
433 4291 450 4326 u
463 4275 626 4341 Strpdouus,
642 4273 773 4324 refecerat
784 4271 877 4323 diebus
891 4276 996 4322 osterse
1009 4269 1069 4320 edd.
