2692 4688
55 168 120 239 110
427 167 514 245 „titt
537 165 682 243 uento
705 165 896 241 settled
919 230 925 243 .

113 338 277 417 instabant,
292 338 417 405 alteram
426 334 648 426 Camulogenus
662 352 769 425 parato
783 351 873 425 atque
887 342 1236 412 instructoexereitute-

113 441 224 520 uebat3
242 452 304 504 tum
321 441 735 528 legionesapraesidioatque
749 444 967 527 impedimentis
982 444 1162 510 interclusas
1174 470 1237 516 ma-

76 542 224 610 bximum
242 544 349 608 flumen
365 544 535 611 distinebat.
574 543 683 609 Tantis
705 545 806 609 subito
821 545 1040 611 difficultatibus
1055 546 1182 615 obiectis
1198 551 1236 615 ab

54 647 101 717 dd
113 645 210 720 autimi¹
220 646 331 711 uirtute
347 647 491 712 auxilium
508 649 665 732 petendum
682 648 812 712 uidebat.
855 644 919 712 Sub
934 669 1091 732 uesperum
1108 652 1235 717 oonsilio

109 759 276 825 eopuoeato
291 748 477 828 cohortatus,
494 760 590 826 utos,
608 771 683 832 quae
698 750 887 835 imperasset,
904 750 1232 833 diligenterindustrie·
1255 768 1270 823 t

110 870 167 935 que
192 850 457 930 administrarent,
481 872 594 930 naues,
620 873 693 936 quas
708 850 873 916 Meloduuo
889 854 1076 932 deduxerat,
1098 854 1234 940 singulas

107 952 255 1036 equitibus
271 951 417 1017 Romanis
432 954 572 1018 adtribuit
590 965 620 1020 et
634 955 729 1039 prima
746 957 883 1019 oonleeta
905 955 1007 1038 uigilia
1022 967 1163 1042 quattuor
1178 960 1234 1023 mi·

110 1053 151 1121 ti·
167 1075 308 1140 passuum
331 1057 462 1122 seeundo
484 1056 605 1121 llumiue
621 1057 742 1121 silentio
752 1056 896 1140 progredi
911 1056 1012 1140 ibique
1027 1078 1061 1124 se
1076 1063 1233 1142 expectari

73 1155 95 1219 2
109 1154 204 1221 iubet.
228 1153 368 1241 Quinque
383 1159 536 1237 cohortes,
555 1180 628 1242 quas
644 1159 764 1236 minime
775 1158 933 1222 liumasad
950 1160 1146 1226 dimicandum
1162 1183 1233 1228 esse

73 1256 94 1323 3
109 1258 319 1338 existimabat,
338 1260 447 1327 eastris
462 1261 610 1346 praesidio
627 1262 787 1344 relinquit3
811 1261 940 1344 quinquo
956 1262 1087 1325 eiusdem
1103 1262 1232 1347 legionis
1258 1278 1288 1331 to

107 1361 239 1446 reliquos
255 1362 291 1425 de
307 1363 401 1427 media
417 1375 506 1428 uoete
521 1385 588 1445 eunq
601 1364 738 1442 omnibus
746 1363 964 1446 impedimentis
972 1363 1100 1429 aduerso
1110 1366 1233 1432 flumine

71 1461 216 1549 lemagno
232 1466 360 1528 tumultu
383 1466 532 1548 proficisci
554 1452 693 1549 imperat.
731 1461 891 1547 Conquirit
913 1465 1002 1528 etiam
1025 1465 1150 1532 lintres:
1176 1468 1230 1533 bas

108 1584 218 1649 magno
238 1568 341 1631 sonitu
363 1587 512 1632 remorum
534 1568 675 1643 incitatas
695 1567 728 1647 in
750 1568 871 1631 eandem
895 1569 1128 1652 partemmittit.
1159 1566 1229 1654 Ipse

108 1678 177 1753 post
198 1668 285 1751 paulo
305 1669 427 1734 silentio
449 1691 590 1756 egressus
605 1690 671 1735 eum
688 1670 783 1733 tribus
797 1670 966 1754 legionibus
981 1691 1049 1734 eum
1064 1671 1161 1737 losum
1177 1693 1228 1756 pe·

51 1769 93 1840 dl
108 1769 157 1849 tit,
173 1791 342 1855 quonaues
357 1773 464 1856 appelli
478 1771 619 1849 iusserat.
636 1838 639 1850 ,
659 1770 708 1835 Eo
724 1794 790 1836 eum
807 1783 888 1836 esset
904 1784 1038 1852 uentum,
1055 1774 1227 1856 explorato·
1252 1786 1285 1845 tt

81 1894 84 1899 ·
108 1894 159 1941 res
174 1873 325 1953 bostium,
345 1884 383 1946 ,ut
397 1874 477 1938 omui
493 1874 624 1940 fluminis
640 1884 724 1958 parte
740 1885 826 1939 erant
842 1875 996 1959 dispositi,
1021 1874 1224 1958 inopinantes,

107 1977 185 2063 quod
201 1998 309 2060 magua
323 1975 422 2049 subito
438 1987 505 2050 erat
519 1987 621 2041 eoorta
637 1986 808 2060 tempestas,
826 1976 862 2039 ab
879 1977 991 2040 nostris
1001 1976 1227 2061 opprimunturq

71 2080 93 2146 2
108 2080 261 2144 exereitus
277 2079 485 2164 equitatusque
502 2080 649 2163 equitibus
667 2077 809 2143 Romanis
830 2078 1125 2157 administranb‘bus‚
1151 2100 1229 2162 quos

72 2179 92 2244 3
107 2181 136 2246 ei
150 2181 273 2266 negotio
288 2185 487 2268 praefecerat,
504 2182 645 2247 celeriter
661 2182 885 2247 transmittitur.
927 2181 998 2247 Vno
1013 2183 1077 2259 iere
1092 2192 1228 2264 tempore

107 2284 162 2353 sub
177 2284 273 2349 lucem
296 2286 430 2351 hostibus
452 2285 610 2359 nuntiatur·
627 2285 659 2349 iu
675 2287 785 2361 castris
799 2284 1004 2363 Romanorum
1020 2276 1141 2370 praeter
1155 2303 1227 2361 eon·
1248 2294 1284 2347 2⁰

105 2387 296 2457 suetudinem
309 2388 480 2451 tumultuari
496 2398 526 2452 et
540 2370 678 2470 magnum
694 2387 741 2450 ire
755 2409 863 2470 agmen
879 2386 1226 2451 aduersolluminesoui-

106 2498 225 2571 tumque
241 2508 389 2552 remorum
413 2490 443 2551 iu
467 2490 568 2554 eadem
593 2501 677 2572 parte
700 2489 836 2553 exaudiri
860 2500 890 2553 et
913 2489 1002 2574 paulo
1022 2491 1100 2553 inira
1117 2489 1226 2552 milites

68 2590 232 2656 dnauibus
255 2591 465 2674 transportari.
506 2588 623 2672 Quibus
645 2593 736 2656 rebus
758 2592 887 2670 auditis,
913 2592 992 2673 quod
1013 2589 1226 2654 existimabant

105 2691 200 2757 tribus
217 2693 290 2757 locis
306 2693 443 2777 transire
466 2695 600 2779 legiones
623 2706 711 2777 atque
734 2714 838 2757 omnes
854 2691 1041 2777 perturbatos
1056 2688 1223 2753 deleo-tione

105 2793 298 2862 Haeduorum
317 2798 414 2881 lugam
423 2817 543 2880 parare,
561 2817 631 2860 suas
647 2817 762 2879 quoque
772 2796 873 2879 copias
888 2796 918 2858 in
934 2805 996 2857 tres
1005 2802 1106 2877 partes
1122 2789 1223 2854 distri·
1245 2803 1279 2854 25

68 2898 88 2964 5
104 2898 245 2965 buerunt.
268 2897 350 2964 Nam
367 2898 514 2983 praesidio
531 2898 685 2982 eregioue
702 2910 867 2967 castrorum
884 2896 989 2964 relieto
1005 2885 1036 2961 et
1050 2914 1144 2980 parua
1160 2914 1222 2957 ma·

212 3158 225 3210 1
240 3160 355 3211 instabat
368 3161 391 3210 B
404 3161 478 3211 ‘man
492 3159 528 3211 δ’.
632 3158 747 3209 instueto
760 3174 796 3209 m.
808 3171 853 3224 pr.
869 3159 900 3208 B.
1006 3158 1092 3211 2eum
1106 3154 1223 3219 legiones

103 3233 263 3288 B‘mre.ll'.
369 3237 607 3289 bdestinabatbo.
713 3236 845 3286 lanuuium
859 3249 896 3284 m.
907 3248 953 3299 pr.
967 3235 1001 3286 B.
1119 3238 1226 3300 penten-

103 3310 162 3361 dan
175 3317 239 3362 onte
252 3327 322 3365 sorr.
336 3313 369 3363 B.
526 3311 575 3363 sub
587 3326 721 3377 uesperum
734 3312 759 3362 u
773 3312 885 3376 ‘reliqua‘
892 3311 909 3375 ’,
927 3311 1015 3378 itaque
1028 3310 1076 3360 sub
1090 3322 1226 3375 uesperum

103 3387 196 3441 bodo.
303 3390 414 3440 eonsilio
427 3388 503 3454 Aut)
514 3390 589 3441 cna
603 3390 628 3440 ‘5
641 3387 718 3453 atss',
733 3406 785 3440 non
800 3389 921 3440 eoueilio.
1039 3387 1224 3438 biudustriae·

102 3466 215 3530 quaeB.
339 3465 748 3532 dquasAbee,quasa(B)u.
808 3475 811 3483 ’
872 3463 1017 3517 bledodoue
1029 3465 1063 3528 B,
1078 3461 1222 3517 Metiosedo

101 3545 127 3596 A
134 3559 151 3594 a
161 3545 253 3595 bede.
360 3545 375 3597 7
388 3545 519 3613 equitibus
533 3560 584 3597 om.
602 3545 626 3594 b.
735 3544 862 3596 adtribuit
873 3544 907 3595 B.
1031 3558 1059 3595 ιν
1071 3541 1152 3592 millia
1165 3539 1221 3602 (B).

209 3618 273 3670 atti
286 3635 314 3672 se
326 3622 361 3672 A.
467 3622 601 3688 expectari
615 3622 648 3672 B.
753 3620 826 3688 bad]
840 3621 865 3671 ld
878 3621 911 3672 B.
1030 3613 1220 3680 teretiquiet.

210 3698 240 3750 11
255 3713 349 3751 auerso
363 3701 388 3751 b.
512 3700 544 3753 12
556 3700 665 3751 tumulto
677 3716 737 3750 eum
751 3717 766 3750 u
780 3714 888 3766 supero
902 3700 935 3750 B.
1068 3692 1170 3744 luntre!
1182 3705 1220 3740 m·

99 3790 154 3842 pre,
168 3776 270 3844 lpntnes
283 3793 335 3828 aas.
350 3777 383 3828 B.
502 3776 635 3827 tdeadem
648 3791 685 3826 m.
696 3790 742 3841 pr.
757 3775 789 3826 B.
907 3769 1137 3842 ltpautopoetb
1154 3770 1222 3817 01111

101 3855 237 3918 samonem
250 3853 408 3904 inuertenda‘
419 3853 525 3903 ordinis
539 3859 589 3904 est.
713 3854 789 3919 petiit
802 3853 826 3902 b.
968 3852 999 3904 ll
1013 3863 1063 3918 qua
1076 3849 1111 3899 A.

103 3929 134 3982 lb
147 3936 176 3980 nt
189 3930 354 3994 ‘agnoscunt
366 3934 465 3995 optimi
476 3946 605 3994 meorum,
621 3935 653 3980 ut
666 3931 788 3994 Abed’3
801 3947 854 3982 om.
870 3931 903 3982 B.
1035 3928 1066 3981 18
1079 3926 1224 3994 equitatus-

100 4022 167 4074 quae
180 4006 213 4057 B.
329 4009 363 4060 20
377 4008 425 4058 sub
437 4008 495 4057 tneo
510 4009 534 4059 b.
656 4008 686 4059 at
702 4009 833 4059 auersob.
940 4009 976 4062 22
987 4021 1115 4059 romonum
1129 4018 1220 4070 ων.

99 4087 132 4137 Β.
248 4086 333 4136 audiri
346 4087 392 4137 ba.
516 4086 549 4139 25
563 4094 618 4137 tros
630 4085 678 4150 (B)
690 4084 751 4137 aad.
766 4092 830 4138 ants
842 4103 860 4137 u
873 4086 956 4151 (unua
970 4087 1058 4139 Aldus
1072 4085 1160 4150 treis),
1174 4083 1223 4134 tris

101 4165 186 4214 roella
198 4178 225 4212 u.
329 4164 362 4216 21
376 4176 433 4214 nam
447 4163 580 4231 praesidio
593 4163 639 4214 Ba
653 4164 792 4230 ‘ntiqut',
808 4178 867 4217 nam
878 4172 906 4215 et
918 4165 1051 4231 praesidio
1064 4161 1113 4214 ed.

101 4257 181 4293 eom.
195 4241 219 4291 B
234 4241 306 4291 ‘mss
325 4240 357 4295 8'.
