2692 4688
69 194 134 262 38⁰
466 192 524 261 llll
546 193 691 262 sautu
714 191 917 261 GALLlCO'

128 366 229 445 uenit,
257 367 289 430 iu
305 377 468 450 conspectu
490 366 689 431 multitudinis
704 367 841 431 omuibus
857 364 1038 430 cmciatibus
1053 365 1180 429 affectus
1196 386 1249 429 ne-

92 468 113 533 3
128 481 224 534 catur.
256 466 292 532 ln
307 487 343 532 eo
359 468 486 532 concilio
503 464 748 555 Cingetorigem,
777 470 900 533 alterius
916 467 1076 553 principem
1093 468 1245 544 factionis,

128 593 272 656 generum
295 592 400 650 suum,
431 592 518 654 quem
539 592 630 656 supra
650 571 922 635 demonstrauimus
946 567 1090 635 Caesaris
1111 581 1248 634 secutum

128 675 216 738 fldem
231 674 268 737 ab
284 693 321 738 eo
336 694 397 736 uon
409 673 599 751 discessisse,
616 674 732 737 bostem
748 674 858 737 iudicat
874 673 1009 756 bonaque
1024 672 1089 735 eius
1106 671 1246 756 publicat.

93 777 115 841 4
130 773 185 840 llis
200 774 290 839 rebus
305 775 450 840 conlectis
465 777 495 839 in
511 775 638 839 concilio
655 776 828 858 pronuntiat
842 776 1019 839 arcessitum
1036 794 1069 837 se
1084 794 1101 836 a
1119 771 1247 840 Senoai-
1269 787 1285 839 5

94 877 114 943 5
130 879 184 942 bus
200 888 230 942 et
245 872 428 942 Carnutibus
443 878 568 962 aliisque
584 877 772 962 conpluribus
781 874 899 941 Galliae
912 875 1101 955 ciuitatibus3
1120 877 1176 940 bue
1191 878 1251 942 itu·

129 1002 194 1046 rum
210 1002 265 1065 per
280 981 352 1044 fines
367 977 530 1044 Remorum
554 1001 716 1062 corumque
739 1001 829 1064 agros
849 979 1056 1064 populaturum
1073 999 1127 1056 ac,
1152 980 1250 1064 prius·

130 1105 217 1168 quam
233 1083 262 1146 id
279 1082 388 1160 iaciat,
412 1093 512 1147 castra
526 1081 655 1147 Labieni
672 1082 919 1167 obpugnaturum.
967 1078 1053 1163 Quae
1076 1081 1140 1145 beri
1163 1082 1248 1157 uelit,

73 1186 117 1258 Ul
130 1185 286 1271 praecipit.
332 1182 504 1264 Labienus,
529 1207 595 1249 cum
619 1196 650 1248 et
671 1184 729 1249 loci
752 1195 861 1247 natura
884 1195 914 1247 et
929 1206 1017 1248 mauu
1033 1184 1251 1249 munitissumis

131 1289 238 1353 castris
255 1308 323 1352 sese
339 1299 473 1366 teneret,
498 1289 534 1352 de
549 1309 605 1351 suo
619 1309 655 1351 ec
670 1286 797 1370 legionis
812 1286 944 1369 periculo
958 1286 1031 1350 nibil
1047 1287 1188 1367 timebat3
1213 1309 1252 1353 ne
1275 1299 1307 1354 ta

96 1390 220 1474 2quam
235 1390 423 1453 occasionem
439 1389 485 1452 rei
500 1388 577 1452 benc
593 1389 743 1471 gerendae
759 1389 932 1464 dimitteret,
950 1389 1111 1473 cogitabat.
1144 1387 1252 1473 ltaque

101 1544 105 1549 .
132 1514 151 1557 a
166 1487 363 1575 Cingetorige
379 1502 467 1574 atque
488 1491 552 1553 cius
569 1492 739 1575 propinquis
754 1492 890 1555 oratione
905 1488 1099 1555 Indutiomari
1116 1493 1251 1577 cognita,

133 1615 219 1677 quam
234 1594 266 1656 in
282 1593 409 1657 concilio
432 1592 595 1670 habuerat,
625 1594 746 1657 nuntios
769 1594 860 1656 mittit
881 1594 917 1657 ad
941 1593 1090 1657 linitumas
1114 1594 1253 1661 ciuitates

133 1696 307 1780 equitesque
329 1697 459 1779 undique
483 1705 607 1759 euocat:
641 1696 687 1758 bis
710 1706 823 1758 certum
847 1696 923 1759 diem
947 1696 1144 1759 conueniendi
1167 1697 1251 1760 dicit.

99 1796 256 1866 blaterim
272 1820 366 1885 prope
381 1798 490 1862 cotidie
506 1819 573 1861 cum
589 1797 669 1860 omni
691 1798 823 1881 equitatu
838 1795 1058 1862 Indutiomarus
1074 1797 1129 1861 sub
1145 1800 1253 1863 castris
1278 1810 1309 1863 ts

134 1902 199 1967 eius
215 1902 397 1987 uagabatur,
422 1901 496 1965 alias
514 1911 546 1964 ut
561 1901 649 1964 situm
665 1913 832 1964 castrorum
848 1911 1065 1985 cognosceret,
1090 1902 1166 1965 alias
1181 1922 1254 1965 cou-

133 2004 272 2088 loqueudl
288 2015 341 2068 aut
356 2004 510 2068 territandi
527 2026 637 2068 causa:
662 2004 779 2087 equites
794 2004 964 2088 plerumque
980 2023 1084 2068 omnes
1100 2005 1158 2068 tela
1174 2004 1255 2067 intra

97 2104 241 2172 duellum
258 2104 457 2171 coniciebant.
495 2103 649 2171 Labienus
671 2127 742 2170 suos
763 2107 843 2170 intra
866 2107 1058 2169 munitionem
1082 2106 1256 2171 continebat

75 2209 121 2281 58
136 2209 309 2294 timorisque
320 2209 502 2294 opinionem,
520 2209 755 2292 quibuscumque
769 2219 887 2294 poterat
896 2207 1001 2286 rebus,
1019 2207 1156 2292 augebat.
1174 2202 1252 2271 Cum

133 2314 246 2378 maiore
268 2312 299 2376 in
325 2313 387 2376 dies
412 2313 631 2398 contemptione
654 2309 878 2375 indutiomarus
901 2311 937 2375 ad
961 2321 1062 2374 castra
1081 2309 1252 2387 accederet,
1276 2321 1313 2375 2⁰

135 2427 224 2479 nocte
248 2435 306 2477 una
335 2414 515 2478 intromissis
546 2414 693 2498 equitibus
716 2414 847 2476 omnium
872 2412 1062 2476 finitimarum
1085 2411 1252 2490 ciuitatum,

133 2536 208 2598 quos
224 2502 420 2579 arcessendos
435 2525 616 2593 curauerat,
633 2526 715 2579 tanta
731 2516 885 2597 diligentia
901 2536 1006 2579 omnes
1021 2536 1093 2579 suos
1108 2515 1253 2578 custodiis

134 2618 213 2681 intra
235 2627 335 2682 castra
358 2619 522 2695 continuit,
548 2618 684 2682 utnulla
706 2618 823 2681 ratione
847 2639 882 2682 ea
904 2639 955 2682 res
976 2616 1128 2681 enuntiari
1151 2617 1256 2681 autad

97 2714 286 2785 2Treucros
302 2720 428 2806 perferri
445 2731 558 2804 posset.
596 2717 721 2785 luterim
737 2741 786 2799 ex
808 2720 1023 2783 consuetudine
1039 2720 1188 2783 cotidiana
1204 2717 1257 2783 ln-

134 2823 319 2888 dutiomarus
335 2825 371 2886 ad
388 2835 487 2887 castra
502 2823 617 2887 accedit
631 2833 720 2907 atquc
735 2821 775 2886 ibi
788 2828 928 2907 'maguam
944 2835 1058 2907 partem
1075 2823 1133 2886 diei
1148 2842 1258 2885 consu·
1279 2831 1313 2886 2⁸

134 2925 206 3005 mit3
232 2927 347 3011 equites
369 2926 431 2990 tela
453 2925 660 2990 coniciunt-et
680 2947 787 3008 magua
810 2946 877 2988 cum
899 2925 1078 2989 contumelia
1095 2922 1258 2989 uerborum

99 3027 119 3092 ³
135 3039 256 3093 nostros
271 3031 308 3093 ad
324 3051 451 3115 pugnam
468 3040 607 3093 euocant.
647 3026 742 3093 Nullo
758 3028 794 3090 ab
812 3029 924 3092 nostris
941 3029 1009 3091 dato
1024 3047 1188 3112 responso,
1205 3025 1257 3089 ubi

99 3129 121 3193 4
135 3130 232 3194 uisum
250 3142 315 3211 est,
340 3132 394 3196 sub
417 3153 573 3218 uesperum
588 3132 715 3219 dispcrsi
730 3152 765 3195 ac
781 3131 917 3217 dissipati
932 3129 1102 3194 discedunt.
1128 3206 1133 3218 1
1149 3124 1257 3194 Subito

135 3338 208 3388 uenit
219 3354 267 3389 eu.
283 3337 347 3390 Vid.
362 3339 413 3402 Vl,
429 3340 472 3406 37,
487 3341 502 3392 1
515 3345 544 3391 et
554 3355 697 3392 conuocare
710 3357 754 3410 cp.
771 3342 829 3394 Cic.
845 3340 878 3391 dc
890 3339 943 3406 leg.
957 3354 1019 3406 ogr.
1033 3338 1075 3389 11!
1084 3342 1158 3388 ectr.

135 3416 268 3483 liudicnt]
282 3417 447 3469 iudicandum
460 3426 535 3470 curat
547 3418 615 3470 cde.
720 3420 786 3470 bone
801 3419 919 3470 eiusde.
1025 3412 1256 3482 teonpturttmlt.

243 3497 310 3547 banc
324 3496 348 3546 b.
452 3499 548 3550 iturum
561 3499 584 3549 B
597 3504 624 3549 et
634 3498 752 3563 reliqui,
767 3499 820 3548 lter
833 3496 962 3548 iacturum
976 3495 1047 3545 dcc.
1181 3491 1197 3543 t
1211 3504 1259 3558 pet·

136 3570 230 3623 fluibus
242 3589 279 3625 m.
289 3589 334 3640 pr.
350 3574 383 3625 B.
488 3578 505 3629 8
517 3584 604 3628 caetra
617 3576 725 3627 Labieni
739 3577 763 3627 B
776 3575 835 3627 edd.
850 3580 913 3626 ante
924 3574 1033 3636 Graan„
1035 3571 1157 3633 Labieni
1170 3576 1261 3622 cantra

138 3653 311 3705 Graeciano.
459 3658 664 3723 obpugnetarmn
676 3656 710 3707 B.
825 3649 1149 3706 imunitissumlnABO.

139 3734 169 3785 tu
183 3751 214 3785 ne
228 3733 315 3801 qnam]
329 3750 376 3785 nec
391 3735 527 3800 quicquam
541 3750 564 3784 e.
689 3733 722 3786 12
734 3730 901 3794 Cingetorige
915 3731 1023 3796 eiusque
1036 3741 1108 3794 prop.
1124 3726 1149 3777 b.

137 3810 305 3863 indutiomarl
320 3813 359 3876 B,
373 3811 545 3863 laduciomari
557 3824 586 3861 rt.
722 3810 753 3860 ta
768 3808 898 3859 finitumus
911 3809 989 3871 Bet,
1005 3809 1055 3871 qui
1065 3804 1209 3864 animnos,
1223 3803 1259 3855 A.

247 3891 277 3942 11
286 3892 327 3942 bis
338 3891 424 3942 ABG
431 3892 454 3940 11
463 3906 476 3940 e
483 3929 491 3954 ,
506 3891 539 3941 iis
553 3905 580 3940 rc.
686 3895 785 3940 certam
798 3888 907 3939 eAldur
921 3893 947 3937 et
957 3889 1071 3953 praeter
1079 3882 1260 3949 Sicpltasqq.

137 3984 221 4034 usque
233 3968 271 4019 cd
282 3983 299 4017 u
313 3969 420 4018 ‘coam
432 3968 506 4018 mu)
611 3966 842 4020 lbladutiomarus
857 3966 913 4031 (B),
930 3965 1162 4017 lnducicmarusnt.

139 4045 170 4098 td
184 4044 356 4111 conloquendi
369 4043 401 4094 B.
517 4045 549 4096 18
563 4044 730 4094 munitionem
743 4045 768 4095 B
782 4043 916 4108 ‘reliqni’,
931 4042 1115 4093 munitionen
1130 4044 1205 4091 ‘mm
1219 4040 1261 4093 δ’.

245 4122 277 4175 lb
290 4123 493 4188 quibuscumque
505 4121 561 4187 (B),
575 4137 629 4171 non
640 4149 675 4159 —
686 4138 798 4187 cunque.
949 4122 983 4175 20
997 4120 1190 4173 ludaticnarun
1202 4121 1261 4185 (B),

137 4202 369 4255 lndaclomnrusu.
486 4199 994 4263 recommendans,arcessiendusb.
1112 4196 1262 4253 mmc-

138 4297 183 4335 rcr
195 4281 228 4333 lt.
335 4278 524 4332 indutiomarus
537 4278 593 4343 (B),
610 4276 805 4329 lndnciomarns
818 4292 845 4327 u.
