2692 4688
491 169 814 237 -168....

88 360 170 414 recte
178 344 314 433 Coponio
329 347 567 434 appropinquare
581 345 731 423 dicuntur,
747 362 823 427 quus
838 362 934 425 neque
946 352 1052 426 sponte
1059 341 1089 406 id
1100 340 1213 407 iecisse

86 452 238 536 probabile
253 464 311 531 est,
328 470 396 515 curu
410 456 557 513 summum
570 449 733 533 periculum
749 448 884 523 afferret,
901 464 998 528 neque
1012 446 1071 509 nlla
1086 466 1151 520 res,
1177 456 1215 510 ut

86 556 235 634 facerent,
260 555 397 641 cogebat.
427 552 509 618 Ante
525 551 644 630 omnia,
669 562 703 614 nt
722 561 805 613 recte
819 549 915 613 debis
930 547 1032 612 uerbis
1047 548 1210 627 iudicetur,

85 658 239 721 sciendum
260 669 308 723 est
329 654 497 742 Coponium
517 657 623 739 longas
645 675 739 717 naues
760 653 920 729 babuisse,
939 650 1103 715 Antoninus
1119 650 1215 735 louge

86 759 246 823 mammam
262 772 375 845 partem
390 759 558 824 onerarias.
588 755 635 820 lie
650 756 703 821 illo
718 756 795 839 qnod
811 755 887 833 dixi,
910 754 1017 838 etipse
1031 772 1085 817 res
1099 763 1133 817 et
1146 752 1215 838 Ap·

86 862 191 945 pienns
207 862 238 926 b.
255 863 314 927 eiu.
332 862 376 942 ll,
393 861 436 927 59
450 864 647 925 domonstrat.
671 859 838 922 Antonium
857 876 1019 941 perpaucas
1033 857 1141 939 longus
1157 856 1215 921 ba-

83 963 186 1029 buisse
201 965 269 1030 inde
285 966 475 1049 perspicitur,
492 964 569 1047 quod
577 959 706 1039 Caesar,
721 962 773 1044 qni
784 960 890 1025 iisdem
899 960 1026 1023 nauibus
1033 960 1213 1041 traieeorst,

86 1067 116 1131 b.
133 1068 156 1131 l.
173 1067 241 1132 c.7
263 1068 416 1132 duodecim
439 1076 555 1130 tantum
577 1066 684 1149 longas
705 1084 809 1129 secum
831 1063 924 1126 inisse
946 1061 1051 1125 scribit
1072 1073 1105 1126 et
1124 1062 1158 1127 iu
1172 1062 1214 1129 i'n

84 1181 255 1235 constratas
269 1192 330 1235 nou
337 1171 439 1256 plures
445 1191 534 1253 quem
541 1178 695 1252 quattuor.
711 1165 819 1249 ltaque
829 1162 958 1250 Coponii
968 1184 1061 1229 naues
1070 1166 1214 1231 omnibus

88 1272 179 1337 rebus
194 1274 360 1339 instructae
375 1284 407 1337 et
422 1273 632 1337 bubileserant
645 1271 681 1335 sd
694 1270 911 1353 remigandum,
929 1269 1216 1335 Antouisnsrnuro·

84 1377 162 1438 mnis
176 1377 223 1439 uis
237 1377 270 1440 in
285 1377 363 1439 nelis
380 1375 578 1452 consistebat,
594 1394 689 1456 caque
702 1369 836 1459 μεγάλα
852 1374 940 1439 iocre
949 1372 1105 1456 Appianas
1116 1372 1149 1436 in
1164 1371 1217 1437 bis

84 1488 309 1551 commemorat.
346 1475 408 1541 lens
436 1474 739 1561 appropinquantibus
768 1472 989 1560 Dyrrhachium
1015 1471 1216 1554 Csmriuuis,

85 1600 150 1641 cum
167 1575 324 1663 Coponius
339 1580 375 1642 ad
390 1599 444 1643 cos
459 1579 682 1652 contendisset,
705 1575 821 1641 leniore
837 1588 928 1642 uento
943 1577 1050 1655 tiebat,
1075 1586 1112 1641 nt
1130 1572 1213 1641 Cae·

84 1679 198 1743 suriani
213 1680 328 1745 tardius
343 1682 551 1764 procederent,
569 1691 600 1745 et
610 1677 764 1764 Coponius
780 1700 833 1744 ecs
848 1702 943 1765 paene
959 1691 1215 1767 consequeretur

83 1782 328 1849 sedcumuentns
335 1783 678 1862 rursusincrebrnisset‚
696 1782 852 1868 prinsenm
862 1783 1213 1867 praeuertebuntunum

83 1885 122 1948 ad
136 1906 189 1949 ens
204 1886 394 1969 perueniret,
420 1897 455 1953 et
473 1887 601 1951 durante
623 1885 726 1949 code·
749 1896 840 1949 uento
857 1896 924 1969 post
938 1906 972 1951 se
985 1885 1211 1969 relinquebant.

85 1983 239 2071 Coponius
254 2000 354 2054 autem
374 1989 468 2054 nihilo
482 1989 582 2053 minue
605 1988 727 2053 ‘labore
749 1998 781 2052 et
803 1989 1030 2072 perseuerantia
1052 1998 1214 2053 nanuum

84 2090 143 2153 cim
168 2091 351 2175 tempestatis
374 2091 512 2175 superari
533 2110 622 2175 posse
645 2090 803 2174 sperubnt'
818 2090 877 2153 boo
896 2098 960 2166 est,
985 2090 1216 2175 remigandcu

85 2193 214 2259 celerius
234 2193 366 2271 iturum,
389 2214 482 2275 quam
499 2194 669 2258 Antoniani
689 2192 775 2256 nenti
794 2192 999 2276 meguitudine
1020 2194 1212 2262 ereneus.

83 2292 130 2359 lta
146 2296 219 2359 baec
234 2294 437 2381 intellegenda
452 2316 523 2360 csse
535 2305 567 2359 et
577 2295 709 2379 Appiani
724 2295 858 2359 narratio
874 2295 1006 2359 ostendit
1020 2306 1052 2361 et
1066 2293 1214 2364 Caesarii

84 2400 188 2475 uerba,
206 2417 283 2480 qnae
298 2399 399 2461 statim
414 2407 599 2480 sequnntur,
617 2396 741 2461 ‘Nostri
755 2395 1215 2465 asifortuuuebenelioiotameu'

83 2499 348 2583 impetnmolsssis
361 2500 518 2577 timebant,
535 2500 562 2563 si
577 2501 656 2564 torte
671 2509 779 2565 uentus
793 2498 986 2565 remisisset’.
1189 2550 1192 2555 .

169 2596 208 2664 C.
226 2598 286 2676 35,
306 2598 324 2662 l
339 2599 373 2663 in
387 2602 473 2665 codd.
490 2602 534 2664 ita
547 2602 691 2685 scriptum
705 2612 772 2666 este
796 2600 870 2665 ‘Ex
885 2603 931 2666 bis
946 2599 1099 2669 Caluisius
1114 2624 1214 2689 pm

82 2702 214 2767 aduentu
234 2723 352 2767 sumnia
369 2703 501 2767 omnium
523 2703 701 2769 Aetolorum
720 2714 859 2788 receptus
881 2708 1039 2771 noluntute
1053 2706 1214 2791 praesidiis

83 2805 325 2871 aduersariorum
340 2801 495 2891 Calydone
510 2816 543 2870 et
555 2804 715 2890 Nunpucto
730 2806 843 2871 relictis
863 2809 942 2873 omni
959 2808 1081 2875 Aetolis
1097 2811 1213 2895 petius

85 2909 155 2973 est'.
179 2906 285 2993 Itequc
301 2918 333 2973 ‘a
347 2907 515 2994 pruesidiis‘
531 2907 651 2993 scripsi.
674 2906 832 2974 ‘Reiectis’
847 2910 940 2988 euius,
962 2914 1042 2994 quod
1056 2932 1110 2997 pru
1127 2914 1216 2979 eeu·-

85 3010 159 3075 ctis’
181 3012 298 3091 editur,
321 3011 353 3076 in
376 3008 526 3077 nuoPur.
549 3022 620 3077 tert.
644 3012 788 3096 scripnrm
810 3023 878 3090 est,
905 3013 995 3096 idque
1017 3014 1214 3083 alienis'sin'n

85 3115 230 3198 exemplis
240 3111 469 3201 Oudendorpins
485 3115 628 3179 detrudit.
651 3112 687 3180 Si
704 3112 895 3180 ‘reiectis'iu
910 3115 1048 3181 omnibns
1061 3118 1214 3184 reddeb-

84 3225 225 3295 gerctur,
248 3219 473 3283 assentiendum
495 3228 577 3283 esset
592 3214 774 3295 Ciaoconio‚
795 3217 849 3301 qui
864 3218 1011 3282 ‘deiectis'
1026 3221 1211 3291 coniciebst.

85 3312 180 3379 Paulo
203 3326 271 3399 post
292 3316 325 3379 iu
346 3316 393 3380 bis
415 3319 537 3383 uerbisr
564 3318 797 3403 ‘urgentem-
812 3320 926 3384 ueteris
941 3322 1030 3385 burno
1044 3325 1214 3406 potentiano

85 3414 278 3502 Pompeianis
301 3418 392 3483 rebus
405 3421 563 3487 studebat:
588 3419 746 3498 Petreius,
766 3442 903 3486 snm-ee
923 3423 1088 3489 nobilitatis
1108 3425 1214 3491 stuba

85 3539 195 3596 scens,
217 3519 282 3584 suis
303 3541 339 3583 ec
360 3542 482 3587 suorum
505 3522 611 3606 opibus
626 3520 790 3588 Caesare·
812 3525 905 3588 enixu
929 3525 1075 3603 inuabet’‚
1101 3532 1214 3593 umes

86 3618 240 3685 Petreium
262 3643 324 3685 non
345 3625 508 3689 conuenire
531 3624 643 3689 bomini
657 3624 1004 3691 Tbessalointellectum
1024 3639 1084 3693 cst.
1121 3627 1214 3715 Apud

87 3718 156 3791 Cic.
173 3722 254 3787 Pbil.
269 3720 371 3803 Xlll,
396 3725 456 3803 lli,
480 3725 523 3791 3³
545 3727 695 3791 Antonius
716 3727 749 3793 in
770 3729 879 3795 litteris
900 3731 938 3794 nd
959 3728 1215 3797 senatnmmiss'u

87 3824 161 3889 buco
176 3826 331 3907 queritari
358 3829 471 3893 ‘securi
486 3850 646 3913 percussos
661 3827 788 3897 Paetum
801 3842 834 3895 et
845 3830 1071 3914 Menedemum,
1088 3834 1214 3901 ciuitate

87 3927 213 3993 donatos
229 3939 259 3993 et
274 3930 405 4013 hospites
420 3926 578 4012 ueram,
594 3933 759 3999 laudastis'.
787 3933 823 4000 ln
846 3938 932 4001 oodd.
950 3936 991 4001 ibi
1006 3938 1150 4021 scriptum
1164 3948 1216 4003 est

88 4028 262 4095 ‘Petrum'.
305 4028 384 4095 llum
415 4034 542 4098 eundem
564 4036 712 4101 bominem
744 4058 813 4103 esse
841 4051 937 4123 utque·
957 4039 1035 4102 buno
1055 4037 1213 4105 Primum

87 4132 352 4199 coniunctiorem
371 4130 552 4202 Menedemo
580 4138 681 4216 dccet,
698 4160 787 4223 quen
816 4142 980 4226 principem
1008 4140 1214 4209 Macedonis·

87 4238 201 4303 liberae
230 4234 262 4300 in
291 4234 355 4300 suis
385 4238 520 4320 partibus
549 4240 643 4304 inisse
667 4238 787 4307 Caesar
814 4254 954 4308 extremo
981 4245 1140 4329 superiore
1159 4264 1213 4310 ua-
