2692 4688
82 211 148 279 ost
533 201 663 271 uuest
683 201 874 271 sunteas

139 378 292 446 Numidae
308 374 487 460 Gaetulique
509 376 654 462 diffugere
677 375 785 440 cotidie
804 377 969 441 excestria
985 373 1136 461 Scipionis
1151 389 1185 443 et
1197 400 1267 466 par·

142 485 195 548 tim
218 483 249 545 iu
268 500 396 564 regnum
410 500 444 544 se
460 479 617 556 conferre,
641 477 768 561 partim,
792 478 868 561 quod
883 478 941 562 ipsi
954 480 1145 564 maioresque
1160 503 1265 549 eorum

139 583 287 648 beneficio
303 578 342 646 C.
359 578 441 644 blasi
455 581 503 644 usi
519 581 646 645 luissent
660 575 882 663 Caesaremque
898 581 964 643 eius
983 582 1112 647 adfinem
1127 605 1196 649 esse
1211 606 1265 650 nu·

142 685 283 762 diebant‚
314 683 346 747 in
370 684 435 747 eius
459 693 559 746 castra
581 682 742 766 perfugere
764 682 942 745 cateruatim
965 704 1027 746 non
1048 684 1263 753 intermittunt.

104 787 126 852 4
143 783 277 868 Quorum
293 806 335 850 ex
350 804 473 847 numero
497 783 601 847 electis
616 782 785 847 bominibus
806 783 1023 849 illustrioribus
1039 782 1218 874 [Gaetulos]
1233 800 1265 855 et
1284 802 1300 853 t

140 888 250 952 litteris
266 889 303 950 ad
318 906 390 950 suos
406 885 488 949 ciues
503 885 580 948 datis
596 883 787 961 cohortatus,
812 885 857 948 uti
875 906 968 950 mnu
986 888 1068 950 facta
1082 908 1119 953 se
1131 909 1272 974 suesque

141 989 356 1065 defenderent,
379 1007 418 1049 ne
440 987 504 1050 suis
527 985 656 1050 inimicis
678 986 920 1070 aduersariisque
942 987 1024 1052 dieto
1044 989 1199 1055 audientes
1214 1011 1266 1056 es·

82 1087 127 1159 88
142 1100 224 1168 seut,
247 1088 347 1152 mittit.
393 1086 474 1151 Dum
490 1088 564 1151 baec
579 1088 616 1151 ad
630 1085 800 1171 Ruspinam
815 1089 901 1166 fiunt,
924 1090 1017 1173 legati
1032 1110 1074 1155 ex
1086 1090 1198 1170 Acilln,
1220 1094 1266 1157 ci·

138 1190 234 1255 nitate
249 1191 344 1254 libera
359 1201 390 1254 et
403 1189 530 1267 inmuni,
549 1189 587 1253 ad
599 1184 763 1253 Caesarem
778 1190 905 1254 ueniunt
918 1211 1012 1277 seque
1025 1200 1159 1275 paratos,
1171 1213 1264 1276 quaa·

103 1291 267 1374 2cumque
281 1292 470 1376 imperasset,
497 1301 529 1354 et
542 1291 648 1356 libenti
661 1291 761 1355 animo
778 1291 911 1355 lacmros
926 1292 1122 1374 pollicenture
1147 1302 1263 1359 mutum
1285 1304 1316 1360 tt

136 1412 226 1458 orare
241 1404 272 1456 et
286 1404 390 1476 petere
404 1393 441 1456 ab
456 1413 514 1471 eo,
525 1404 571 1456 'ut
590 1393 650 1457 sibi
672 1392 852 1478 praesidium
876 1394 977 1472 daret,
1001 1414 1059 1476 quo
1074 1394 1171 1458 tutius
1184 1396 1216 1460 id
1230 1407 1264 1461 et

138 1495 207 1558 siue
222 1493 353 1576 periculo
369 1495 469 1558 facere
485 1504 626 1578 possentp
651 1515 685 1559 se
700 1507 731 1559 et
746 1496 925 1559 frumentum
947 1504 979 1557 et
991 1513 1195 1578 quamnmque
1210 1516 1262 1561 res

101 1593 123 1659 3
138 1594 183 1659 eis
197 1604 370 1677 suppeteret
385 1596 551 1658 communis
566 1596 673 1659 salutis
688 1596 785 1679 gratia
806 1597 1095 1660 subministmturos.
1141 1593 1261 1676 Quibus

138 1695 229 1761 rebus
251 1696 341 1760 facile
362 1715 381 1759 a
401 1694 535 1761 Caesare
553 1696 720 1781 impetratis
736 1698 940 1782 praesidioque
953 1697 1023 1760 dato
1037 1691 1077 1759 C.
1092 1692 1256 1775 Messian,

140 1796 279 1861 aedilicia
294 1799 427 1861 iunctum
442 1809 611 1881 potestate,
635 1799 763 1864 Acillam
785 1800 867 1864 iubet
881 1798 1040 1883 proticisci.
1076 1793 1196 1879 Quibus
1210 1818 1261 1863 re·
1284 1808 1315 1864 tt

138 1898 195 1962 bus
210 1898 339 1982 coguitis
355 1894 517 1964 Considius
532 1899 670 1986 Longus,
688 1902 736 1984 qui
751 1901 990 1966 Adrumeticum
1005 1899 1119 1965 duabus
1133 1900 1261 1984 legioni·

138 1998 195 2063 bus
210 2009 240 2063 et
254 2000 403 2082 equitibus
418 2011 482 2066 uec
498 2014 654 2087 praeerat,
676 2003 816 2067 celeriter
835 2002 876 2067 ibi
897 2012 982 2086 parte
998 2001 1139 2085 praesidii
1154 2002 1262 2066 relicta

103 2101 206 2167 lcum
220 2109 280 2166 viu
295 2103 466 2168 cohortibus
487 2105 526 2168 ad
546 2104 675 2169 Aciliam
697 2106 743 2170 ire
765 2105 932 2170 contendit.
976 2101 1111 2169 Messius
1131 2102 1259 2167 celerius

137 2203 247 2269 itinere
269 2207 405 2271 conlecto
428 2207 511 2291 prior
525 2204 654 2271 Acillam
676 2227 743 2271 eum
766 2205 940 2271 cohortibus
953 2206 1105 2290 peruenit.
1147 2200 1259 2268 Consi-

137 2304 203 2369 dius
224 2307 363 2387 interim,
387 2330 454 2373 cum
471 2309 507 2372 ad
523 2309 628 2372 urbem
643 2330 710 2372 cnm
726 2309 820 2393 copiis
835 2309 1017 2372 accessisset
1030 2320 1062 2372 et
1075 2307 1262 2372 animaduer-
1280 2313 1313 2370 at

138 2406 227 2471 tisset
239 2410 417 2490 praesidium
434 2407 578 2475 Caesaris
592 2411 632 2475 ibi
648 2432 737 2488 esse,
763 2431 823 2473 uon
839 2431 931 2474 ausus
952 2410 1115 2494 periculum
1137 2429 1258 2473 suorum

137 2509 239 2571 lucere
254 2509 335 2572 nulla
354 2532 389 2573 re
404 2523 489 2594 gesta
504 2535 558 2596 pro
574 2513 760 2576 multitudine
776 2512 928 2575 bominum
944 2532 1049 2576 rursus
1063 2531 1099 2576 se
1112 2510 1258 2575 Adrume-

100 2604 121 2671 5
138 2619 199 2672 tum
215 2611 347 2693 reecpitp
377 2613 484 2678 deiude
498 2617 601 2698 paucis
617 2625 686 2699 post
698 2614 803 2679 diebus
825 2614 1014 2697 equestribus
1036 2615 1131 2697 copiis
1146 2613 1183 2677 ab
1196 2608 1260 2675 La·

136 2709 225 2776 bieuo
247 2713 382 2780 adductis
405 2737 510 2781 rursus
525 2717 705 2781 Acillitanes
729 2717 837 2780 castris
860 2716 965 2799 positis
988 2715 1125 2779 obsidere
1148 2714 1258 2799 coepit.

78 2809 123 2881 84
137 2810 198 2880 Pcr
212 2815 241 2879 id
256 2827 372 2902 tempus
385 2815 424 2882 C.
437 2815 597 2883 Sallustius
607 2816 747 2903 Crispus,
765 2838 850 2900 quem
865 2816 968 2900 paucis
983 2825 1054 2879 ente
1071 2816 1177 2880 diebus
1192 2817 1262 2879 mis·
1282 2823 1314 2879 bb

135 2936 202 2980 sum
223 2939 241 2981 a
263 2914 397 2986 Caesare
419 2942 485 2985 cum
501 2923 599 2984 classe
616 2917 903 2992 demonstrauimus,
928 2911 1089 2979 Cercinam
1104 2918 1260 2997 peruenit.

98 3014 121 3080 2
136 3011 232 3081 Cuius
247 3023 379 3086 aduentu
393 3022 432 3087 C.
449 3021 602 3087 Decimius
618 3021 825 3107 quaestorius,
850 3019 897 3102 qui
912 3017 953 3082 ibi
968 3037 1035 3081 cnm
1049 3015 1154 3101 grandi
1172 3017 1263 3080 laum-

135 3117 176 3180 lia
191 3134 333 3202 praeerat
346 3125 494 3208 praesidio
510 3125 704 3204 commeatui,
728 3122 884 3208 paruulum
900 3121 1049 3206 nauigium
1065 3128 1170 3184 nactus
1186 3140 1262 3184 eou-
1317 3112 1325 3127 ⁴

245 3242 256 3293 l
270 3241 377 3296 Gaetuli
390 3246 463 3311 (osu.
478 3243 592 3311 copulo)
605 3246 620 3294 b
633 3260 648 3293 ο
659 3245 675 3294 l
688 3244 776 3308 datm
793 3242 865 3295 uam
875 3241 1002 3294 Numidae
1015 3242 1131 3292 Dautsdo
1144 3239 1264 3292 eiciendi

135 3316 311 3373 uidebuntur.
326 3320 390 3375 Vm.
404 3324 515 3388 aaut.
623 3328 787 3387 etpnuuma·
881 3319 1011 3374 altaria.
1114 3319 1261 3373 ostem.

242 3399 353 3452 adduem
366 3417 392 3451 a.
485 3400 634 3453 5Gaetulos
648 3416 664 3449 a
678 3400 790 3467 reliqui,
806 3399 925 3451 Gaetulis
939 3414 1009 3448 ramas
1023 3397 1077 3446 det.
1085 3412 1118 3447 u:
1135 3401 1262 3462 spurium

135 3473 270 3527 iudicauit
281 3479 385 3531 Morus.
502 3478 517 3530 7
531 3495 563 3529 oe
576 3495 592 3529 a
607 3479 680 3528 ‘msa
697 3476 730 3541 ζ’,
746 3484 772 3527 et
786 3492 817 3526 ue
830 3493 856 3527 u.
969 3476 985 3526 8
998 3475 1083 3525 Aeilla
1095 3490 1112 3524 a
1126 3478 1153 3524 et
1163 3476 1262 3540 ubique

135 3554 195 3605 edd.
209 3561 274 3606 naute
287 3573 314 3621 u,
329 3558 433 3610 Aebilln
447 3557 502 3608 ‘blo
515 3558 629 3622 etinfert
642 3555 666 3606 b'
679 3559 708 3605 et
716 3559 813 3621 postea
827 3556 927 3619 ubique
939 3552 992 3618 (o).
1122 3556 1185 3602 uate
1196 3552 1262 3602 clul-

135 3639 192 3683 tute
206 3633 270 3684 aud.
285 3650 317 3685 ex
330 3653 356 3686 a.
463 3636 514 3686 bet
527 3633 624 3683 inmuni
637 3630 781 3694 Rubenius,
792 3630 871 3680 etium
884 3629 996 3695 undique
1009 3627 1087 3678 codd.
1103 3628 1133 3692 (i.
1148 3646 1172 3679 e.
1186 3638 1214 3682 et
1224 3629 1264 3679 in·

133 3711 280 3776 munique).
387 3710 627 3778 paratoDeuise'us.
734 3706 924 3772 quaecuuque(
941 3704 965 3772 ).
1069 3705 1260 3771 llsibiJaiae.

244 3789 276 3841 12
285 3805 452 3855 quaecunque
463 3788 514 3854 (u).
610 3786 642 3837 ll
652 3785 687 3835 ibi
700 3799 754 3834 om.
766 3784 792 3834 b.
887 3783 960 3834 iliud
969 3780 1080 3832 boillon
1094 3799 1116 3845 c,
1127 3782 1160 3832 ad
1174 3781 1262 3833 aetit-

135 3863 278 3929 lun(a)b.
383 3868 509 3918 celeriter
523 3866 547 3915 b.
652 3863 895 3918 tllareeasissetu.
1002 3861 1036 3914 22
1049 3876 1077 3910 se
1090 3860 1261 3911 adrumetum

135 3940 234 3989 s‘mss.
250 3947 279 3990 et
289 3943 349 3993 edd.
364 3944 448 4008 potul),
463 3943 632 3995 adrumetum
645 3940 710 4002 (our.
725 3941 766 4001 se)
780 3938 989 4001 b‚·Adrumctum
1003 3953 1031 3988 se
1044 3953 1072 3987 u.
1179 3937 1262 3989 tire·

135 4017 204 4082 cepit
217 4033 234 4067 a
248 4023 320 4067 ‘msa
336 4018 370 4083 ³¹,
386 4022 480 4087 recipit
492 4039 518 4071 u.
623 4019 656 4069 ub
671 4019 744 4068 ‘msa
759 4016 903 4078 metueres,
919 4016 1000 4081 o(u).
1106 4018 1139 4068 ll
1152 4016 1264 4066 Acbilli·

135 4095 306 4163 tanos(u)b.
410 4098 691 4151 tchroioamcbc.
795 4094 1151 4160 2lllecumiuequaestocb.

135 4173 235 4224 familia
249 4176 273 4239 b,
290 4174 404 4225 familiae
417 4175 477 4240 (οη
488 4191 516 4226 u.
628 4175 662 4229 28
675 4180 797 4241 praeerat
809 4172 941 4238 prucsidio
953 4188 979 4239 e,
995 4171 1127 4239 praesidio
1139 4176 1263 4238 praeerat

136 4255 151 4303 b
159 4273 168 4318 ,·
182 4270 244 4306 succ
257 4254 389 4323 praesidio
403 4262 523 4321 praecrut
535 4252 595 4304 cdd.
