2692 4688
495 176 817 245 —114—

92 357 240 424 diliculum
255 351 355 415 dicere
370 352 484 433 potuit,
507 370 574 413 oum
589 348 672 413 noba
685 347 763 415 ratio
778 348 984 433 superioribus
999 350 1103 419 uerbis
1119 355 1220 423 deela-

90 470 161 527 rnta
173 466 267 523 esset.
289 449 368 527 illibi
382 450 571 515 scribendum
591 450 711 517 uidetur
735 449 902 517 ‘loriculam
924 472 978 537 per
991 457 1220 539 aggerationem

91 563 155 629 eiua
171 557 320 625 altitudini
335 550 540 620 inaedificari’.
557 551 620 619 Per
633 552 857 638 aggerationem
873 553 950 617 banc
965 554 1088 622 loricam
1103 559 1221 627 inaedi-

91 666 207 731 ficatam
224 680 293 727 ease
308 666 443 735 notatur,
468 655 538 738 quia
552 653 631 719 infra
646 655 678 719 in
692 655 832 740 pontibus
847 654 979 721 uiminea
992 656 1121 725 loricula
1136 682 1219 731 εει-

91 773 287 832 memoratur.
310 756 369 837 Vl,
386 755 442 833 tu,
457 754 479 821 b
493 776 535 821 ex
549 758 680 823 cratibus
695 758 804 843 pinnae
827 758 998 843 loricaeque
1021 763 1102 829 uallo
1117 775 1219 833 attex-

91 878 140 933 tae
154 865 305 929 dicuntur.
327 859 508 944 Aggeratio,
520 879 580 941 quo
594 858 739 924 uocabulo
755 880 827 923 usus
843 871 892 925 eat
904 860 1065 930 Vitruuiuo
1076 862 1124 945 Χ,
1133 865 1221 949 tu,u

92 976 200 1035 ‘naues
214 985 306 1048 supra
320 962 559 1047 aggerationem,
576 983 653 1044 quae
668 963 767 1029 iuerat
780 962 836 1027 sub
851 983 940 1047 aqua,
955 966 1124 1049 aederuut’,
1140 969 1219 1055 apud

91 1070 222 1137 Hirtium
244 1087 281 1131 eo
303 1066 403 1129 miuus
425 1063 578 1129 offendere
599 1063 703 1142 debet,
727 1085 795 1129 curn
815 1084 878 1129 non
900 1087 1012 1151 agger,
1042 1070 1097 1135 aed
1119 1070 1218 1155 ipsun

89 1191 238 1256 aggerare
252 1167 450 1252 significetur.
481 1162 570 1247 Quod
584 1166 767 1248 quorundam
784 1166 944 1231 uerborum
959 1170 1094 1237 ordinem
1109 1194 1218 1241 neuun·

88 1275 158 1339 dnm
180 1272 308 1357 optimos
330 1270 417 1335 codd.
441 1268 574 1345 manui,
596 1268 633 1331 de
647 1268 772 1351 reliquia
787 1268 862 1333 nihil
876 1272 1056 1337 monendum
1076 1275 1216 1349 uideturr

89 1377 118 1440 id
134 1386 239 1440 contra
257 1372 409 1456 uulgarem
424 1371 557 1454 regulam
573 1371 626 1447 lit,
648 1370 726 1452 quod
750 1372 881 1435 ‘iussam
904 1375 1011 1457 pedum
1027 1377 1136 1443 denum
1151 1380 1217 1463 qui-

89 1476 170 1543 num'
186 1476 284 1561 posui.
309 1472 425 1539 Verum
440 1474 542 1537 eodem
560 1475 646 1536 modo
663 1468 755 1537 Caes.
767 1473 796 1537 b.
807 1470 889 1541 Gall.
906 1472 933 1553 1,
949 1475 982 1556 8,
1001 1477 1019 1541 1
1038 1478 1132 1544 ‘milio
1147 1501 1217 1564 paa-

88 1600 174 1646 auum
190 1579 291 1643 decem
307 1575 424 1643 nouen'
440 1574 573 1658 acripait,
590 1585 622 1637 et
636 1571 784 1639 Priscian.
802 1596 831 1660 p.
849 1575 934 1643 1170
947 1577 1074 1645 Putecb.
1090 1578 1216 1649 Liuium

88 1683 264 1765 frequentor
286 1678 401 1743 ‘decem
416 1676 541 1761 septem'
558 1675 672 1741 dixisse
688 1677 798 1757 uadit,
822 1681 899 1763 apud
914 1702 1000 1764 quern
1024 1678 1213 1764 XXXVlll,

88 1781 131 1848 38
146 1782 239 1847 uerba
255 1789 307 1847 ‘nc
322 1781 455 1851 minores
470 1790 610 1845 octonum
625 1779 734 1845 denum
749 1803 896 1846 annorum
918 1803 979 1847 neu
1000 1786 1131 1851 maiores
1146 1788 1214 1871 qui·

88 1908 158 1951 oum
173 1881 404 1968 quadragenum’
419 1882 485 1965 ipsa
499 1902 617 1967 quoque
632 1882 675 1947 illi
690 1884 813 1966 regulae
827 1896 1008 1969 repugnant.
1047 1885 1151 1953 Verba
1168 1896 1217 1955 ‘ut

88 1988 125 2053 ab
141 1986 275 2050 hostibus
292 1983 399 2069 duplici
415 1984 516 2063 ioasa,
544 1983 652 2068 duplici
675 1997 929 2070 propugnatorum
952 1988 1058 2054 ordine
1073 1988 1215 2061 deiende-

88 2089 204 2157 rentur’
219 2089 393 2152 referuntur
408 2086 444 2149 ad
460 2087 616 2170 superiora
633 2086 720 2151 ‘baec
735 2087 871 2171 imperat'
887 2099 975 2166 cett,
1000 2100 1031 2156 et
1044 2102 1145 2157 castra
1161 2094 1215 2165 de-

88 2194 168 2259 lendi
185 2175 334 2258 dicuutur.
373 2184 409 2253 ln
431 2188 619 2271 interpolatis
641 2189 726 2253 codd.
745 2211 799 2274 pro
823 2192 868 2257 bis
883 2190 986 2255 uerbis
1005 2192 1107 2275 inepta
1122 2216 1214 2277 quae-

87 2297 154 2365 dam
170 2296 266 2381 posita
280 2303 364 2373 aunt,
382 2290 544 2375 exquibus
561 2301 592 2355 et
606 2291 783 2375 optimorum
799 2293 886 2359 codd.
903 2293 1054 2378 scriptura
1069 2292 1214 2365 Daniaiua

89 2418 126 2465 aa
141 2397 371 2481 conglutinant,
388 2412 463 2478 quae
478 2392 554 2477 apud
564 2390 808 2479 uuuenuorpiom
823 2395 976 2479 legantur,
993 2396 1029 2461 de
1045 2397 1154 2479 quibus
1168 2398 1214 2465 di·

88 2520 157 2565 cere
173 2499 245 2563 nibil
261 2498 380 2561 attinet.

173 2596 213 2665 C.
231 2598 285 2677 12,
303 2597 321 2663 1
339 2595 567 2681 Oudendorpius
583 2618 625 2661 ex
639 2597 777 2681 pessimis
792 2600 966 2682 quibusdum
982 2600 1069 2668 codd.
1093 2602 1136 2665 ita
1151 2602 1215 2669 edi·

87 2705 147 2771 tio:
166 2700 268 2787 ‘Quod
290 2723 357 2767 oum
378 2699 486 2765 cotidie
509 2700 592 2763 lieret
616 2720 651 2763 ac
667 2701 725 2765 ianr
746 2702 964 2769 consuetudine
986 2702 1141 2787 diligentia
1158 2704 1215 2771 ani·

87 2818 250 2886 nuerctur,
274 2805 352 2890 quod
374 2802 549 2887 plerumque
571 2802 680 2867 accidit
694 2804 909 2883 diuturnitate,
927 2802 1082 2870 Bellouaci
1098 2807 1214 2875 delecta

86 2933 174 2975 aranu
198 2910 326 2994 peditum
348 2905 478 2989 cognitis
500 2904 680 2970 stationibus
704 2905 863 2970 cotidianis
885 2905 1017 2987 equitum
1040 2919 1213 2975 noauorura

84 3013 274 3080 siluestribus
289 3010 364 3075 locis
378 3007 503 3074 iusidias
526 3007 686 3092 disponunt
700 3009 861 3092 eodemque
884 3007 1001 3090 equites
1025 3021 1148 3094 postero
1164 3010 1214 3077 die

86 3117 219 3193 mittunt,
236 3115 285 3198 qui
301 3115 427 3198 prinmm
442 3110 589 3177 elicerent
602 3122 723 3177 nosnos
738 3110 876 3189 insidiis,
902 3111 1008 3175 deinde
1023 3113 1212 3181 circumuen-

86 3228 133 3280 tos
149 3214 410 3300 aggrederentur'.
439 3210 583 3279 ‘Insidiis'
599 3211 829 3297 Oudendorpius
845 3223 927 3277 recte
942 3214 1001 3278 dici
1016 3214 1212 3282 existimabat

85 3339 139 3402 pro
155 3338 203 3395 eo,
222 3317 299 3399 quod
313 3327 403 3381 antea
419 3317 577 3393 edebatur,
596 3317 640 3379 ‘in
654 3315 801 3381 insidias'.
835 3313 970 3380 Debcbat
984 3329 1067 3382 certe
1082 3338 1211 3401 aequen-

85 3421 164 3487 tibus
179 3418 282 3483 uerbis
297 3419 492 3500 coniungere.
516 3414 595 3482 Cum
609 3418 641 3481 in
655 3417 784 3501 integris
800 3418 886 3481 codd.
904 3418 1005 3483 omnia
1020 3440 1038 3483 a
1053 3420 1083 3502 5.
1105 3420 1118 3483 l
1137 3440 1207 3507 sup.

83 3545 150 3605 cap.
168 3521 315 3603 usquead
330 3522 360 3603 ἓ.
378 3520 398 3583 3
414 3520 501 3585 buius
522 3540 588 3602 cap.
605 3519 792 3597 exciderint,
817 3520 989 3604 interpolati
1012 3521 1058 3584 bic
1082 3522 1209 3606 primani

83 3625 291 3689 auctoritatem
319 3622 465 3687 obtineat.
504 3618 540 3685 lu
564 3622 700 3686 omnibus
724 3631 824 3685 autem
854 3623 919 3687 eius
942 3623 1062 3707 generis
1086 3636 1210 3708 praeter

82 3725 213 3811 Scalig,
230 3725 261 3789 iu
276 3746 335 3808 quo
350 3722 489 3791 Oudend.
509 3722 648 3789 ‘insidiis'
664 3725 724 3807 legi
739 3725 800 3803 ait,
817 3726 962 3809 scripturn
979 3736 1027 3789 est
1044 3726 1206 3793 ‘insidiae'.

82 3827 187 3912 luque
208 3827 283 3891 uidit
302 3825 453 3891 Wbittius
482 3826 512 3891 id
535 3826 711 3891 uocabulum
743 3825 902 3892 tollendum
926 3848 1014 3892 esse:
1040 3830 1209 3895 eratenim

82 3931 113 3995 in
123 3930 258 4014 margine
266 3929 441 4012 ascriptunr,
459 3940 501 4003 ut,
517 3930 587 4017 quid
602 3931 657 3995 boc
668 3930 735 3995 loco
744 3930 962 4009 contineretur,
979 3929 1140 3995 indicaret.
1157 3930 1209 3999 Si-

81 4035 193 4098 nriliter
208 4031 383 4098 uocabulum
400 4031 486 4115 paulo
502 4033 642 4111 inferius,
658 4054 686 4097 c.
703 4032 758 4112 at,
776 4030 808 4109 3,
826 4033 856 4095 in
872 4033 991 4117 optimis
1008 4033 1095 4098 codd.
1112 4034 1209 4099 iuter·

83 4137 213 4223 polaturu
230 4147 288 4211 est,
305 4134 354 4199 ubi
371 4155 410 4197 ex
425 4134 612 4217 interpolatis
634 4136 733 4201 editur
758 4143 817 4199 ‘oc
833 4137 908 4218 quod
924 4136 1022 4200 simile
1044 4137 1209 4203 incommo-

81 4243 151 4307 duro
166 4239 318 4307 accideret
332 4235 510 4304 decursione
524 4236 730 4317 barbarorum,
747 4260 783 4303 ac
795 4239 952 4323 superiore
964 4237 1207 4327 aestateTergc·
