<?xml version="1.0" encoding="UTF-8"?>
<!DOCTYPE html PUBLIC "-//W3C//DTD XHTML 1.0 Transitional//EN"
    "http://www.w3.org/TR/xhtml1/DTD/xhtml1-transitional.dtd">
<html xmlns="http://www.w3.org/1999/xhtml" xml:lang="en" lang="en">
 <head>
  <title>
</title>
<meta http-equiv="Content-Type" content="text/html;charset=utf-8" />
  <meta name='ocr-system' content='tesseract 3.04.00' />
  <meta name='ocr-capabilities' content='ocr_page ocr_carea ocr_par ocr_line ocrx_word'/>
</head>
<body>
  <div class='ocr_page' id='page_1' title='image "./civliicaesarisc02hirtgoog_0132.png"; bbox 0 0 2684 4694; ppageno 0'>
   <div class='ocr_carea' id='block_1_1' title="bbox 509 213 831 280">
    <p class='ocr_par' dir='ltr' id='par_1_1' title="bbox 509 213 831 280">
     <span class='ocr_line' id='line_1_1' title="bbox 509 213 831 280; baseline -0.006 -12"><span class='ocrx_word' id='word_1_1' title='bbox 509 213 831 280; x_wconf 66' lang='lat'>...125-</span> 
     </span>
    </p>
   </div>
   <div class='ocr_carea' id='block_1_2' title="bbox 98 386 1229 1196">
    <p class='ocr_par' dir='ltr' id='par_1_2' title="bbox 98 386 1229 1196">
     <span class='ocr_line' id='line_1_2' title="bbox 105 386 1226 475; baseline 0 -16"><span class='ocrx_word' id='word_1_2' title='bbox 105 393 257 460; x_wconf 80' lang='lat' dir='ltr'>dationem</span> <span class='ocrx_word' id='word_1_3' title='bbox 272 388 415 475; x_wconf 85' lang='lat' dir='ltr'>corrupit.</span> <span class='ocrx_word' id='word_1_4' title='bbox 462 386 547 453; x_wconf 84' lang='lat' dir='ltr'>Haeo</span> <span class='ocrx_word' id='word_1_5' title='bbox 565 387 660 475; x_wconf 77' lang='lat' dir='ltr'>igitur</span> <span class='ocrx_word' id='word_1_6' title='bbox 673 387 766 452; x_wconf 88' lang='lat' dir='ltr'>uerba</span> <span class='ocrx_word' id='word_1_7' title='bbox 780 386 823 450; x_wconf 86' lang='lat' dir='ltr'>ita</span> <span class='ocrx_word' id='word_1_8' title='bbox 837 386 949 471; x_wconf 86' lang='lat' dir='ltr'>scripta</span> <span class='ocrx_word' id='word_1_9' title='bbox 963 397 1051 468; x_wconf 88' lang='lat' dir='ltr'>eunt,</span> <span class='ocrx_word' id='word_1_10' title='bbox 1076 393 1162 474; x_wconf 87' lang='lat' dir='ltr'>qnasi</span> <span class='ocrx_word' id='word_1_11' title='bbox 1175 412 1226 459; x_wconf 84' lang='lat' dir='ltr'>su·</span> 
     </span>
     <span class='ocr_line' id='line_1_3' title="bbox 105 486 1224 584; baseline -0.002 -21"><span class='ocrx_word' id='word_1_12' title='bbox 105 495 276 584; x_wconf 85' lang='lat' dir='ltr'>perioribns</span> <span class='ocrx_word' id='word_1_13' title='bbox 290 504 431 558; x_wconf 85' lang='lat' dir='ltr'>accurate</span> <span class='ocrx_word' id='word_1_14' title='bbox 446 491 625 556; x_wconf 85' lang='lat' dir='ltr'>declaratum</span> <span class='ocrx_word' id='word_1_15' title='bbox 642 501 742 568; x_wconf 91' lang='lat' dir='ltr'>esset,</span> <span class='ocrx_word' id='word_1_16' title='bbox 766 489 834 572; x_wconf 89' lang='lat' dir='ltr'>quid</span> <span class='ocrx_word' id='word_1_17' title='bbox 851 486 946 555; x_wconf 86' lang='lat' dir='ltr'>Curio</span> <span class='ocrx_word' id='word_1_18' title='bbox 967 503 1048 556; x_wconf 89' lang='lat' dir='ltr'>esset</span> <span class='ocrx_word' id='word_1_19' title='bbox 1063 495 1224 578; x_wconf 72' lang='lat' dir='ltr'><strong>pollicitus.</strong></span> 
     </span>
     <span class='ocr_line' id='line_1_4' title="bbox 106 590 1228 680; baseline -0.002 -15"><span class='ocrx_word' id='word_1_20' title='bbox 106 599 226 666; x_wconf 81' lang='lat' dir='ltr'>Deinde</span> <span class='ocrx_word' id='word_1_21' title='bbox 240 597 394 680; x_wconf 85' lang='lat' dir='ltr'>sequentis</span> <span class='ocrx_word' id='word_1_22' title='bbox 410 595 514 679; x_wconf 85' lang='lat' dir='ltr'>eapitis</span> <span class='ocrx_word' id='word_1_23' title='bbox 530 594 647 658; x_wconf 91' lang='lat' dir='ltr'>initium</span> <span class='ocrx_word' id='word_1_24' title='bbox 669 591 827 678; x_wconf 80' lang='lat' dir='ltr'>‘Magnum</span> <span class='ocrx_word' id='word_1_25' title='bbox 844 590 900 654; x_wconf 88' lang='lat' dir='ltr'>boc</span> <span class='ocrx_word' id='word_1_26' title='bbox 922 593 1124 659; x_wconf 89' lang='lat' dir='ltr'>testimonium</span> <span class='ocrx_word' id='word_1_27' title='bbox 1140 615 1228 663; x_wconf 85' lang='lat' dir='ltr'>sena·</span> 
     </span>
     <span class='ocr_line' id='line_1_5' title="bbox 105 693 1227 780; baseline -0.003 -12"><span class='ocrx_word' id='word_1_28' title='bbox 105 713 154 767; x_wconf 86' lang='lat' dir='ltr'>tus</span> <span class='ocrx_word' id='word_1_29' title='bbox 176 710 243 766; x_wconf 88' lang='lat' dir='ltr'>erat</span> <span class='ocrx_word' id='word_1_30' title='bbox 264 697 399 764; x_wconf 89' lang='lat' dir='ltr'>uniuersi</span> <span class='ocrx_word' id='word_1_31' title='bbox 428 697 671 780; x_wconf 89' lang='lat' dir='ltr'>conueniensque</span> <span class='ocrx_word' id='word_1_32' title='bbox 694 694 843 777; x_wconf 76' lang='lat' dir='ltr'>superiori</span> <span class='ocrx_word' id='word_1_33' title='bbox 866 693 958 758; x_wconf 91' lang='lat' dir='ltr'>lacto‘</span> <span class='ocrx_word' id='word_1_34' title='bbox 985 705 1056 760; x_wconf 87' lang='lat' dir='ltr'>cett.</span> <span class='ocrx_word' id='word_1_35' title='bbox 1080 698 1153 764; x_wconf 89' lang='lat' dir='ltr'>nihil</span> <span class='ocrx_word' id='word_1_36' title='bbox 1175 700 1227 765; x_wconf 90' lang='lat' dir='ltr'>ba-</span> 
     </span>
     <span class='ocr_line' id='line_1_6' title="bbox 104 793 1226 886; baseline -0.002 -17"><span class='ocrx_word' id='word_1_37' title='bbox 104 805 158 870; x_wconf 90' lang='lat' dir='ltr'>bet</span> <span class='ocrx_word' id='word_1_38' title='bbox 181 804 211 867; x_wconf 96' lang='lat' dir='ltr'>in</span> <span class='ocrx_word' id='word_1_39' title='bbox 233 801 454 886; x_wconf 89' lang='lat' dir='ltr'>superioribus,</span> <span class='ocrx_word' id='word_1_40' title='bbox 478 820 538 882; x_wconf 88' lang='lat' dir='ltr'>qno</span> <span class='ocrx_word' id='word_1_41' title='bbox 558 798 727 875; x_wconf 76' lang='lat' dir='ltr'>referatur,</span> <span class='ocrx_word' id='word_1_42' title='bbox 751 818 819 861; x_wconf 90' lang='lat' dir='ltr'>cum</span> <span class='ocrx_word' id='word_1_43' title='bbox 840 806 977 861; x_wconf 86' lang='lat' dir='ltr'>senatum</span> <span class='ocrx_word' id='word_1_44' title='bbox 993 793 1137 865; x_wconf 84' lang='lat' dir='ltr'>Curionis</span> <span class='ocrx_word' id='word_1_45' title='bbox 1157 823 1226 867; x_wconf 91' lang='lat' dir='ltr'>sen-</span> 
     </span>
     <span class='ocr_line' id='line_1_7' title="bbox 105 896 1228 988; baseline -0.001 -17"><span class='ocrx_word' id='word_1_46' title='bbox 105 906 231 972; x_wconf 87' lang='lat' dir='ltr'>tentiam</span> <span class='ocrx_word' id='word_1_47' title='bbox 246 904 329 988; x_wconf 87' lang='lat' dir='ltr'>sequi</span> <span class='ocrx_word' id='word_1_48' title='bbox 345 903 477 966; x_wconf 89' lang='lat' dir='ltr'>uoluisse</span> <span class='ocrx_word' id='word_1_49' title='bbox 492 901 741 966; x_wconf 85' lang='lat' dir='ltr'>nondeclaratum</span> <span class='ocrx_word' id='word_1_50' title='bbox 757 901 807 963; x_wconf 91' lang='lat' dir='ltr'>sit.</span> <span class='ocrx_word' id='word_1_51' title='bbox 830 896 864 963; x_wconf 92' lang='lat' dir='ltr'>Id</span> <span class='ocrx_word' id='word_1_52' title='bbox 880 909 979 963; x_wconf 88' lang='lat' dir='ltr'>autem</span> <span class='ocrx_word' id='word_1_53' title='bbox 992 899 1034 962; x_wconf 90' lang='lat' dir='ltr'>ita</span> <span class='ocrx_word' id='word_1_54' title='bbox 1050 902 1144 966; x_wconf 87' lang='lat' dir='ltr'>luisse</span> <span class='ocrx_word' id='word_1_55' title='bbox 1159 905 1228 971; x_wconf 89' lang='lat' dir='ltr'>inde</span> 
     </span>
     <span class='ocr_line' id='line_1_8' title="bbox 104 1000 1229 1092; baseline -0.003 -18"><span class='ocrx_word' id='word_1_56' title='bbox 104 1008 339 1092; x_wconf 80' lang='lat' dir='ltr'>intellegendum</span> <span class='ocrx_word' id='word_1_57' title='bbox 355 1018 413 1083; x_wconf 91' lang='lat' dir='ltr'>est,</span> <span class='ocrx_word' id='word_1_58' title='bbox 431 1004 509 1086; x_wconf 87' lang='lat' dir='ltr'>qnod</span> <span class='ocrx_word' id='word_1_59' title='bbox 524 1003 663 1068; x_wconf 87' lang='lat' dir='ltr'>consules</span> <span class='ocrx_word' id='word_1_60' title='bbox 677 1023 742 1068; x_wconf 92' lang='lat' dir='ltr'>rem</span> <span class='ocrx_word' id='word_1_61' title='bbox 757 1000 886 1067; x_wconf 86' lang='lat' dir='ltr'>artificio</span> <span class='ocrx_word' id='word_1_62' title='bbox 902 1012 1015 1065; x_wconf 89' lang='lat' dir='ltr'>tantum</span> <span class='ocrx_word' id='word_1_63' title='bbox 1032 1005 1229 1071; x_wconf 89' lang='lat' dir='ltr'>moderando-</span> 
     </span>
     <span class='ocr_line' id='line_1_9' title="bbox 98 1107 521 1196; baseline -0.017 -19"><span class='ocrx_word' id='word_1_64' title='bbox 98 1120 165 1196; x_wconf 85' lang='lat' dir='ltr'>‘qae</span> <span class='ocrx_word' id='word_1_65' title='bbox 178 1108 357 1175; x_wconf 73' lang='lat' dir='ltr'>discussisse</span> <span class='ocrx_word' id='word_1_66' title='bbox 372 1107 521 1172; x_wconf 89' lang='lat' dir='ltr'>dicuntur.</span> 
     </span>
    </p>
   </div>
   <div class='ocr_carea' id='block_1_3' title="bbox 105 1307 1237 3844">
    <p class='ocr_par' dir='ltr' id='par_1_3' title="bbox 105 1307 1237 3844">
     <span class='ocr_line' id='line_1_10' title="bbox 193 1307 1227 1395; baseline 0.002 -16"><span class='ocrx_word' id='word_1_67' title='bbox 193 1311 271 1380; x_wconf 93' lang='lat' dir='ltr'>Cum</span> <span class='ocrx_word' id='word_1_68' title='bbox 286 1313 356 1378; x_wconf 86' lang='lat' dir='ltr'>linis</span> <span class='ocrx_word' id='word_1_69' title='bbox 371 1312 471 1377; x_wconf 81' lang='lat' dir='ltr'>ostani</span> <span class='ocrx_word' id='word_1_70' title='bbox 487 1311 556 1375; x_wconf 90' lang='lat' dir='ltr'>libri</span> <span class='ocrx_word' id='word_1_71' title='bbox 571 1311 607 1376; x_wconf 91' lang='lat' dir='ltr'>de</span> <span class='ocrx_word' id='word_1_72' title='bbox 622 1311 701 1376; x_wconf 93' lang='lat' dir='ltr'>bello</span> <span class='ocrx_word' id='word_1_73' title='bbox 709 1307 826 1375; x_wconf 88' lang='lat' dir='ltr'>Gallico</span> <span class='ocrx_word' id='word_1_74' title='bbox 835 1309 971 1395; x_wconf 83' lang='lat' dir='ltr'>perierit,</span> <span class='ocrx_word' id='word_1_75' title='bbox 989 1311 1153 1378; x_wconf 71' lang='lat' dir='ltr'>dubitatum</span> <span class='ocrx_word' id='word_1_76' title='bbox 1169 1327 1227 1395; x_wconf 90' lang='lat' dir='ltr'>est,</span> 
     </span>
     <span class='ocr_line' id='line_1_11' title="bbox 107 1414 1229 1498; baseline -0.002 -14"><span class='ocrx_word' id='word_1_77' title='bbox 107 1428 208 1484; x_wconf 84' lang='lat' dir='ltr'>utrum</span> <span class='ocrx_word' id='word_1_78' title='bbox 223 1416 340 1481; x_wconf 77' lang='lat' dir='ltr'>Hirtius</span> <span class='ocrx_word' id='word_1_79' title='bbox 361 1415 564 1480; x_wconf 85' lang='lat' dir='ltr'>narrationem</span> <span class='ocrx_word' id='word_1_80' title='bbox 587 1434 681 1498; x_wconf 85' lang='lat' dir='ltr'>usque</span> <span class='ocrx_word' id='word_1_81' title='bbox 703 1414 809 1490; x_wconf 88' lang='lat' dir='ltr'>adea,</span> <span class='ocrx_word' id='word_1_82' title='bbox 834 1433 911 1496; x_wconf 87' lang='lat' dir='ltr'>quae</span> <span class='ocrx_word' id='word_1_83' title='bbox 934 1414 1020 1477; x_wconf 90' lang='lat' dir='ltr'>bodie</span> <span class='ocrx_word' id='word_1_84' title='bbox 1042 1417 1128 1480; x_wconf 88' lang='lat' dir='ltr'>initio</span> <span class='ocrx_word' id='word_1_85' title='bbox 1149 1440 1229 1482; x_wconf 90' lang='lat' dir='ltr'>com·</span> 
     </span>
     <span class='ocr_line' id='line_1_12' title="bbox 107 1516 1229 1601; baseline 0.001 -16"><span class='ocrx_word' id='word_1_86' title='bbox 107 1521 322 1586; x_wconf 85' lang='lat' dir='ltr'>mentariomsm</span> <span class='ocrx_word' id='word_1_87' title='bbox 336 1518 374 1585; x_wconf 83' lang='lat' dir='ltr'>de</span> <span class='ocrx_word' id='word_1_88' title='bbox 387 1518 465 1583; x_wconf 91' lang='lat' dir='ltr'>bello</span> <span class='ocrx_word' id='word_1_89' title='bbox 473 1516 556 1581; x_wconf 87' lang='lat' dir='ltr'>ciuili</span> <span class='ocrx_word' id='word_1_90' title='bbox 572 1516 725 1601; x_wconf 76' lang='lat' dir='ltr'>leguntur,</span> <span class='ocrx_word' id='word_1_91' title='bbox 742 1516 946 1600; x_wconf 88' lang='lat' dir='ltr'>perduxisset,</span> <span class='ocrx_word' id='word_1_92' title='bbox 963 1538 1001 1579; x_wconf 87' lang='lat' dir='ltr'>an</span> <span class='ocrx_word' id='word_1_93' title='bbox 1017 1519 1107 1582; x_wconf 87' lang='lat' dir='ltr'>etiam</span> <span class='ocrx_word' id='word_1_94' title='bbox 1125 1520 1229 1585; x_wconf 93' lang='lat' dir='ltr'>borum</span> 
     </span>
     <span class='ocr_line' id='line_1_13' title="bbox 106 1616 1229 1706; baseline 0 -19"><span class='ocrx_word' id='word_1_95' title='bbox 106 1624 194 1688; x_wconf 92' lang='lat' dir='ltr'>initio</span> <span class='ocrx_word' id='word_1_96' title='bbox 209 1622 352 1706; x_wconf 89' lang='lat' dir='ltr'>quaedam</span> <span class='ocrx_word' id='word_1_97' title='bbox 374 1620 535 1706; x_wconf 89' lang='lat' dir='ltr'>perissent.</span> <span class='ocrx_word' id='word_1_98' title='bbox 571 1617 671 1701; x_wconf 81' lang='lat' dir='ltr'>Atque</span> <span class='ocrx_word' id='word_1_99' title='bbox 686 1619 743 1683; x_wconf 90' lang='lat' dir='ltr'>boc</span> <span class='ocrx_word' id='word_1_100' title='bbox 758 1617 870 1683; x_wconf 89' lang='lat' dir='ltr'>Vossio</span> <span class='ocrx_word' id='word_1_101' title='bbox 886 1629 917 1683; x_wconf 91' lang='lat' dir='ltr'>et</span> <span class='ocrx_word' id='word_1_102' title='bbox 931 1616 1116 1706; x_wconf 87' lang='lat' dir='ltr'>Clandorpio</span> <span class='ocrx_word' id='word_1_103' title='bbox 1132 1623 1229 1687; x_wconf 89' lang='lat' dir='ltr'>uisum</span> 
     </span>
     <span class='ocr_line' id='line_1_14' title="bbox 106 1716 1230 1808; baseline 0 -18"><span class='ocrx_word' id='word_1_104' title='bbox 106 1736 168 1804; x_wconf 83' lang='lat' dir='ltr'>est,</span> <span class='ocrx_word' id='word_1_105' title='bbox 184 1725 330 1808; x_wconf 80' lang='lat' dir='ltr'>quianon</span> <span class='ocrx_word' id='word_1_106' title='bbox 345 1722 507 1788; x_wconf 86' lang='lat' dir='ltr'>eredebant</span> <span class='ocrx_word' id='word_1_107' title='bbox 515 1716 678 1785; x_wconf 88' lang='lat' dir='ltr'>Caesarem</span> <span class='ocrx_word' id='word_1_108' title='bbox 693 1723 730 1786; x_wconf 87' lang='lat' dir='ltr'>ab</span> <span class='ocrx_word' id='word_1_109' title='bbox 746 1721 792 1785; x_wconf 89' lang='lat' dir='ltr'>bis</span> <span class='ocrx_word' id='word_1_110' title='bbox 807 1721 923 1785; x_wconf 78' lang='lat' dir='ltr'>uerbisa</span> <span class='ocrx_word' id='word_1_111' title='bbox 942 1719 1230 1790; x_wconf 84' lang='lat' dir='ltr'>‘LitterisCaesaris</span> 
     </span>
     <span class='ocr_line' id='line_1_15' title="bbox 107 1823 1231 1909; baseline -0.003 -16"><span class='ocrx_word' id='word_1_112' title='bbox 107 1827 280 1893; x_wconf 84' lang='lat' dir='ltr'>consulibus</span> <span class='ocrx_word' id='word_1_113' title='bbox 295 1825 418 1890; x_wconf 81' lang='lat' dir='ltr'>redditis</span> <span class='ocrx_word' id='word_1_114' title='bbox 433 1843 525 1908; x_wconf 83' lang='lat' dir='ltr'>aegre</span> <span class='ocrx_word' id='word_1_115' title='bbox 539 1823 576 1886; x_wconf 87' lang='lat' dir='ltr'>ab</span> <span class='ocrx_word' id='word_1_116' title='bbox 591 1823 629 1887; x_wconf 90' lang='lat' dir='ltr'>iis</span> <span class='ocrx_word' id='word_1_117' title='bbox 643 1824 834 1909; x_wconf 81' lang='lat' dir='ltr'>impetratum</span> <span class='ocrx_word' id='word_1_118' title='bbox 850 1833 897 1888; x_wconf 88' lang='lat' dir='ltr'>est</span> <span class='ocrx_word' id='word_1_119' title='bbox 911 1844 1026 1888; x_wconf 89' lang='lat' dir='ltr'>summa</span> <span class='ocrx_word' id='word_1_120' title='bbox 1043 1826 1231 1890; x_wconf 88' lang='lat' dir='ltr'>tribunorum</span> 
     </span>
     <span class='ocr_line' id='line_1_16' title="bbox 106 1924 1236 2015; baseline 0 -23"><span class='ocrx_word' id='word_1_121' title='bbox 106 1928 202 2015; x_wconf 90' lang='lat' dir='ltr'>plebis</span> <span class='ocrx_word' id='word_1_122' title='bbox 218 1927 425 2004; x_wconf 77' lang='lat' dir='ltr'>contentione,</span> <span class='ocrx_word' id='word_1_123' title='bbox 441 1936 475 1989; x_wconf 91' lang='lat' dir='ltr'>nt</span> <span class='ocrx_word' id='word_1_124' title='bbox 488 1926 520 1988; x_wconf 92' lang='lat' dir='ltr'>in</span> <span class='ocrx_word' id='word_1_125' title='bbox 535 1934 641 1988; x_wconf 88' lang='lat' dir='ltr'>senatu</span> <span class='ocrx_word' id='word_1_126' title='bbox 657 1925 877 2003; x_wconf 85' lang='lat' dir='ltr'>recitarentur’,</span> <span class='ocrx_word' id='word_1_127' title='bbox 895 1926 932 1989; x_wconf 88' lang='lat' dir='ltr'>ab</span> <span class='ocrx_word' id='word_1_128' title='bbox 948 1925 994 1989; x_wconf 88' lang='lat' dir='ltr'>bis</span> <span class='ocrx_word' id='word_1_129' title='bbox 1009 1926 1102 2010; x_wconf 80' lang='lat' dir='ltr'>igitur</span> <span class='ocrx_word' id='word_1_130' title='bbox 1117 1924 1236 2001; x_wconf 63' lang='lat' dir='ltr'>Caesa.</span> 
     </span>
     <span class='ocr_line' id='line_1_17' title="bbox 105 2020 1232 2110; baseline -0.002 -13"><span class='ocrx_word' id='word_1_131' title='bbox 105 2020 173 2097; x_wconf 83' lang='lat' dir='ltr'>reni</span> <span class='ocrx_word' id='word_1_132' title='bbox 188 2028 304 2092; x_wconf 89' lang='lat' dir='ltr'>initium</span> <span class='ocrx_word' id='word_1_133' title='bbox 320 2029 467 2091; x_wconf 83' lang='lat' dir='ltr'>laetorum</span> <span class='ocrx_word' id='word_1_134' title='bbox 483 2026 589 2102; x_wconf 87' lang='lat' dir='ltr'>luisse,</span> <span class='ocrx_word' id='word_1_135' title='bbox 605 2025 691 2089; x_wconf 85' lang='lat' dir='ltr'>itant</span> <span class='ocrx_word' id='word_1_136' title='bbox 705 2046 813 2109; x_wconf 88' lang='lat' dir='ltr'>neque,</span> <span class='ocrx_word' id='word_1_137' title='bbox 831 2029 1021 2110; x_wconf 88' lang='lat' dir='ltr'>quamobrem</span> <span class='ocrx_word' id='word_1_138' title='bbox 1036 2030 1168 2095; x_wconf 84' lang='lat' dir='ltr'>misisset</span> <span class='ocrx_word' id='word_1_139' title='bbox 1183 2032 1232 2095; x_wconf 91' lang='lat' dir='ltr'>lit·</span> 
     </span>
     <span class='ocr_line' id='line_1_18' title="bbox 107 2125 1231 2213; baseline 0.001 -17"><span class='ocrx_word' id='word_1_140' title='bbox 107 2143 206 2206; x_wconf 87' lang='lat' dir='ltr'>teras‚</span> <span class='ocrx_word' id='word_1_141' title='bbox 223 2149 333 2213; x_wconf 88' lang='lat' dir='ltr'>neque,</span> <span class='ocrx_word' id='word_1_142' title='bbox 350 2148 426 2211; x_wconf 84' lang='lat' dir='ltr'>quas</span> <span class='ocrx_word' id='word_1_143' title='bbox 442 2125 634 2190; x_wconf 82' lang='lat' dir='ltr'>condiciones</span> <span class='ocrx_word' id='word_1_144' title='bbox 648 2127 686 2190; x_wconf 90' lang='lat' dir='ltr'>iis</span> <span class='ocrx_word' id='word_1_145' title='bbox 702 2127 818 2191; x_wconf 91' lang='lat' dir='ltr'>senatui</span> <span class='ocrx_word' id='word_1_146' title='bbox 833 2129 961 2209; x_wconf 84' lang='lat' dir='ltr'>tulisset,</span> <span class='ocrx_word' id='word_1_147' title='bbox 979 2131 1156 2197; x_wconf 83' lang='lat' dir='ltr'>declararet.</span> <span class='ocrx_word' id='word_1_148' title='bbox 1187 2134 1231 2199; x_wconf 82' lang='lat' dir='ltr'>At</span> 
     </span>
     <span class='ocr_line' id='line_1_19' title="bbox 109 2229 1232 2316; baseline 0.002 -18"><span class='ocrx_word' id='word_1_149' title='bbox 109 2231 275 2298; x_wconf 90' lang='lat' dir='ltr'>Caesarem</span> <span class='ocrx_word' id='word_1_150' title='bbox 299 2251 360 2294; x_wconf 93' lang='lat' dir='ltr'>non</span> <span class='ocrx_word' id='word_1_151' title='bbox 382 2240 475 2294; x_wconf 88' lang='lat' dir='ltr'>totam</span> <span class='ocrx_word' id='word_1_152' title='bbox 495 2248 615 2292; x_wconf 85' lang='lat' dir='ltr'>eausam</span> <span class='ocrx_word' id='word_1_153' title='bbox 631 2229 729 2294; x_wconf 86' lang='lat' dir='ltr'>ciuilis</span> <span class='ocrx_word' id='word_1_154' title='bbox 745 2229 942 2294; x_wconf 84' lang='lat' dir='ltr'>dissensionis</span> <span class='ocrx_word' id='word_1_155' title='bbox 958 2234 1134 2316; x_wconf 78' lang='lat' dir='ltr'>exposuisse</span> <span class='ocrx_word' id='word_1_156' title='bbox 1150 2246 1232 2300; x_wconf 84' lang='lat' dir='ltr'>octa·</span> 
     </span>
     <span class='ocr_line' id='line_1_20' title="bbox 111 2329 1232 2417; baseline 0.004 -18"><span class='ocrx_word' id='word_1_157' title='bbox 111 2354 167 2399; x_wconf 88' lang='lat' dir='ltr'>nus</span> <span class='ocrx_word' id='word_1_158' title='bbox 182 2333 276 2398; x_wconf 85' lang='lat' dir='ltr'>Hirtii</span> <span class='ocrx_word' id='word_1_159' title='bbox 291 2331 523 2397; x_wconf 87' lang='lat' dir='ltr'>commentarius</span> <span class='ocrx_word' id='word_1_160' title='bbox 538 2331 575 2395; x_wconf 91' lang='lat' dir='ltr'>de</span> <span class='ocrx_word' id='word_1_161' title='bbox 590 2331 669 2396; x_wconf 88' lang='lat' dir='ltr'>bello</span> <span class='ocrx_word' id='word_1_162' title='bbox 685 2329 802 2396; x_wconf 87' lang='lat' dir='ltr'>Gallico</span> <span class='ocrx_word' id='word_1_163' title='bbox 817 2332 916 2410; x_wconf 90' lang='lat' dir='ltr'>docet,</span> <span class='ocrx_word' id='word_1_164' title='bbox 934 2335 985 2417; x_wconf 91' lang='lat' dir='ltr'>qni</span> <span class='ocrx_word' id='word_1_165' title='bbox 1000 2346 1066 2399; x_wconf 88' lang='lat' dir='ltr'>acta</span> <span class='ocrx_word' id='word_1_166' title='bbox 1080 2337 1112 2401; x_wconf 91' lang='lat' dir='ltr'>in</span> <span class='ocrx_word' id='word_1_167' title='bbox 1127 2338 1183 2402; x_wconf 88' lang='lat' dir='ltr'>hac</span> <span class='ocrx_word' id='word_1_168' title='bbox 1198 2360 1232 2403; x_wconf 90' lang='lat' dir='ltr'>re</span> 
     </span>
     <span class='ocr_line' id='line_1_21' title="bbox 109 2430 1232 2524; baseline 0.004 -22"><span class='ocrx_word' id='word_1_169' title='bbox 109 2432 221 2502; x_wconf 90' lang='lat' dir='ltr'>Seruio</span> <span class='ocrx_word' id='word_1_170' title='bbox 237 2431 392 2520; x_wconf 89' lang='lat' dir='ltr'>Sulpicio,</span> <span class='ocrx_word' id='word_1_171' title='bbox 416 2431 463 2498; x_wconf 84' lang='grc' dir='ltr'>Μ.</span> <span class='ocrx_word' id='word_1_172' title='bbox 482 2430 629 2498; x_wconf 85' lang='lat' dir='ltr'>Marcello</span> <span class='ocrx_word' id='word_1_173' title='bbox 651 2435 824 2499; x_wconf 90' lang='lat' dir='ltr'>oonsulibus</span> <span class='ocrx_word' id='word_1_174' title='bbox 840 2444 871 2498; x_wconf 87' lang='lat' dir='ltr'>et</span> <span class='ocrx_word' id='word_1_175' title='bbox 886 2436 986 2500; x_wconf 91' lang='lat' dir='ltr'>omnia</span> <span class='ocrx_word' id='word_1_176' title='bbox 1002 2438 1064 2502; x_wconf 87' lang='lat' dir='ltr'>lere</span> <span class='ocrx_word' id='word_1_177' title='bbox 1079 2440 1232 2524; x_wconf 87' lang='lat' dir='ltr'>sequentis</span> 
     </span>
     <span class='ocr_line' id='line_1_22' title="bbox 110 2533 1232 2622; baseline 0.007 -19"><span class='ocrx_word' id='word_1_178' title='bbox 110 2539 182 2603; x_wconf 86' lang='lat' dir='ltr'>anni</span> <span class='ocrx_word' id='word_1_179' title='bbox 197 2547 375 2622; x_wconf 87' lang='lat' dir='ltr'>persecutus</span> <span class='ocrx_word' id='word_1_180' title='bbox 397 2547 454 2601; x_wconf 82' lang='lat' dir='ltr'>est.</span> <span class='ocrx_word' id='word_1_181' title='bbox 493 2533 557 2599; x_wconf 90' lang='lat' dir='ltr'>Iam</span> <span class='ocrx_word' id='word_1_182' title='bbox 580 2549 717 2601; x_wconf 84' lang='lat' dir='ltr'>extrema</span> <span class='ocrx_word' id='word_1_183' title='bbox 740 2556 791 2601; x_wconf 82' lang='lat' dir='ltr'>res</span> <span class='ocrx_word' id='word_1_184' title='bbox 814 2538 891 2622; x_wconf 88' lang='lat' dir='ltr'>apud</span> <span class='ocrx_word' id='word_1_185' title='bbox 907 2536 1038 2604; x_wconf 87' lang='lat' dir='ltr'>Hirtium</span> <span class='ocrx_word' id='word_1_186' title='bbox 1055 2563 1082 2606; x_wconf 88' lang='lat' dir='ltr'>c.</span> <span class='ocrx_word' id='word_1_187' title='bbox 1101 2543 1141 2608; x_wconf 80' lang='lat'>55</span> <span class='ocrx_word' id='word_1_188' title='bbox 1157 2546 1232 2611; x_wconf 87' lang='lat' dir='ltr'>baec</span> 
     </span>
     <span class='ocr_line' id='line_1_23' title="bbox 110 2635 1231 2725; baseline 0.005 -22"><span class='ocrx_word' id='word_1_189' title='bbox 110 2648 261 2717; x_wconf 86' lang='lat' dir='ltr'>narratur,</span> <span class='ocrx_word' id='word_1_190' title='bbox 280 2640 354 2704; x_wconf 90' lang='lat' dir='ltr'>duas</span> <span class='ocrx_word' id='word_1_191' title='bbox 369 2640 505 2722; x_wconf 81' lang='lat' dir='ltr'>legiones</span> <span class='ocrx_word' id='word_1_192' title='bbox 519 2657 538 2701; x_wconf 85' lang='lat' dir='ltr'>a</span> <span class='ocrx_word' id='word_1_193' title='bbox 552 2635 686 2704; x_wconf 77' lang='lat' dir='ltr'>Caesare</span> <span class='ocrx_word' id='word_1_194' title='bbox 700 2640 843 2705; x_wconf 90' lang='lat' dir='ltr'>remissas</span> <span class='ocrx_word' id='word_1_195' title='bbox 859 2638 959 2725; x_wconf 88' lang='lat' dir='ltr'>perC.</span> <span class='ocrx_word' id='word_1_196' title='bbox 976 2641 1153 2710; x_wconf 90' lang='lat' dir='ltr'>Marcellum</span> <span class='ocrx_word' id='word_1_197' title='bbox 1170 2641 1231 2710; x_wconf 91' lang='lat' dir='ltr'>Cn.</span> 
     </span>
     <span class='ocr_line' id='line_1_24' title="bbox 108 2738 1234 2826; baseline 0.006 -20"><span class='ocrx_word' id='word_1_198' title='bbox 108 2739 253 2826; x_wconf 85' lang='lat' dir='ltr'>Pompeio</span> <span class='ocrx_word' id='word_1_199' title='bbox 269 2741 394 2807; x_wconf 85' lang='lat' dir='ltr'>traditos</span> <span class='ocrx_word' id='word_1_200' title='bbox 409 2751 498 2824; x_wconf 86' lang='lat' dir='ltr'>atque</span> <span class='ocrx_word' id='word_1_201' title='bbox 512 2742 545 2805; x_wconf 94' lang='lat' dir='ltr'>in</span> <span class='ocrx_word' id='word_1_202' title='bbox 559 2738 647 2806; x_wconf 88' lang='lat' dir='ltr'>Italia</span> <span class='ocrx_word' id='word_1_203' title='bbox 662 2753 798 2806; x_wconf 89' lang='lat' dir='ltr'>retentas</span> <span class='ocrx_word' id='word_1_204' title='bbox 814 2763 894 2806; x_wconf 88' lang='lat' dir='ltr'>esse.</span> <span class='ocrx_word' id='word_1_205' title='bbox 940 2743 1005 2808; x_wconf 91' lang='lat' dir='ltr'>Hoc</span> <span class='ocrx_word' id='word_1_206' title='bbox 1026 2757 1124 2810; x_wconf 90' lang='lat' dir='ltr'>autem</span> <span class='ocrx_word' id='word_1_207' title='bbox 1147 2750 1234 2813; x_wconf 83' lang='lat' dir='ltr'>exitu</span> 
     </span>
     <span class='ocr_line' id='line_1_25' title="bbox 110 2839 1235 2932; baseline 0.004 -23"><span class='ocrx_word' id='word_1_208' title='bbox 110 2844 195 2920; x_wconf 90' lang='lat' dir='ltr'>anni,</span> <span class='ocrx_word' id='word_1_209' title='bbox 212 2863 270 2926; x_wconf 87' lang='lat' dir='ltr'>quo</span> <span class='ocrx_word' id='word_1_210' title='bbox 286 2839 328 2907; x_wconf 86' lang='lat' dir='ltr'>L.</span> <span class='ocrx_word' id='word_1_211' title='bbox 343 2840 480 2920; x_wconf 79' lang='lat' dir='ltr'>Paullus,</span> <span class='ocrx_word' id='word_1_212' title='bbox 498 2839 537 2907; x_wconf 89' lang='lat' dir='ltr'>C.</span> <span class='ocrx_word' id='word_1_213' title='bbox 556 2842 719 2909; x_wconf 85' lang='lat' dir='ltr'>Marcellus</span> <span class='ocrx_word' id='word_1_214' title='bbox 735 2845 874 2909; x_wconf 89' lang='lat' dir='ltr'>consules</span> <span class='ocrx_word' id='word_1_215' title='bbox 889 2845 1030 2923; x_wconf 86' lang='lat' dir='ltr'>luerunt,</span> <span class='ocrx_word' id='word_1_216' title='bbox 1055 2860 1171 2932; x_wconf 81' lang='lat' dir='ltr'>gestum</span> <span class='ocrx_word' id='word_1_217' title='bbox 1186 2860 1235 2914; x_wconf 89' lang='lat' dir='ltr'>est</span> 
     </span>
     <span class='ocr_line' id='line_1_26' title="bbox 109 2943 1232 3032; baseline 0.005 -23"><span class='ocrx_word' id='word_1_218' title='bbox 109 2948 198 3032; x_wconf 85' lang='lat' dir='ltr'>paulo</span> <span class='ocrx_word' id='word_1_219' title='bbox 213 2957 283 3009; x_wconf 89' lang='lat' dir='ltr'>ante</span> <span class='ocrx_word' id='word_1_220' title='bbox 297 2943 367 3010; x_wconf 90' lang='lat' dir='ltr'>Idus</span> <span class='ocrx_word' id='word_1_221' title='bbox 375 2943 558 3010; x_wconf 83' lang='lat' dir='ltr'>Decembres</span> <span class='ocrx_word' id='word_1_222' title='bbox 573 2949 655 3021; x_wconf 85' lang='lat' dir='ltr'>(nam</span> <span class='ocrx_word' id='word_1_223' title='bbox 666 2944 772 3025; x_wconf 88' lang='lat' dir='ltr'>Curio,</span> <span class='ocrx_word' id='word_1_224' title='bbox 791 2967 877 3030; x_wconf 89' lang='lat' dir='ltr'>quem</span> <span class='ocrx_word' id='word_1_225' title='bbox 892 2958 954 3010; x_wconf 91' lang='lat' dir='ltr'>tum</span> <span class='ocrx_word' id='word_1_226' title='bbox 970 2948 1093 3013; x_wconf 79' lang='lat' dir='ltr'>affuisse</span> <span class='ocrx_word' id='word_1_227' title='bbox 1108 2951 1232 3031; x_wconf 86' lang='lat' dir='ltr'>seimus,</span> 
     </span>
     <span class='ocr_line' id='line_1_27' title="bbox 111 3046 1236 3137; baseline 0.004 -24"><span class='ocrx_word' id='word_1_228' title='bbox 111 3058 180 3133; x_wconf 92' lang='lat' dir='ltr'>post</span> <span class='ocrx_word' id='word_1_229' title='bbox 201 3048 289 3132; x_wconf 91' lang='lat' dir='ltr'>paulo</span> <span class='ocrx_word' id='word_1_230' title='bbox 311 3058 433 3130; x_wconf 82' lang='lat' dir='ltr'>peracto</span> <span class='ocrx_word' id='word_1_231' title='bbox 455 3049 610 3112; x_wconf 75' lang='lat' dir='ltr'>tribunatu</span> <span class='ocrx_word' id='word_1_232' title='bbox 625 3048 774 3131; x_wconf 82' lang='lat' dir='ltr'>protectus</span> <span class='ocrx_word' id='word_1_233' title='bbox 796 3060 844 3111; x_wconf 88' lang='lat' dir='ltr'>est</span> <span class='ocrx_word' id='word_1_234' title='bbox 858 3049 894 3112; x_wconf 88' lang='lat' dir='ltr'>ad</span> <span class='ocrx_word' id='word_1_235' title='bbox 910 3046 1111 3130; x_wconf 69' lang='lat' dir='ltr'>Caesarem:</span> <span class='ocrx_word' id='word_1_236' title='bbox 1136 3072 1236 3137; x_wconf 86' lang='lat' dir='ltr'>neque</span> 
     </span>
     <span class='ocr_line' id='line_1_28' title="bbox 111 3147 1232 3236; baseline 0.002 -21"><span class='ocrx_word' id='word_1_237' title='bbox 111 3151 266 3236; x_wconf 80' lang='lat' dir='ltr'>quicquam</span> <span class='ocrx_word' id='word_1_238' title='bbox 282 3149 407 3232; x_wconf 84' lang='lat' dir='ltr'>amplius</span> <span class='ocrx_word' id='word_1_239' title='bbox 423 3150 535 3213; x_wconf 86' lang='lat' dir='ltr'>abillis</span> <span class='ocrx_word' id='word_1_240' title='bbox 551 3147 723 3210; x_wconf 88' lang='lat' dir='ltr'>consulibus</span> <span class='ocrx_word' id='word_1_241' title='bbox 738 3158 837 3212; x_wconf 88' lang='lat' dir='ltr'>actum</span> <span class='ocrx_word' id='word_1_242' title='bbox 852 3161 910 3214; x_wconf 89' lang='lat' dir='ltr'>est.</span> <span class='ocrx_word' id='word_1_243' title='bbox 941 3149 1013 3217; x_wconf 89' lang='lat' dir='ltr'>Vid.</span> <span class='ocrx_word' id='word_1_244' title='bbox 1032 3148 1121 3217; x_wconf 89' lang='lat' dir='ltr'>Cass.</span> <span class='ocrx_word' id='word_1_245' title='bbox 1139 3150 1232 3217; x_wconf 89' lang='lat' dir='ltr'>Dion.</span> 
     </span>
     <span class='ocr_line' id='line_1_29' title="bbox 110 3247 1235 3340; baseline 0.005 -24"><span class='ocrx_word' id='word_1_246' title='bbox 110 3250 195 3329; x_wconf 79' lang='lat' dir='ltr'>XL,</span> <span class='ocrx_word' id='word_1_247' title='bbox 212 3249 256 3315; x_wconf 78' lang='grc'><strong>61</strong></span> <span class='ocrx_word' id='word_1_248' title='bbox 269 3286 313 3300; x_wconf 90' lang='grc'><strong>-</strong></span> <span class='ocrx_word' id='word_1_249' title='bbox 326 3248 379 3314; x_wconf 87' lang='grc'>66.</span> <span class='ocrx_word' id='word_1_250' title='bbox 412 3247 517 3334; x_wconf 87' lang='lat' dir='ltr'>ltaque</span> <span class='ocrx_word' id='word_1_251' title='bbox 531 3251 612 3313; x_wconf 92' lang='lat' dir='ltr'>inter</span> <span class='ocrx_word' id='word_1_252' title='bbox 626 3269 674 3325; x_wconf 85' lang='lat' dir='ltr'>ea,</span> <span class='ocrx_word' id='word_1_253' title='bbox 693 3270 768 3332; x_wconf 84' lang='lat' dir='ltr'>quae</span> <span class='ocrx_word' id='word_1_254' title='bbox 782 3252 858 3335; x_wconf 88' lang='lat' dir='ltr'>apud</span> <span class='ocrx_word' id='word_1_255' title='bbox 870 3253 996 3318; x_wconf 87' lang='lat' dir='ltr'>Hirtium</span> <span class='ocrx_word' id='word_1_256' title='bbox 1013 3266 1186 3340; x_wconf 84' lang='lat' dir='ltr'>supersunt,</span> <span class='ocrx_word' id='word_1_257' title='bbox 1203 3266 1235 3322; x_wconf 87' lang='lat' dir='ltr'>et</span> 
     </span>
     <span class='ocr_line' id='line_1_30' title="bbox 110 3352 1235 3442; baseline 0.004 -24"><span class='ocrx_word' id='word_1_258' title='bbox 110 3354 230 3420; x_wconf 88' lang='lat' dir='ltr'>initium</span> <span class='ocrx_word' id='word_1_259' title='bbox 245 3353 388 3417; x_wconf 90' lang='lat' dir='ltr'>librorum</span> <span class='ocrx_word' id='word_1_260' title='bbox 411 3354 447 3417; x_wconf 94' lang='lat' dir='ltr'>de</span> <span class='ocrx_word' id='word_1_261' title='bbox 469 3354 548 3418; x_wconf 90' lang='lat' dir='ltr'>bello</span> <span class='ocrx_word' id='word_1_262' title='bbox 570 3353 652 3415; x_wconf 91' lang='lat' dir='ltr'>ciuili</span> <span class='ocrx_word' id='word_1_263' title='bbox 674 3352 747 3417; x_wconf 89' lang='lat' dir='ltr'>nibil</span> <span class='ocrx_word' id='word_1_264' title='bbox 762 3353 864 3434; x_wconf 91' lang='lat' dir='ltr'>deest,</span> <span class='ocrx_word' id='word_1_265' title='bbox 889 3378 976 3440; x_wconf 87' lang='lat' dir='ltr'>quam</span> <span class='ocrx_word' id='word_1_266' title='bbox 996 3359 1077 3442; x_wconf 86' lang='lat' dir='ltr'>ipsas</span> <span class='ocrx_word' id='word_1_267' title='bbox 1098 3359 1165 3423; x_wconf 87' lang='lat' dir='ltr'>illas</span> <span class='ocrx_word' id='word_1_268' title='bbox 1186 3358 1235 3422; x_wconf 90' lang='lat' dir='ltr'>lit·</span> 
     </span>
     <span class='ocr_line' id='line_1_31' title="bbox 111 3454 1234 3544; baseline 0.006 -25"><span class='ocrx_word' id='word_1_269' title='bbox 111 3469 215 3534; x_wconf 86' lang='lat' dir='ltr'>teras,</span> <span class='ocrx_word' id='word_1_270' title='bbox 237 3473 313 3538; x_wconf 84' lang='lat' dir='ltr'>quae</span> <span class='ocrx_word' id='word_1_271' title='bbox 329 3454 376 3518; x_wconf 92' lang='lat' dir='ltr'>bic</span> <span class='ocrx_word' id='word_1_272' title='bbox 390 3466 675 3532; x_wconf 84' lang='lat' dir='ltr'>commemorantur,</span> <span class='ocrx_word' id='word_1_273' title='bbox 699 3478 717 3520; x_wconf 88' lang='lat' dir='ltr'>a</span> <span class='ocrx_word' id='word_1_274' title='bbox 733 3454 867 3524; x_wconf 90' lang='lat' dir='ltr'>Caesare</span> <span class='ocrx_word' id='word_1_275' title='bbox 887 3463 993 3526; x_wconf 87' lang='lat' dir='ltr'>missas</span> <span class='ocrx_word' id='word_1_276' title='bbox 1009 3482 1089 3525; x_wconf 85' lang='lat' dir='ltr'>esse.</span> <span class='ocrx_word' id='word_1_277' title='bbox 1137 3457 1234 3544; x_wconf 80' lang='lat' dir='ltr'>Quam</span> 
     </span>
     <span class='ocr_line' id='line_1_32' title="bbox 111 3552 1235 3649; baseline 0.006 -27"><span class='ocrx_word' id='word_1_278' title='bbox 111 3579 176 3622; x_wconf 91' lang='lat' dir='ltr'>rem</span> <span class='ocrx_word' id='word_1_279' title='bbox 193 3556 219 3620; x_wconf 91' lang='lat' dir='ltr'>si</span> <span class='ocrx_word' id='word_1_280' title='bbox 235 3552 392 3620; x_wconf 87' lang='lat' dir='ltr'>aCaesare</span> <span class='ocrx_word' id='word_1_281' title='bbox 407 3561 576 3641; x_wconf 84' lang='lat' dir='ltr'>expositam</span> <span class='ocrx_word' id='word_1_282' title='bbox 584 3579 653 3624; x_wconf 90' lang='lat' dir='ltr'>esse</span> <span class='ocrx_word' id='word_1_283' title='bbox 669 3563 839 3641; x_wconf 89' lang='lat' dir='ltr'>statuimus,</span> <span class='ocrx_word' id='word_1_284' title='bbox 857 3564 930 3627; x_wconf 91' lang='lat' dir='ltr'>nibil</span> <span class='ocrx_word' id='word_1_285' title='bbox 940 3556 1137 3646; x_wconf 81' lang='lat' dir='ltr'>relinquetur,</span> <span class='ocrx_word' id='word_1_286' title='bbox 1155 3564 1235 3649; x_wconf 91' lang='lat' dir='ltr'>quod</span> 
     </span>
     <span class='ocr_line' id='line_1_33' title="bbox 113 3657 1236 3745; baseline 0.007 -22"><span class='ocrx_word' id='word_1_287' title='bbox 113 3659 191 3744; x_wconf 91' lang='lat' dir='ltr'>apud</span> <span class='ocrx_word' id='word_1_288' title='bbox 205 3657 342 3723; x_wconf 87' lang='lat' dir='ltr'>Hirtium</span> <span class='ocrx_word' id='word_1_289' title='bbox 354 3659 452 3742; x_wconf 89' lang='lat' dir='ltr'>perire</span> <span class='ocrx_word' id='word_1_290' title='bbox 467 3663 610 3745; x_wconf 89' lang='lat' dir='ltr'>potuerit.</span> <span class='ocrx_word' id='word_1_291' title='bbox 653 3659 792 3728; x_wconf 87' lang='lat' dir='ltr'>Litterae</span> <span class='ocrx_word' id='word_1_292' title='bbox 807 3676 905 3729; x_wconf 89' lang='lat' dir='ltr'>antem</span> <span class='ocrx_word' id='word_1_293' title='bbox 923 3661 1064 3729; x_wconf 86' lang='lat' dir='ltr'>Caesaris</span> <span class='ocrx_word' id='word_1_294' title='bbox 1080 3665 1110 3728; x_wconf 93' lang='lat' dir='ltr'>in</span> <span class='ocrx_word' id='word_1_295' title='bbox 1127 3678 1236 3733; x_wconf 89' lang='lat' dir='ltr'>senatu</span> 
     </span>
     <span class='ocr_line' id='line_1_34' title="bbox 113 3758 1237 3844; baseline 0.007 -19"><span class='ocrx_word' id='word_1_296' title='bbox 113 3761 244 3826; x_wconf 81' lang='lat' dir='ltr'>traditae</span> <span class='ocrx_word' id='word_1_297' title='bbox 258 3769 331 3823; x_wconf 87' lang='lat' dir='ltr'>sunt</span> <span class='ocrx_word' id='word_1_298' title='bbox 345 3760 418 3844; x_wconf 88' lang='lat' dir='ltr'>ipsis</span> <span class='ocrx_word' id='word_1_299' title='bbox 434 3758 576 3828; x_wconf 89' lang='lat' dir='ltr'>Calendis</span> <span class='ocrx_word' id='word_1_300' title='bbox 592 3762 759 3839; x_wconf 81' lang='lat' dir='ltr'>Ianuariis,</span> <span class='ocrx_word' id='word_1_301' title='bbox 782 3776 817 3829; x_wconf 92' lang='lat' dir='ltr'>ut</span> <span class='ocrx_word' id='word_1_302' title='bbox 831 3763 956 3831; x_wconf 90' lang='lat' dir='ltr'>Cassius</span> <span class='ocrx_word' id='word_1_303' title='bbox 972 3766 1030 3832; x_wconf 87' lang='lat' dir='ltr'>Dio</span> <span class='ocrx_word' id='word_1_304' title='bbox 1052 3770 1144 3832; x_wconf 78' lang='lat' dir='ltr'>refert</span> <span class='ocrx_word' id='word_1_305' title='bbox 1157 3765 1237 3835; x_wconf 84' lang='lat' dir='ltr'>th</span> 
     </span>
    </p>
   </div>
   <div class='ocr_carea' id='block_1_4' title="bbox 111 3861 1236 4262">
    <p class='ocr_par' dir='ltr' id='par_1_4' title="bbox 111 3861 1236 4262">
     <span class='ocr_line' id='line_1_35' title="bbox 111 3861 1236 3959; baseline 0.01 -31"><span class='ocrx_word' id='word_1_306' title='bbox 111 3865 156 3928; x_wconf 88' lang='lat' dir='ltr'>iu.</span> <span class='ocrx_word' id='word_1_307' title='bbox 188 3861 222 3927; x_wconf 90' lang='lat' dir='ltr'>ld</span> <span class='ocrx_word' id='word_1_308' title='bbox 238 3884 313 3926; x_wconf 91' lang='lat' dir='ltr'>nero</span> <span class='ocrx_word' id='word_1_309' title='bbox 328 3861 415 3945; x_wconf 88' lang='lat' dir='ltr'>plane</span> <span class='ocrx_word' id='word_1_310' title='bbox 429 3865 572 3928; x_wconf 89' lang='lat' dir='ltr'>conuenit</span> <span class='ocrx_word' id='word_1_311' title='bbox 586 3862 730 3930; x_wconf 85' lang='lat' dir='ltr'>Caesaris</span> <span class='ocrx_word' id='word_1_312' title='bbox 746 3869 966 3949; x_wconf 86' lang='lat' dir='ltr'>consuetudini,</span> <span class='ocrx_word' id='word_1_313' title='bbox 984 3872 1033 3954; x_wconf 91' lang='lat' dir='ltr'>qui</span> <span class='ocrx_word' id='word_1_314' title='bbox 1049 3873 1236 3959; x_wconf 80' lang='lat' dir='ltr'>singolorum</span> 
     </span>
     <span class='ocr_line' id='line_1_36' title="bbox 112 3965 1236 4058; baseline 0.007 -27"><span class='ocrx_word' id='word_1_315' title='bbox 112 3986 262 4031; x_wconf 86' lang='lat' dir='ltr'>annorum</span> <span class='ocrx_word' id='word_1_316' title='bbox 277 3965 411 4048; x_wconf 78' lang='lat' dir='ltr'>singulos</span> <span class='ocrx_word' id='word_1_317' title='bbox 427 3967 658 4031; x_wconf 84' lang='lat' dir='ltr'>commentarios</span> <span class='ocrx_word' id='word_1_318' title='bbox 673 3989 851 4054; x_wconf 87' lang='lat' dir='ltr'>componere</span> <span class='ocrx_word' id='word_1_319' title='bbox 866 3972 1000 4048; x_wconf 86' lang='lat' dir='ltr'>solebat,</span> <span class='ocrx_word' id='word_1_320' title='bbox 1025 3974 1054 4037; x_wconf 92' lang='lat' dir='ltr'>id</span> <span class='ocrx_word' id='word_1_321' title='bbox 1071 3976 1148 4058; x_wconf 90' lang='lat' dir='ltr'>quod</span> <span class='ocrx_word' id='word_1_322' title='bbox 1163 3974 1236 4039; x_wconf 92' lang='lat' dir='ltr'>Hir·</span> 
     </span>
     <span class='ocr_line' id='line_1_37' title="bbox 115 4065 1236 4154; baseline 0.01 -24"><span class='ocrx_word' id='word_1_323' title='bbox 115 4069 175 4132; x_wconf 85' lang='lat' dir='ltr'>tiua</span> <span class='ocrx_word' id='word_1_324' title='bbox 190 4077 403 4131; x_wconf 86' lang='lat' dir='ltr'>commemorat</span> <span class='ocrx_word' id='word_1_325' title='bbox 419 4065 514 4143; x_wconf 89' lang='lat' dir='ltr'>VHI,</span> <span class='ocrx_word' id='word_1_326' title='bbox 530 4066 590 4144; x_wconf 76' lang='grc'>48,</span> <span class='ocrx_word' id='word_1_327' title='bbox 610 4067 669 4132; x_wconf 79' lang='grc' dir='ltr'>1οε</span> <span class='ocrx_word' id='word_1_328' title='bbox 687 4091 705 4133; x_wconf 90' lang='lat' dir='ltr'>a</span> <span class='ocrx_word' id='word_1_329' title='bbox 722 4092 778 4154; x_wconf 78' lang='lat' dir='ltr'>pua</span> <span class='ocrx_word' id='word_1_330' title='bbox 793 4076 1006 4140; x_wconf 88' lang='lat' dir='ltr'>consuetudine</span> <span class='ocrx_word' id='word_1_331' title='bbox 1021 4077 1113 4141; x_wconf 89' lang='lat' dir='ltr'>semel</span> <span class='ocrx_word' id='word_1_332' title='bbox 1128 4079 1172 4141; x_wconf 90' lang='lat' dir='ltr'>ita</span> <span class='ocrx_word' id='word_1_333' title='bbox 1186 4097 1236 4141; x_wconf 89' lang='lat' dir='ltr'>re·</span> 
     </span>
     <span class='ocr_line' id='line_1_38' title="bbox 114 4169 1236 4262; baseline 0.006 -28"><span class='ocrx_word' id='word_1_334' title='bbox 114 4170 218 4248; x_wconf 88' lang='lat' dir='ltr'>cessit,</span> <span class='ocrx_word' id='word_1_335' title='bbox 237 4179 333 4234; x_wconf 88' lang='lat' dir='ltr'>utres</span> <span class='ocrx_word' id='word_1_336' title='bbox 348 4171 444 4255; x_wconf 90' lang='lat' dir='ltr'>primo</span> <span class='ocrx_word' id='word_1_337' title='bbox 459 4192 539 4234; x_wconf 91' lang='lat' dir='ltr'>auno</span> <span class='ocrx_word' id='word_1_338' title='bbox 555 4169 624 4234; x_wconf 93' lang='lat' dir='ltr'>belli</span> <span class='ocrx_word' id='word_1_339' title='bbox 641 4171 739 4235; x_wconf 93' lang='lat' dir='ltr'>ciuilis</span> <span class='ocrx_word' id='word_1_340' title='bbox 755 4185 855 4256; x_wconf 82' lang='lat' dir='ltr'>gestas</span> <span class='ocrx_word' id='word_1_341' title='bbox 871 4177 908 4239; x_wconf 94' lang='lat' dir='ltr'>ob</span> <span class='ocrx_word' id='word_1_342' title='bbox 924 4179 1038 4262; x_wconf 83' lang='lat' dir='ltr'>copiam</span> <span class='ocrx_word' id='word_1_343' title='bbox 1062 4180 1094 4243; x_wconf 93' lang='lat' dir='ltr'>in</span> <span class='ocrx_word' id='word_1_344' title='bbox 1109 4178 1184 4242; x_wconf 91' lang='lat' dir='ltr'>dnos</span> <span class='ocrx_word' id='word_1_345' title='bbox 1200 4178 1236 4241; x_wconf 93' lang='lat' dir='ltr'>li·</span> 
     </span>
    </p>
   </div>
   <div class='ocr_carea' id='block_1_5' title="bbox 113 4272 1236 4371">
    <p class='ocr_par' dir='ltr' id='par_1_5' title="bbox 113 4272 1236 4371">
     <span class='ocr_line' id='line_1_39' title="bbox 113 4272 1236 4371; baseline 0.005 -35"><span class='ocrx_word' id='word_1_346' title='bbox 113 4272 186 4337; x_wconf 92' lang='lat' dir='ltr'>bros</span> <span class='ocrx_word' id='word_1_347' title='bbox 201 4272 406 4351; x_wconf 88' lang='lat' dir='ltr'>distribueret,</span> <span class='ocrx_word' id='word_1_348' title='bbox 423 4293 550 4360; x_wconf 84' lang='lat' dir='ltr'>quorum</span> <span class='ocrx_word' id='word_1_349' title='bbox 564 4284 664 4339; x_wconf 89' lang='lat' dir='ltr'>tamen</span> <span class='ocrx_word' id='word_1_350' title='bbox 679 4277 758 4340; x_wconf 85' lang='lat' dir='ltr'>alter</span> <span class='ocrx_word' id='word_1_351' title='bbox 764 4276 906 4371; x_wconf 84' lang='lat' dir='ltr'>pleraque</span> <span class='ocrx_word' id='word_1_352' title='bbox 921 4278 958 4342; x_wconf 88' lang='lat' dir='ltr'>ab</span> <span class='ocrx_word' id='word_1_353' title='bbox 973 4279 1040 4343; x_wconf 86' lang='lat' dir='ltr'>aliis</span> <span class='ocrx_word' id='word_1_354' title='bbox 1055 4290 1141 4364; x_wconf 75' lang='lat' dir='ltr'>gesta</span> <span class='ocrx_word' id='word_1_355' title='bbox 1155 4299 1236 4343; x_wconf 91' lang='lat' dir='ltr'>com·</span> 
     </span>
    </p>
   </div>
   <div class='ocr_carea' id='block_1_6' title="bbox 0 0 1356 4694">
    <p class='ocr_par' dir='ltr' id='par_1_6' title="bbox 0 0 1356 4694">
     <span class='ocr_line' id='line_1_40' title="bbox 0 0 1356 4694; baseline 0 0"><span class='ocrx_word' id='word_1_356' title='bbox 0 0 1356 4694; x_wconf 95' lang='lat' dir='ltr'> </span> 
     </span>
    </p>
   </div>
  </div>
 </body>
</html>
