2692 4688
494 208 814 276 —tss—

96 379 307 447 ‘contendere'
325 380 430 442 lalsum
447 391 504 444 este
523 379 701 444 Caesariani
717 383 808 460 enim,
826 404 892 446 cnm
908 397 1025 469 pontem
1038 399 1143 453 contra
1151 389 1225 455 Ale·

96 484 264 547 xandrinos
279 483 502 565 praeuallarcnt
517 482 584 563 (ts,
601 482 634 545 t.
651 481 712 557 20,
730 482 777 565 5),
802 485 834 548 in
845 484 1115 571 ipscponteerant.
1140 488 1224 556 Scri-
1242 470 1256 481 ’

95 586 224 650 bendum
249 596 334 662 crat,
359 595 392 647 nt
414 584 542 648 coniecit
567 582 701 649 lurinius
723 587 755 649 in
771 587 898 650 addend.
924 611 941 672 p
978 588 1051 668 stt,
1080 589 1220 674 Caesar,

94 690 192 772 quoad
214 687 314 771 potuit
335 688 521 750 cohortando
533 706 604 750 suos
618 688 653 750 ad
669 698 789 770 pontem
805 710 841 752 ac
855 691 1038 756 munitiones
1052 696 1220 772 continere,

95 791 198 854 ιιιΙιιιι
216 790 248 852 in
264 789 397 872 periculo
413 799 553 852 uersatus
569 790 637 852 est'.

181 887 220 956 C.
232 891 277 953 22
291 890 406 953 duobus
421 890 496 954 locis
512 893 654 974 quaedam
670 894 823 959 excidisse
838 897 1001 961 notandum
1017 910 1084 963 erat
1098 900 1129 963 in
1145 900 1222 964 hunc

95 996 234 1060 nodum
264 991 343 1056 ‘Hoc
358 993 537 1057 detrimento
553 992 663 1057 milites
678 996 773 1058 nostri
789 1005 904 1060 tanturn
921 1001 1081 1080 afuerunt,
1110 1013 1141 1064 ut
1156 1024 1223 1086 per-

94 1099 301 1170 turbarentur,
325 1105 358 1158 ut
372 1096 489 1159 incensi
504 1105 594 1178 atque
609 1096 726 1160 incitati
741 1118 865 1183 magnas
887 1102 1078 1166 accessiones
1095 1105 1224 1168 iecerint

93 1201 125 1264 in
143 1199 289 1286 operibus
310 1198 439 1261 bostium
463 1199 684 1281 expugnandis,
707 1200 738 1262 iu
755 1202 874 1281 proeliis
886 1203 1064 1279 cotidianis,
1088 1208 1222 1289 quamo-

95 1322 218 1386 anne
234 1303 298 1364 fors
321 1300 491 1377 obtulerat,
517 1301 763 1382 procurrentibus
785 1314 816 1366 et
838 1307 1061 1389 erumpentibus
1085 1308 1220 1371 Alexan-

95 1406 187 1470 drinis
203 1424 325 1468 manum
344 1449 374 1466 ..
389 1448 417 1465 ..
443 1403 661 1485 comprehendi¹
675 1404 797 1467 multum
818 1407 956 1489 operibus
975 1454 1003 1470 ..
1018 1454 1046 1471 ..
1064 1421 1096 1474 et
1111 1411 1220 1475 arden·

95 1508 171 1573 tubus
186 1507 297 1571 studiis
313 1504 450 1582 militnm,
476 1526 530 1568 nee
546 1504 696 1590 diuulgata
713 1502 855 1570 Caesaris
873 1508 1002 1572 hortatio
1017 1511 1158 1595 subsequi
1175 1514 1218 1577 lc·

96 1612 214 1695 giorum
232 1619 285 1672 ant
303 1608 437 1672 laborem
461 1618 512 1670 aut
534 1610 682 1692 pugnandi
706 1620 823 1692 poterut
845 1612 1048 1694 cupiditatem,
1074 1616 1217 1700 cirurgis

94 1711 266 1778 deterrendi
288 1721 319 1775 et
341 1709 545 1773 continendis
569 1710 830 1794 periculosissimis
846 1725 949 1777 essent
963 1715 1215 1795 dimicationibus,

95 1837 179 1900 qna·
201 1813 348 1878 incitandi
371 1813 408 1876 ad
431 1815 640 1898 pugnandum'.
672 1810 758 1896 Quae
780 1826 850 1898 post
870 1817 962 1880 uerba
979 1817 1217 1901 ‘erumpentibus

95 1917 327 1981 Alexandrinis’
348 1914 507 2000 leguntur,
535 1917 741 1999 superioribus
765 1938 825 1979 non
849 1917 1012 1982 cohaerere
1034 1920 1217 1983 intellectum

94 2031 183 2097 crat,
200 2028 234 2081 et
245 2019 351 2082 lacuna
367 2028 437 2082 ante
454 2018 609 2080 ‘manum’
626 2018 801 2100 significata,
843 2015 901 2081 Sed
926 2041 985 2082 non
1007 2021 1102 2107 magis
1122 2022 1214 2085 haece

96 2129 242 2184 ‘manum
264 2120 469 2204 comprehendi
492 2120 614 2182 multum
639 2119 793 2204 operibus‘
821 2119 852 2180 in
875 2118 937 2182 nlla
960 2123 1053 2184 lorma
1077 2123 1218 2208 coniungi

96 2231 271 2306 potnerunt.
310 2219 457 2286 ‘Menum’
489 2232 588 2285 autern
618 2220 823 2304 superioribus
860 2221 1025 2305 adiungere
1060 2224 1149 2301 licet,
1186 2236 1220 2287 ut

98 2326 200 2390 deinde
222 2324 375 2389 excidisse
397 2336 562 2388 statuamus
587 2323 806 2387 ‘conserentes‘
821 2324 869 2388 uel
885 2323 982 2387 simile
1004 2325 1084 2408 quid.
1116 2323 1220 2389 Verba

101 2426 327 2510 ‘comprehendi
355 2429 480 2492 multum
503 2426 660 2511 operibus’
685 2426 828 2511 reliquiae
850 2436 921 2491 suut
951 2428 1117 2493 huiusmodi
1147 2449 1219 2492 sen·

100 2530 225 2607 tentiae,
258 2525 423 2594 Caesarem
453 2530 661 2613 comprehendi
690 2529 812 2592 multum
834 2530 972 2614 operibus
1002 2533 1154 2610 noluisse,
1186 2532 1216 2595 id

99 2633 183 2714 qued,
200 2654 269 2696 cum
285 2632 395 2695 milites
411 2631 634 2696 Alexandrinos
650 2631 770 2695 assidue
792 2643 963 2716 premerent
978 2645 1010 2697 ct
1022 2635 1216 2717 repellerent,

100 2736 269 2799 remano
292 2736 542 2818 consequebatur.
579 2732 724 2798 Proxima
749 2744 797 2797 ‘et
817 2736 989 2799 ardentibus
1012 2736 1119 2798 studiis
1142 2736 1220 2797 mili·

100 2838 164 2899 [αι’
179 2848 320 2901 extrema
334 2839 457 2901 luerunt
479 2835 622 2920 deperditi
644 2835 809 2899 enuntiati:
834 2859 900 2900 nam
923 2859 1020 2920 neque
1042 2857 1109 2899 eum
1131 2857 1220 2919 supr-

98 2938 223 3004 ricribus
238 2941 415 3017 cohaerent,
433 2950 463 3003 et
477 2960 493 3002 ι
510 2938 700 3022 sequentihus
715 2938 816 3001 uerbis
840 2946 908 3003 ‘nec
923 2939 1092 3021 diuulgata'
1110 2959 1218 3001 nouum

100 3043 281 3106 enunhatnm
296 3042 419 3126 incipit,
437 3041 512 3126 quod
528 3040 674 3124 superiori
690 3040 733 3103 illi
750 3041 938 3103 coniunctum
957 3041 1022 3104 luit.

178 3141 220 3209 C.
237 3142 332 3222 25‚2
353 3145 426 3208 baec
446 3142 640 3229 legebantur:
675 3139 796 3224 ‘ltaque
820 3143 969 3226 expeditis
993 3142 1121 3228 nauigiis
1144 3143 1218 3207 locis

100 3245 211 3312 idoneis
234 3248 271 3311 ad
297 3243 451 3329 Canopum
473 3247 505 3309 in
527 3245 657 3309 statione
679 3245 831 3327 dispositis
854 3245 979 3308 nauibus
1000 3244 1219 3309 insidiabantur

100 3352 207 3414 rostris
232 3349 453 3413 commeatibus.
484 3344 571 3429 Quod
594 3346 642 3409 ubi
665 3343 790 3410 Caesari
808 3348 975 3410 nuntiatum
999 3357 1064 3425 est,
1089 3349 1216 3410 classem

100 3449 176 3516 iubet
189 3450 328 3536 expediri
343 3463 431 3534 atque
445 3451 577 3513 instrui’.
610 3448 666 3512 llis
681 3449 783 3513 uerbis
798 3451 922 3514 ridicule
937 3449 1137 3514 Alexandrini
1153 3460 1216 3528 aut,

99 3573 158 3616 ιιι
174 3555 297 3639 nauigia
312 3554 516 3638 expedissent,
536 3573 627 3616 naues
644 3553 826 3636 disposuisse
835 3552 986 3628 dicuntur,
1003 3557 1055 3614 aul
1063 3551 1217 3616 uelocibus

99 3658 223 3741 nauigiis
238 3656 390 3740 dispositis
406 3655 618 3718 commeatibus
635 3656 759 3719 nauibus
779 3655 910 3718 insidiati
934 3674 1019 3730 esse,
1037 3654 1133 3737 quasi,
1151 3676 1217 3717 curn

98 3760 175 3840 prins
190 3759 374 3822 declaratum
392 3768 482 3835 esset,
501 3759 624 3821 alterum
641 3759 766 3821 nauibus
783 3759 892 3820 lactum
910 3777 990 3833 esse,
1015 3757 1150 3838 cuiquam
1167 3755 1219 3818 ob·

98 3880 215 3925 serrum
240 3881 309 3924 esse
324 3861 481 3944 potuisset.
516 3858 551 3923 ln
572 3861 691 3942 optimis
713 3860 797 3923 codd.
818 3880 876 3922 non
899 3859 1010 3942 legitur
1034 3860 1218 3922 ‘commeati-

97 3962 170 4039 bus’,
187 3965 242 4028 sed
261 3964 461 4027 ‘commeatu'.
488 3960 590 4047 ltaque
606 3962 724 4026 llirtins
740 3962 780 4025 ita
796 3963 969 4046 scripserat:
990 3961 1129 4025 ‘nauibus
1144 3961 1219 4024 iusi·

96 4066 253 4130 diabantur
267 4067 378 4128 nostris
393 4076 629 4148 commeatuque.
655 4062 743 4147 Quod
757 4063 817 4128 ubi'
837 4076 909 4128 cett.
934 4063 1051 4129 Deinde
1066 4065 1096 4127 iu
1111 4064 1216 4127 iisdem

95 4171 177 4233 codd.
203 4169 316 4254 legitur
338 4179 445 4231 ‘unam
469 4168 595 4232 classem
618 4167 701 4230 iubet
722 4169 878 4252 expediri'.
909 4166 982 4230 lnde
1005 4167 1090 4231 elisei
1115 4174 1217 4228 ‘suam

96 4272 244 4337 classcm’.
268 4269 360 4335 Prius
371 4271 547 4335 uocabulum
560 4280 642 4334 recte
653 4271 858 4354 praeponitur,
875 4289 941 4332 cum
951 4265 1095 4333 Caesaris
1111 4264 1217 4328 classis

121 4371 213 4428 Crem,
227 4371 265 4416 ed.
280 4370 387 4430 Nipperd.
968 4367 1008 4432 13
