2692 4688
449 199 589 269 CObldl.
606 198 668 269 vn
682 198 946 272 cente-tt.
1246 210 1310 281 ub

128 398 189 443 una
204 373 343 440 omnibus
358 373 390 438 iu
405 375 550 458 partibus.
582 370 733 441 Consistit
746 396 873 461 agmeu3
890 374 1099 462 impedimenta
1112 381 1193 446 intra
1206 381 1251 449 le·

127 481 237 566 gisnes
251 477 451 561 recipiuntur.
482 474 515 542 Si
538 498 596 561 qna
618 479 651 542 in
673 491 759 564 parte
781 480 877 543 nostri
899 480 1037 546 laborare
1060 492 1112 547 aut
1125 484 1285 568 grauinnd

126 582 221 668 premi
237 579 435 658 uidebantur,
460 599 496 643 eo
515 580 604 663 sigua
625 581 732 646 inferri
749 577 866 647 Caeam
880 584 1032 666 aciemque
1047 588 1188 651 constitui
1202 588 1250 657 in·

126 685 234 762 bebat3
252 702 395 768 quaeres
411 692 442 746 et
457 684 559 746 hostes
575 685 612 746 ad
628 683 845 766 insequendum
862 685 998 750 tardabat
1012 698 1044 751 et
1058 699 1181 753 nostros
1194 710 1249 774 spe

91 801 107 850 t
129 786 236 865 auxilii
259 783 466 849 confirmabat.
504 782 637 848 Tandem
654 783 798 850 Germani
818 787 855 850 ab
869 789 978 853 dextro
994 789 1090 854 latere
1104 790 1286 857 sumntum}

127 889 230 973 iugum
244 886 346 951 nancti
361 887 464 951 bootes
478 887 546 951 luco
561 888 728 972 depelluntr
747 889 894 969 fugientes
910 912 1004 974 usque
1014 893 1050 955 ad
1059 893 1179 972 llumeu,
1197 893 1249 965 ubi

130 989 367 1075 Vercingetorix
397 1010 462 1053 cum
492 989 680 1075 pedestribus
710 991 803 1074 copiis
826 994 1023 1072 consederat,
1050 1007 1248 1078 persecuntur

129 1092 347 1177 conpluresque
361 1092 557 1156 interficiunt.
579 1088 689 1172 Quare
704 1093 913 1158 animaduersa
927 1096 1047 1179 reliqui,
1065 1119 1104 1162 ue
1119 1096 1285 1165 circum-li

128 1195 265 1271 irentur,
281 1193 370 1257 ueriti
386 1214 419 1259 se
435 1195 524 1277 fugae
542 1194 695 1258 mandant.
721 1191 867 1260 Omnibus
882 1197 957 1261 locis
973 1198 1006 1261 lit
1020 1201 1139 1264 caedes.
1165 1198 1245 1267 Tros
1259 1200 1282 1266 7

73 1308 106 1362 tc
129 1295 307 1361 nobilissimi
322 1295 436 1361 Haedui
453 1297 531 1379 capti
545 1295 582 1360 ad
600 1292 762 1361 Caesarem
778 1301 1001 1382 perducuntur:
1028 1298 1142 1381 Cotus,
1160 1324 1247 1388 prae-

131 1400 229 1462 lectus
243 1398 393 1481 equitum,
417 1399 468 1483 qui
489 1399 726 1463 controuersiam
748 1422 814 1464 curn
836 1397 1069 1467 Conuictolitaui
1092 1407 1248 1488 proxumis

130 1500 261 1565 comitiis
276 1500 430 1580 babuerat,
448 1512 479 1565 et
494 1497 675 1579 Cauarillus,
693 1501 744 1584 qui
760 1513 826 1587 post
842 1504 1037 1568 delectionem
1049 1503 1179 1571 Litauici
1189 1528 1248 1592 pe-

131 1603 280 1669 destribus
295 1604 389 1688 copiis
403 1605 593 1688 praefuerat,
614 1615 647 1668 et
660 1602 869 1689 Eporedorix,
886 1627 943 1690 quo
959 1607 1034 1671 duee
1049 1618 1119 1673 aute
1134 1610 1247 1674 aduen-
1263 1610 1306 1667 ·.:'.'

130 1716 192 1769 mm
206 1702 350 1771 Cameris
365 1703 483 1769 llaedui
504 1726 570 1769 cum
586 1702 733 1789 Sequanis
755 1706 833 1771 bello
855 1710 1085 1773 contenderant.
1126 1709 1302 1796 Fugatobss

72 1819 106 1871 ts
128 1809 210 1871 omui
224 1808 358 1892 equitatu
371 1807 609 1891 Vercingetorix
624 1809 745 1892 copies,
769 1820 804 1872 ut
821 1829 875 1893 pro
898 1810 1006 1876 castus
1021 1812 1245 1894 conlocauerat,
1278 1820 1283 1831 '

129 1909 252 1975 reduxit
267 1910 458 1995 protinusque
466 1910 612 1988 Alesiam,
629 1912 707 1994 quod
722 1924 768 1975 est
783 1913 918 1996 oppidum
928 1911 1171 1994 Mandubiorum,
1188 1917 1248 1983 iter

127 2013 232 2075 lacere
247 2012 554 2096 eoepiteeletitcrque
570 2013 779 2096 impedimenta
794 2035 836 2077 ex
850 2016 960 2079 castris
983 2014 1065 2080 educi
1081 2029 1113 2081 et
1127 2037 1162 2082 se
1175 2013 1246 2083 sub·

129 2114 217 2197 sequi
231 2114 333 2178 inesit-
373 2110 490 2181 cesar
510 2116 721 2199 inpedimentis
742 2116 773 2179 in
797 2137 975 2200 proxumum
990 2118 1095 2182 collem
1111 2118 1282 2185 deductisl

128 2217 243 2281 duabus
257 2216 425 2302 leqiofflns
440 2218 587 2302 praesidio
603 2218 717 2282 relictis
732 2229 874 2295 secutus,
898 2230 1038 2301 quantum
1056 2221 1114 2283 diei
1129 2231 1246 2303 tempus

69 2328 105 2383 Β)
127 2329 174 2383 est
190 2339 329 2403 passum,
352 2320 474 2384 circiter
495 2320 589 2385 tribus
613 2320 732 2383 milibus
747 2321 876 2383 hostium
893 2341 935 2384 ex
949 2321 1113 2383 nouissimo
1128 2320 1247 2404 agmine

128 2421 296 2485 interiectis
309 2422 406 2486 altero
422 2422 469 2499 die
483 2423 520 2486 ad
532 2422 668 2486 Alesiam
684 2434 782 2488 castra
797 2423 877 2487 iecit.
908 2420 1073 2507 Perspecto
1088 2422 1172 2488 urbis
1186 2420 1282 2489 situi

128 2523 354 2608 perterritisque
367 2524 523 2603 hostibus,
541 2526 616 2607 quod
633 2526 783 2608 equitatu,
801 2547 858 2609 qua
873 2547 1012 2591 maxume
1027 2524 1112 2611 parte
1126 2528 1247 2591 exerci-

127 2624 382 2705 tusconbdebaut,
399 2636 487 2691 erent
500 2627 589 2710 pulsi,
604 2629 779 2692 adhortatus
793 2630 830 2692 ad
847 2628 977 2693 laborem
993 2629 1102 2695 milites
1118 2631 1247 2703 circum,-

127 2722 241 2786 uallare
255 2722 399 2787 instituit.
894 2798 910 2805 ..
1232 2774 1235 2779 .

71 2827 105 2880 25
211 2815 312 2902 lpsum
335 2828 401 2881 erat
422 2819 558 2904 oppidum
574 2748 964 3008 Amne
987 2819 1142 2884 admodum
1165 2820 1244 2882 edito
1259 2820 1304 2890 69

234 2956 248 3008 l
262 2969 314 3006 une
326 2956 443 3007 omnibns
455 2957 480 3008 B
493 2963 519 3010 et
530 2959 641 3024 reliqui,
675 2974 707 3009 na
767 2973 781 3007 e
795 2958 911 3008 omuibus
926 2958 960 3007 bc
972 2955 1137 3022 (istum)de.

127 3032 248 3085 censistit
258 3033 306 3100 (B)
317 3033 408 3097 bodo,
423 3037 542 3087 constitit
555 3034 688 3100 ‘reliqui'.
809 3035 879 3085 intra
892 3049 950 3098 ego,
966 3034 1035 3083 inter
1047 3032 1124 3084 codd.
1139 3033 1170 3083 Ρ.
1188 3034 1246 3087 tet.

234 3112 251 3163 2
265 3110 359 3177 nostri]
372 3112 436 3163 nibil
449 3129 485 3163 m.
495 3129 542 3178 pr.
557 3113 589 3163 B.
696 3111 712 3161 3
726 3111 849 3161 constitui
862 3113 918 3162 AB
931 3111 1003 3173 Cn,
1017 3111 1132 3163 conlerri
1147 3114 1171 3176 b,
1187 3128 1249 3164 oon·

129 3190 255 3241 uertletc.
360 3191 485 3256 lepesC.
590 3189 702 3241 borneti
712 3193 813 3253 puncto
826 3189 1025 3251 notutauBC,
1042 3191 1246 3254 nautiA5neoti

128 3282 156 3319 et.
270 3266 470 3335 l'persecuntur
482 3269 515 3319 Β.
621 3266 852 3332 8(conpluresque
866 3267 899 3326 Β)
912 3265 1051 3332 pluresque
1066 3266 1090 3317 b.
1194 3269 1247 3319 eir·

127 3345 290 3396 euurirentur
300 3345 325 3397 Β
336 3346 357 3397 C
365 3346 391 3397 Β
404 3350 446 3408 et,
460 3348 511 3410 qus*
520 3343 640 3406 circuis„
657 3344 769 3409 ‘relique‘
776 3343 793 3404 ’,·
810 3343 1060 3394 circumuenireutur
1074 3344 1165 3396 bede.

127 3422 160 3475 ld
173 3421 254 3489 corps
265 3422 289 3473 Β
301 3428 329 3473 et
340 3427 379 3473 sic
393 3423 448 3473 ‘utel
459 3422 531 3474 Cutis
544 3437 607 3473 mss.
623 3420 657 3483 7’,
673 3421 764 3472 Cottus
778 3421 802 3471 b.
925 3421 954 3472 ll
970 3421 1172 3474 Conuictolitubi
1185 3425 1209 3475 Β
1221 3430 1250 3476 et

125 3503 169 3551 sic
183 3499 239 3549 ‘ael
249 3498 292 3551 ari
304 3499 349 3550 nel
360 3499 403 3550 aio
417 3502 502 3563 Μ’,
519 3498 728 3549 Conuictoliteue
741 3514 768 3548 u.
894 3501 1025 3564 proxumis
1037 3503 1063 3551 A
1072 3502 1138 3552 OD.

129 3578 347 3633 attinerent.
455 3577 708 3631 leboredorixB.
816 3576 930 3628 libello
944 3593 997 3630 om.
1012 3581 1036 3631 b.
1162 3583 1249 3635 lton-

128 3659 184 3726 pies
196 3659 221 3711 Β
232 3664 261 3709 et
271 3659 383 3724 reliqui,
400 3658 488 3724 copias
501 3672 562 3708 ensa
576 3657 668 3707 bede.
774 3656 959 3706 conlocauerat
972 3657 1004 3708 Β.
1117 3659 1148 3710 lb
1160 3658 1250 3712 Alexi·

127 3739 216 3790 and).
323 3738 355 3790 ll
369 3752 468 3789 exorre.
484 3738 509 3786 b.
599 3734 898 3800 tttinpotimenritlt.
1021 3738 1249 3800 proxumumBD.

237 3816 268 3868 ll
282 3816 382 3867 duabus
395 3816 420 3865 A
427 3815 451 3865 Β
460 3814 538 3866 CDb
553 3815 561 3840 ‘
568 3812 722 3879 ceterique',
738 3813 889 3877 duabusque
901 3828 949 3862 en.
1074 3815 1191 3880 acutus]
1205 3816 1250 3869 bo·

128 3900 193 3945 eum
207 3893 271 3944 odd.
284 3892 380 3944 Abda
396 3891 462 3955 (lite
472 3891 588 3951 bostar).
762 3889 796 3940 2⁰
810 3903 931 3955 passuum
943 3894 1008 3940 ante
1021 3904 1092 3940 corr.
1106 3892 1139 3942 B.

127 3973 158 4027 bl
171 3972 304 4025 Maeniam
317 3973 351 4023 Β.
471 3970 506 4022 tt
520 3968 672 4032 territisque
687 3968 711 4016 b.
847 3981 897 4032 que
910 3966 1090 4032 Varccrnnus,
1106 3986 1155 4036 quo
1167 3971 1247 4023 codd.

236 4051 349 4103 muiune
361 4066 378 4101 n
388 4050 402 4100 b
412 4049 431 4099 d
435 4065 458 4111 e,
474 4048 586 4098 manime
599 4046 703 4111 reliqui
713 4041 847 4109 (maxume
859 4045 905 4108 Β).
1027 4055 1101 4114 purte
1115 4051 1248 4100 exereitus

131 4146 184 4183 om.
203 4131 242 4182 de
261 4134 289 4179 et
300 4144 337 4179 en.
349 4142 395 4194 pr.
409 4128 460 4177 ab.
633 4123 665 4178 23
680 4122 845 4174 conridebant
856 4125 960 4189 aede,
974 4128 1120 4179 confidebat
1131 4129 1247 4195 reliqui,

129 4212 212 4258 etrum
227 4207 252 4257 b.
393 4201 593 4254 circumuallare
606 4201 661 4253 AB
672 4199 694 4250 C
699 4200 725 4250 Β
730 4237 738 4261 ,
753 4199 867 4252 Alesiam
880 4201 1076 4255 circumuallare
1090 4221 1139 4254 aa.

128 4286 163 4345 25
175 4285 263 4336 Alesia
276 4283 302 4334 Β
312 4287 341 4334 et
351 4281 453 4347 reliqui
463 4293 563 4343 omnes,
577 4294 630 4331 nm.
645 4294 658 4329 e
671 4279 744 4332 And.
759 4279 848 4332 Onon.
