2684 4694
510 210 830 279 -121-

107 385 226 451 Hirtius
249 386 294 467 (o.
311 382 368 466 54)
392 394 535 468 quattum
556 384 692 471 legiones
712 385 744 448 in
759 382 886 468 Belgio,
913 384 1036 449 totidem
1050 385 1082 451 in
1098 383 1232 452 Haeduis

106 492 145 555 ad
162 488 349 554 hiemandum
371 488 533 551 oolloeatas
549 488 664 551 soribit.
698 485 817 572 Itaque,
833 499 867 551 ut
881 489 918 551 al
933 509 999 552 enm
1014 490 1122 567 locum,
1140 510 1157 552 a
1172 509 1231 574 quo

108 591 239 676 digressi
259 609 382 669 sumus,
405 601 615 668 reuertamur,
637 601 671 654 ut
684 611 712 653 e.
729 590 772 655 24
788 590 962 654 duodecima
976 591 1054 673 legio
1069 591 1100 655 in
1115 589 1231 656 ltaliam

107 695 201 759 missa
221 713 290 758 esse
310 704 342 757 et
363 714 391 757 o.
409 691 451 757 54
471 693 698 777 quintadecima
719 692 761 756 ibi
777 693 870 756 luisse
884 703 967 756 reete
983 693 1152 771 diseretor,
1170 703 1233 756 sta·

107 797 247 863 tuendum
270 806 353 860 esset
374 797 471 860 melio
495 806 627 880 tempore
650 795 730 859 hane
751 795 783 857 in
797 795 877 859 illius
893 795 990 859 loeum
1012 796 1230 872 missensem,

110 900 200 984 quoi,
216 920 284 962 eom
300 898 383 962 nulla
396 901 462 963 eius
476 898 521 961 rei
537 918 629 962 eausa
645 908 740 974 esset,
756 896 929 962 incredibile
944 908 1002 962 est.
1026 894 1136 981 Neque
1152 906 1235 960 utra·

107 1023 165 1089 qne
180 1001 258 1086 legio
273 1003 304 1065 in
320 1001 461 1065 citeriore
476 998 575 1064 Gallia
598 1020 667 1065 esse
688 999 797 1084 potuit:
816 1021 883 1064 nam
907 1000 934 1064 si
954 1000 985 1063 iu
1008 1001 1117 1063 laetum
1140 1007 1232 1077 osset,

109 1105 195 1171 exito
209 1104 280 1168 noni
295 1104 369 1168 anni
383 1115 498 1189 septem
513 1112 629 1167 tautum
651 1103 787 1188 legiones
807 1104 838 1169 iu
855 1102 998 1168 ulteriore
1013 1101 1170 1187 prouincia
1185 1119 1236 1165 re-

108 1208 198 1273 lietae
213 1216 327 1271 essent.
352 1205 567 1270 lluoleoimam
583 1219 682 1273 autem
697 1209 845 1294 legionem
856 1202 999 1290 Pompeio
1014 1226 1076 1270 nou
1091 1223 1160 1268 esse
1174 1213 1237 1267 tra·

110 1310 202 1374 &tam
224 1309 294 1373 inde
317 1319 432 1373 eertum
455 1321 521 1388 est,
546 1311 625 1394 quod
647 1312 722 1376 haee
742 1311 771 1373 o.
789 1311 848 1374 oin.
865 1307 893 1388 1,
911 1308 964 1386 15,
980 1307 1001 1371 3
1017 1328 1083 1371 enm
1100 1301 1235 1371 Caesare

109 1413 204 1476 fuisse
219 1412 338 1476 elicitur.
376 1409 482 1495 Itaque
496 1434 523 1478 o.
541 1411 634 1493 aaa
656 1435 710 1500 pro
730 1413 905 1479 luoleoima
926 1411 1044 1495 legione
1066 1409 1168 1494 quinta
1184 1408 1236 1471 ele·

110 1514 189 1579 eima
203 1515 339 1599 ponenda
354 1526 413 1579 est.
445 1511 534 1597 Quod
555 1527 655 1580 autem
677 1537 768 1601 supra
790 1515 855 1579 (lixi
880 1510 1076 1578 Ciaooonium
1106 1522 1235 1593 utroque

110 1614 203 1685 Hirtii
228 1617 295 1680 loeo
319 1627 454 1701 quarmm
476 1618 625 1703 legionem
647 1619 719 1703 poni
739 1619 891 1696 uoluisse,
908 1618 986 1681 ilem
1001 1616 1079 1700 apul
1094 1610 1187 1679 Caes.
1203 1613 1234 1676 l).

109 1719 169 1783 eiu.
186 1715 244 1797 111,
260 1717 317 1797 88,
327 1718 358 1796 1,
377 1719 426 1782 ubi
441 1719 478 1783 de
492 1721 558 1784 aeia
572 1742 591 1785 a
604 1718 749 1807 Pompeio
764 1722 801 1786 ad
816 1717 993 1785 Pharsalum
1007 1717 1145 1783 instituta
1161 1717 1235 1780 liaeo

108 1820 270 1906 leguntur:
290 1828 391 1885 ‘erant
411 1824 442 1885 in
465 1823 588 1887 sinistro
610 1845 705 1889 eornu
725 1825 861 1908 legiones
883 1824 959 1888 luae
980 1821 1108 1885 traditae
1123 1841 1142 1883 a
1157 1814 1236 1883 Cae·

108 1944 181 1988 aare
202 1923 289 1986 initio
311 1923 506 1987 dissensionis
529 1944 570 1989 ex
589 1938 712 1991 senatus
729 1927 886 2001 oonsulto‚
911 1946 1037 2010 quarum
1052 1945 1112 1987 una
1127 1922 1233 2008 omma,

107 2025 209 2090 altera
230 2023 321 2087 tertia
342 2023 575 2107 appellabatur',
598 2048 652 2110 pro
673 2029 765 2091 tertia
795 2029 866 2091 item
895 2040 1028 2111 quartam
1056 2047 1075 2090 a
1099 2023 1236 2090 Caesare

109 2125 241 2211 positam
265 2144 334 2188 esso
356 2125 561 2189 existimabat.
599 2124 717 2207 Causa,
741 2150 796 2193 eor
817 2129 861 2193 ita
883 2140 1050 2207 statueret,
1067 2130 1140 2194 liaeo
1156 2136 1233 2207 erat,

109 2228 190 2311 quod
204 2225 349 2292 Lucanus
359 2223 430 2306 Vll,
440 2224 506 2290 219
519 2228 551 2293 in
566 2229 689 2294 sinistro
704 2227 838 2315 Pompeii
853 2251 947 2294 eornu
962 2231 1087 2316 pmmam
1101 2241 1133 2295 et
1146 2248 1235 2313 quar·

109 2340 173 2396 tem
187 2329 335 2414 legionem
351 2330 447 2394 luisse
463 2330 622 2396 seriberet.
661 2328 749 2415 Quod
765 2333 802 2397 atl
818 2331 948 2399 Hirtium
965 2332 1093 2409 attinet,
1116 2351 1177 2394 nou
1191 2330 1238 2395 ni·

110 2432 156 2496 tia
170 2427 352 2497 Ciaoeonins
367 2432 479 2517 legioni
494 2434 615 2517 quintae
631 2436 764 2501 decimae
779 2437 859 2501 aliud
875 2456 984 2500 nomen
999 2458 1017 2500 a
1030 2432 1174 2520 Pompeio
1188 2433 1236 2497 in·

111 2533 205 2599 litum
220 2555 308 2612 esse,
334 2556 373 2599 ne
394 2557 515 2600 suarum
539 2539 688 2623 legionum
704 2540 814 2605 seriem
830 2539 983 2605 turbaret:
1001 2558 1098 2622 neque
1119 2547 1236 2603 tanturn

111 2635 239 2703 Lucano
255 2636 442 2702 tribuendum
458 2649 524 2720 est,
541 2652 576 2706 ut
589 2643 665 2727 apud
682 2637 774 2709 Caes.
792 2643 823 2706 b.
841 2643 901 2707 oio.
918 2639 976 2721 lll,
993 2641 1048 2723 88,
1066 2641 1084 2706 1
1101 2641 1235 2706 solioum

111 2741 290 2826 semptmam
305 2741 489 2806 deseramus.
520 2740 595 2807 Non
610 2747 763 2811 numeraui
780 2757 879 2811 autom
894 2746 925 2808 in
941 2764 1069 2808 recensu
1084 2743 1235 2827 legionum

112 2840 257 2910 Caesams
273 2843 412 2908 eohomes
428 2845 501 2909 duas
516 2856 549 2909 et
562 2847 682 2933 uiginti,
707 2869 781 2932 quas
796 2871 813 2914 a
828 2846 869 2913 L.
885 2844 1020 2913 Caesare
1034 2844 1145 2929 legato,
1168 2864 1236 2906 eum

110 2945 245 3012 Amorui
261 2945 445 3031 prouinciam
460 2946 673 3034 irrumperent,
691 2970 732 3014 ex
745 2952 810 3035 ipsa
825 2950 981 3036 prouincia
997 2948 1034 3010 atl
1049 2965 1153 3009 omnes
1168 2963 1237 3029 aar·

110 3061 158 3114 tes
173 3050 325 3134 oppositas
341 3068 409 3114 esse
424 3047 498 3128 Vll,
514 3050 557 3114 65
572 3053 713 3115 retertur.
751 3051 830 3116 Nam
853 3073 919 3114 oum
943 3044 1086 3113 Caesaris
1106 3047 1238 3110 aluentn

111 3174 201 3217 unam
218 3152 367 3236 leg'onem
382 3152 526 3217 desimam
541 3155 572 3218 in
587 3155 732 3218 ulteriore
748 3149 847 3216 Gallia
862 3152 957 3216 fuisse
977 3158 1114 3228 eoustet‚
1139 3166 1237 3231 neque

30 3274 32 3279 ·
110 3254 212 3340 plures
236 3255 420 3338 oonsoriptas
443 3274 512 3318 esse
531 3254 656 3318 relatum
673 3255 725 3333 sit,
747 3274 834 3338 quam
850 3253 1110 3330 enumerauimus‚
1131 3259 1238 3315 nostra

112 3367 213 3421 autem
229 3357 309 3420 ratio
323 3351 500 3421 aCioerone
514 3358 721 3436 ooollrmetur,
730 3356 798 3421 illas
810 3357 949 3422 cohortes
964 3376 1024 3420 uon
1039 3353 1234 3441 legionarias,

113 3457 169 3522 sed
183 3457 347 3525 auxiliares
363 3463 457 3527 fuisse
472 3462 661 3524 statuendum
676 3470 734 3524 est.

200 3557 240 3627 C·
256 3561 311 3640 27,
328 3564 349 3627 4
369 3565 415 3628 sie
443 3563 584 3628 surrexi:
609 3563 820 3648 ‘equitatuque
843 3572 957 3626 tantum
980 3561 1143 3645 praeualere
1167 3569 1238 3626 ante

112 3683 221 3748 agmen
249 3664 378 3748 imperat
405 3663 565 3749 legionum‘
587 3677 676 3744 cett,
706 3687 773 3729 eum
794 3665 933 3730 ederetur
963 3665 1236 3747 ‘equitatumque’.

113 3760 214 3831 Vnum
231 3767 309 3830 euim
327 3764 404 3827 hunc
420 3765 517 3829 looum
535 3769 625 3845 noui,
642 3769 692 3853 qui
708 3766 864 3851 Maduigio
879 3767 1048 3850 refragetur
1062 3765 1183 3830 obsera.
1201 3766 1239 3830 ael

113 3887 241 3952 greum
265 3865 337 3931 Lat.
355 3888 385 3951 p.
403 3865 446 3932 78
467 3868 631 3952 imperandi
652 3870 745 3935 uerbo
770 3871 845 3955 apud
868 3869 1053 3953 antiquiores
1075 3869 1238 3953 scriptores

113 3972 321 4036 aecusatinum
337 3980 368 4034 et
383 3970 560 4034 inlinitiuuna
583 3972 642 4036 nisi
664 3974 815 4057 passiuum
834 3971 928 4037 subici
950 3970 1083 4056 neganti.
1117 3970 1239 4036 Monuit

112 4073 193 4140 ilem
207 4070 335 4139 Caesari
350 4072 380 4136 b.
398 4069 478 4136 Gall.
497 4070 569 4152 Vll,
587 4071 641 4152 oo,
659 4073 827 4139 3seriliere
841 4076 962 4140 licuisse
987 4074 1153 4158 ‘quinque'
1173 4075 1240 4158 [oo-

114 4175 233 4261 hortes]
250 4177 395 4240 ‘eiusdem
410 4175 538 4261 legionis
559 4177 690 4260 reliquas
711 4177 859 4261 profioisoi
880 4175 1029 4260 imperat’,
1047 4177 1124 4260 qood
1144 4177 1240 4239 lorrua

113 4266 255 4346 influitim
279 4290 363 4346 esset
384 4280 517 4366 passius.
554 4277 693 4347 Eandem
715 4279 863 4347 rationem
886 4279 959 4347 haee
982 4277 1093 4344 habeut
1112 4277 1143 4341 t.
1167 4273 1237 4340 Alr.
