2692 4688
474 190 795 255 -181-

82 365 198 443 landus,
216 365 294 447 quod
309 364 487 447 oppidumet
500 357 662 425 aCaeaare
679 360 859 424 tenebantur
873 370 904 423 et
918 360 954 421 ad
963 378 1118 444 egressum
1133 370 1206 423 erat

82 477 289 550 opportunum.
323 462 425 548 ltaque
445 466 567 549 scripsit
582 462 701 529 Caesar
723 463 778 527 ‘ab
795 484 847 527 ora
863 462 1011 526 maritima
1026 456 1205 543 Oricoqae'‚

82 580 116 631 ut
130 592 158 632 c.
175 568 230 646 11,
249 567 266 630 1
285 573 314 631 ‘a
330 568 405 631 mari
421 566 692 652 Dymbacbioque'.

167 668 258 752 Quod
279 682 416 734 extremo
438 692 465 734 c.
488 670 531 735 79
551 673 582 735 in
605 671 691 733 codd.
714 669 857 753 scriptum
881 679 927 732 est
951 667 1007 729 ‘ad
1029 663 1207 749 Aeginium,-

82 774 159 856 quod
174 783 224 836 est
237 772 384 837 obiectum
400 774 623 857 oppositumque
639 771 830 848 Thessaliae,
854 766 983 834 Caesari
1002 765 1137 831 uenienti
1158 787 1212 831 oc-

84 874 201 953 currit,
218 876 348 959 ineptam
366 875 454 940 babet
469 876 500 938 in
515 874 641 959 simplici
657 875 734 938 situs
748 873 951 937 declaratione
965 872 1091 935 duorum
1101 871 1212 933 uerbo·

82 999 148 1040 rum
171 977 248 1041 idem
270 977 501 1062 significantium
524 977 780 1041 coniunctionem.
815 972 875 1038 tte·
892 975 920 1037 b.
940 971 1022 1037 Gall.
1039 969 1212 1050 1v‚22,t

80 1079 160 1143 idem
175 1078 278 1143 uitium
294 1080 663 1145 senteutiademonstrata
678 1078 870 1144 sustulimus:
895 1078 944 1140 bic
960 1075 1127 1160 ponendutu
1142 1083 1213 1139 erat

84 1181 174 1265 ‘quod
196 1194 244 1245 est
265 1182 402 1266 oppidum
425 1182 592 1266 oppositum
614 1180 815 1247 Thessaliae‘.
846 1177 956 1244 Priore
979 1177 1126 1243 uocabulo
1141 1196 1211 1240 cor-

82 1294 170 1368 rupto
186 1283 291 1367 copula
305 1284 343 1347 ad
360 1284 489 1349 hiantem
505 1285 671 1348 cretionem
688 1284 864 1368 explendam
880 1283 997 1345 adiecta
1012 1290 1071 1345 est.

168 1381 207 1448 C.
224 1383 279 1461 81,
296 1385 466 1469 2grauitor
488 1396 628 1470 corrupta
650 1397 721 1449 sunt
742 1387 815 1450 baec
830 1386 939 1449 uerba:
966 1383 1061 1447 ‘nulla
1074 1380 1210 1449 ‘l'bosaa-

82 1488 140 1551 liae
155 1488 212 1550 luit
225 1487 333 1550 ciuitas
349 1497 468 1569 praeter
482 1484 665 1564 Larisaeos,
690 1488 740 1569 qui
756 1488 873 1572 magnis
889 1486 1075 1552 exercitibus
1091 1481 1211 1570 Scipio·

83 1589 130 1652 nis
145 1589 342 1665 tenebantur,
365 1588 436 1671 quin
452 1584 582 1653 Caesari
605 1599 747 1671 pararent
768 1600 857 1672 atque
877 1590 1024 1674 imperata
1047 1587 1208 1655 tacerent.
1248 1648 1251 1653 .

82 1688 166 1755 Nam
188 1712 265 1755 tanus
289 1700 352 1754 erat
377 1686 528 1774 Scipionis
553 1691 719 1757 exercitus.
752 1687 833 1755 ldem
850 1691 943 1775 igitur
958 1691 1006 1755 bic
1022 1691 1131 1755 lactum
1147 1701 1210 1771 est,

84 1795 162 1876 quod
184 1794 246 1857 bor.
265 1814 373 1857 comm.
388 1789 422 1869 Ι,
451 1790 505 1872 85,
529 1793 549 1857 5
571 1794 603 1857 iu
625 1792 771 1857 classibus
794 1792 968 1876 Hispanieia
990 1793 1137 1859 accidisse
1158 1793 1213 1861 da·

83 1895 249 1959 monstraui
264 1916 294 1978 p.
313 1892 386 1972 145,
405 1907 437 1959 ut
451 1895 655 1978 exaggerandi
671 1895 769 1963 studio
784 1896 914 1979 genuina
937 1896 1028 1960 uerba
1051 1897 1211 1963 libidinose

82 2021 101 2063 a
115 1998 259 2082 magistro
274 2007 539 2063 commutarentur.
565 1994 645 2079 Quid
658 1993 774 2061 Caesar
782 1998 948 2082 scripserit,
966 1998 1081 2063 deliniri
1093 2000 1210 2083 nequit,

84 2123 150 2164 oum
179 2100 306 2184 uestigia
330 2100 470 2183 antiquae
495 2101 663 2184 scripturae
691 2110 812 2163 seruata
841 2120 908 2164 esse
933 2122 1118 2184 nequaquam
1141 2122 1213 2187 pro-

82 2203 179 2269 babile
193 2205 245 2268 sit.

170 2303 207 2371 C.
223 2306 276 2384 81,
294 2307 314 2371 3
329 2311 371 2371 ita
388 2310 502 2373 editura
522 2304 683 2391 ‘Superius
699 2317 799 2372 umen
814 2307 983 2371 institutum
999 2309 1030 2371 in
1044 2309 1210 2392 equitibus,

84 2409 160 2490 quod
176 2410 629 2489 demonstrauimus,seruabat,
646 2420 690 2483 nt,
707 2409 845 2491 quoniam
862 2430 987 2474 numero
1001 2411 1102 2477 multis
1118 2414 1213 2498 parb'·

85 2509 138 2573 bus
155 2520 236 2575 esset
257 2513 394 2592 inferior,
420 2515 627 2578 adolescentes
648 2523 738 2594 atque
759 2512 916 2595 expeditos
939 2534 979 2577 ex
1001 2515 1211 2600 antesignanis

86 2611 197 2676 electos
213 2614 323 2678 milites
339 2616 375 2679 ad
392 2617 597 2701 pernicitatem
606 2615 698 2679 armis
706 2615 785 2679 iuter
794 2616 909 2697 equites
919 2615 1208 2699 proeliariiuberet'.

85 2707 162 2779 Cum
178 2714 252 2780 baec
270 2718 313 2781 ita
328 2718 520 2802 legerentur,
545 2730 629 2783 recte
643 2715 872 2801 Oudendorpius
895 2719 1071 2783 uocabulum
1095 2720 1209 2785 ‘armis’

85 2815 244 2884 tollendum
260 2820 429 2884 iudicabat=
452 2842 548 2904 neque
567 2820 645 2885 enim
670 2819 790 2884 rudibus
811 2832 865 2885 aut
879 2822 981 2886 nescio
997 2822 1103 2903 quibus
1118 2822 1211 2891 nebu

86 2916 249 2985 Caesarem
272 2924 380 2987 milites
404 2924 545 3009 proeliari
567 2923 691 2987 iussisse
714 2922 803 2987 etiam
819 2944 879 2987 non
894 2923 1038 2987 admoniti
1054 2924 1211 3009 intellege-

83 3020 166 3087 bant.
193 3020 306 3091 Verum
322 3028 354 3090 in
368 3024 440 3091 Par.
450 3047 513 3091 sec.
531 3036 563 3089 et
584 3032 654 3089 ‘ses
669 3022 996 3110 codd'Oudendorpii,
1014 3026 1069 3091 boe
1085 3038 1211 3093 ostano

85 3123 231 3206 pluribus,
264 3150 349 3209 quam
375 3131 437 3213 ipse
462 3129 554 3204 uidit,
585 3128 727 3210 scriptum
751 3139 799 3191 ost
822 3127 959 3193 ‘electia'.
1006 3127 1072 3192 Hoc
1091 3130 1211 3197 restitui

86 3227 193 3289 eiectis
213 3228 367 3292 militibus.
398 3230 615 3317 Antesignanis
643 3229 720 3295 enim
740 3229 800 3293 illis
822 3233 937 3295 leuiora
952 3253 1033 3295 arma
1049 3232 1209 3312 dabantur,

85 3348 142 3409 quo
158 3339 261 3393 essent
282 3331 337 3412 ipsi
361 3335 558 3416 perniciores.
587 3335 689 3419 Atque
711 3337 753 3400 ita
774 3336 889 3399 demum
912 3355 993 3398 arma
1009 3347 1153 3401 accurate
1167 3337 1213 3401 di-

84 3442 203 3493 cuntur.
236 3429 381 3498 ‘Milites'
398 3435 469 3499 reici
485 3449 555 3500 ante
571 3439 756 3522 participium
773 3437 911 3501 ‘electis'
928 3448 1084 3519 poteraut,
1103 3437 1163 3503 nisi
1178 3440 1211 3505 io

84 3530 141 3593 boc
156 3531 289 3596 codicum
310 3556 424 3618 genere
447 3539 686 3625 interpolationis
710 3538 839 3623 suspicio
863 3539 1061 3621 praeualeret.
1096 3537 1134 3603 lu
1157 3541 1211 3619 iis.

84 3653 160 3715 quae
176 3635 347 3718 excipiunt:
374 3637 451 3703 ‘His
467 3653 530 3706 erat
546 3641 637 3705 rebus
651 3642 807 3717 effectum,
836 3652 869 3705 ut
884 3642 1000 3724 equites
1015 3643 1096 3707 mille
1119 3644 1212 3709 etiarn

84 3735 283 3818 apertioribus
306 3738 380 3803 locis
403 3753 516 3825 septem
539 3745 652 3808 milium
676 3741 922 3827 Pompeianorum
949 3745 1113 3829 impeturn,
1143 3769 1213 3815 oum

84 3837 206 3901 adesset
221 3861 311 3920 usus,
328 3844 481 3907 sustinere
496 3847 762 3925 auderent'cett,
780 3857 913 3931 apertum
930 3858 977 3912 est
993 3844 1212 3927 Caesarianos,

84 3938 110 4001 si
127 3959 200 4021 opus
222 3955 322 4020 esset,
346 3945 376 4008 id
398 3946 507 4012 iecisse
529 3950 598 4013 dici.
623 3946 656 4013 ld
679 3959 714 4013 nt
732 3949 930 4035 significatur,
958 3958 1018 4014 ‘est
1034 3949 1118 4015 usus'
1141 3953 1215 4036 poni

85 4038 178 4107 solet:
196 4042 285 4122 illud,
303 4047 380 4128 quod
396 4054 705 4138 suprascriptumcst‚
723 4053 1121 4118 descientiaexercitatione
1132 4075 1214 4119 com·

83 4154 187 4226 perata
203 4145 261 4209 dici
272 4151 442 4215 consueuit.
468 4150 544 4217 Cum
561 4167 661 4220 umen
676 4175 750 4219 usus
766 4156 871 4219 uenire
886 4155 973 4219 etiam
983 4155 1019 4219 de
1027 4157 1212 4223 necessitate

83 4245 200 4314 dicatur
213 4248 259 4331 (b.
277 4248 358 4319 Gall.
376 4252 449 4336 Vll,
465 4255 520 4342 80,
539 4256 585 4343 1),
600 4258 655 4323 illa
669 4258 762 4325 uerba
778 4279 837 4323 non
853 4267 968 4323 temere
981 4259 1174 4325 mutauerim.
