2692 4688
484 178 806 256 4198—-

84 379 137 433 aut
158 366 336 433 uernaculae
358 363 486 448 legionis
508 363 594 427 miles
616 372 670 426 aut
690 360 886 425 diuturnitate
901 360 959 422 iam
975 359 1071 422 iactus
1087 356 1210 443 pronio-

83 469 180 547 cialis‚
198 491 256 552 quo
271 469 301 535 in
318 486 442 537 numero
457 477 525 530 erat
538 466 669 530 secunda
685 464 774 548 legio,
793 485 853 526 noo
869 485 936 526 cnm
953 461 1032 525 omni
1055 461 1211 545 prouincia

84 580 281 637 consenserat
296 570 327 633 io
343 569 411 637 odio
427 563 550 634 Cassii'.
575 565 688 635 Verum
704 567 804 650 inepte
820 565 1000 629 uernaculae
1015 563 1144 646 legionis
1154 562 1211 626 mi·

83 675 153 738 lites
173 674 384 739 discernuntur
405 672 441 733 ab
462 670 519 746 iis,
544 671 593 754 qui
616 669 678 733 nati
701 679 789 733 erant
810 668 839 730 io
862 667 1034 750 prouinciae
1058 665 1113 729 lios
1128 666 1210 729 eui·

82 778 164 860 ipsos
181 774 289 843 milites
304 773 335 839 in
352 773 506 855 prouincia
521 773 616 836 luisse
632 782 720 835 natos
739 791 848 833 nomen
870 770 998 853 legionis
1010 769 1209 833 demonstrat.

85 875 282 943 Scribeodum
298 885 365 939 erat
388 883 434 939 ‘nt
449 874 627 938 uernaculae
643 871 770 957 legionis
785 872 893 935 miles’.

171 975 208 1042 C.
220 976 274 1057 nt,
291 976 311 1040 3
327 976 398 1047 mili
413 997 474 1040 non
489 977 686 1059 persuadetur
700 996 774 1039 sana
790 994 859 1038 esse
873 974 946 1038 haec
961 972 1075 1037 uerba:
1094 971 1212 1037 ‘Mlau-

86 1082 158 1153 tinm
174 1079 289 1145 libertis
305 1079 395 1143 tradit
409 1078 655 1157 excruciandam,
671 1077 744 1141 item
753 1074 947 1161 Calpurnium
956 1072 1144 1153 Saluianum,
1160 1074 1213 1159 qui

85 1183 241 1267 prolitetur
252 1181 393 1246 indicium
409 1181 692 1264 coniuratornmque
706 1200 860 1243 numerum
876 1187 977 1262 auget,
993 1198 1079 1256 uere,
1096 1188 1131 1241 ut
1144 1176 1214 1260 qui·

86 1285 152 1359 dura
168 1284 364 1361 existimant,
382 1294 416 1347 nt
430 1283 565 1347 nonnulli
580 1292 764 1366 queruntur,
782 1290 917 1345 coaetus.
942 1279 1054 1344 lisdem
1069 1276 1212 1343 maniati-

85 1388 140 1451 hns
156 1387 280 1451 allectus
295 1383 335 1451 L.
353 1383 509 1468 Mergilio.
542 1383 674 1467 Squillus
697 1385 832 1449 nominat
853 1384 965 1469 plures,
994 1402 1068 1466 quoe
1083 1376 1213 1445 Cassius

84 1488 213 1553 iuterllei
228 1486 332 1553 iubet'.
363 1485 444 1550 Nam
467 1496 499 1550 ot
523 1488 680 1550 ‘allectus'
697 1488 823 1571 positum
841 1487 1037 1550 concedamus
1053 1504 1108 1570 pro
1125 1484 1213 1549 ‘afe-

86 1600 152 1667 ptus
168 1588 237 1666 est',
254 1587 332 1673 qnod
347 1588 395 1651 tte
409 1589 564 1653 admodum
580 1589 652 1652 dure
668 1591 769 1665 lieret,
792 1589 957 1667 tameniis,
981 1608 1058 1671 qnae
1074 1587 1114 1651 do¹
1126 1584 1213 1653 ller-

86 1690 198 1775 giliono
220 1692 413 1769 reseruntur,
443 1690 519 1754 ciale
548 1691 745 1773 sequentiae
772 1691 978 1775 superioribus
1001 1691 1210 1772 diiunguntur,

85 1815 151 1859 uum
175 1803 302 1875 unaque
322 1793 354 1857 in
377 1792 480 1856 eadem
503 1813 536 1855 re
552 1803 721 1856 uersentur.
753 1792 796 1857 Et
810 1794 917 1857 miram
934 1804 980 1857 est
993 1790 1212 1876 Mergilionen

85 1895 265 1981 neumatibus
288 1894 424 1959 affectum
447 1905 498 1957 aot
522 1895 618 1958 nullos
640 1895 812 1960 nominasse
834 1907 886 1959 aot
908 1897 962 1959 hoe
978 1916 1038 1958 noo
1054 1896 1091 1960 ab
1109 1893 1211 1960 llirtio

82 2018 152 2065 'esse
167 1997 306 2061 relatum.
331 1994 456 2061 Viderat
471 1992 745 2072 haecCiaecouios‚
767 1999 833 2076 sed,
858 2010 892 2062 nt
906 2009 972 2063 erat
986 1999 1165 2062 temerarios
1178 1998 1211 2063 iu

85 2100 293 2177 coniectando,
314 2099 434 2165 ‘allecti'
451 2098 605 2175 efficiebat,
623 2100 702 2164 inter
716 2097 927 2186 Mergilionem
947 2111 978 2163 et
994 2095 1143 2186 Squillnm
1159 2120 1212 2167 en·

84 2203 184 2287 pulum
205 2201 377 2277 inserebat,
401 2201 529 2287 deniqne
555 2203 742 2267 ‘nominant'
758 2203 918 2266 scribebat.
952 2200 1017 2264 Aut
1031 2213 1103 2266 anm
1118 2200 1212 2268 nerlu

86 2302 233 2388 ‘Squillus
248 2304 383 2367 nominat
399 2303 507 2387 plures⁹
525 2305 668 2385 quaedam
684 2305 876 2383 exciderunt,
893 2315 942 2369 aot
953 2302 1086 2387 Squillus
1097 2303 1212 2371 eicien-

84 2409 143 2480 (itta
155 2419 222 2483 est,
247 2426 336 2488 qoem
350 2427 378 2467 e.
396 2404 454 2481 52,
476 2403 498 2469 d
519 2406 619 2469 stati·
638 2417 705 2490 post
725 2404 935 2490 Mergilionem
961 2407 1144 2470 nominatum
1161 2407 1210 2473 ltie

84 2508 257 2579 desiderare
272 2516 390 2589 poterat
403 2506 558 2591 magister,
580 2511 755 2591 praesertim
773 2531 838 2572 eom
854 2510 889 2572 ad
905 2509 1053 2573 iuuentem
1068 2505 1210 2575 Cassium

82 2608 250 2681 inuolusset
265 2628 392 2690 eumque
408 2607 523 2672 leuibus
539 2609 634 2694 plagis
649 2612 828 2675 sauciasset.

168 2707 420 2781 initiamentis
442 2711 561 2775 editur:
588 2709 732 2776 ‘luterim
756 2712 794 2776 L.
812 2710 927 2791 tirius,
953 2713 1001 2796 qui
1023 2735 1061 2778 eo
1074 2725 1211 2799 tempore

85 2811 223 2885 tribunos
237 2812 359 2877 utilitum
375 2814 408 2878 in
423 2814 541 2896 legione
556 2816 718 2879 uernacula
735 2817 851 2892 luerat,
877 2814 994 2880 nuntiat
1016 2819 1093 2881 lama
1114 2818 1211 2904 legio·

83 2937 151 2978 nem
167 2912 278 2994 XXX,
296 2935 384 2999 quarn
399 2912 439 2998 Q.
458 2911 586 2981 Cassios
601 2917 717 3004 legatos
733 2919 820 2982 simol
836 2919 972 2995 ducebat,
990 2941 1059 2983 enni
1074 2919 1111 2982 ad
1126 2920 1211 3006 oppi-
1265 2976 1267 2981 .

85 3017 152 3089 dum
168 3015 294 3102 ‚Leptim
310 3030 410 3083 eastra
424 3018 566 3098 labent,
590 3021 737 3084 seditione
761 3022 839 3084 laeta
854 3022 1079 3086 centurionibus
1093 3022 1211 3107 aliquot

82 3121 204 3196 accisis,
221 3123 270 3203 qui
286 3123 374 3207 signa
387 3122 453 3186 tolli
467 3143 528 3185 non
544 3123 741 3206 patiebantur,
760 3124 936 3187 discessisse
951 3124 1034 3187 etad
1048 3125 1210 3199 mando·

84 3221 231 3304 legionem
249 3223 456 3298 contendisse,
480 3245 556 3306 quae
569 3224 605 3288 ad
622 3226 729 3287 lretom
745 3224 805 3288 alio
821 3226 1127 3289 itineredocebator'.
1145 3224 1209 3293 Vo-

81 3340 149 3395 rum
165 3324 235 3405 qnid
250 3324 322 3388 illud
340 3324 451 3389 ‘simol’
467 3325 523 3389 siti
533 3326 634 3404 uellet,
651 3327 1093 3410 nequeexplieauitqnisquam,
1112 3348 1210 3411 neqw

85 3426 231 3517 explicari
253 3435 363 3509 potest.
395 3424 477 3491 Vere
498 3429 619 3512 egregia
641 3440 688 3492 est
710 3450 807 3511 nequo
821 3430 923 3513 digna,
940 3449 1017 3511 qaae
1032 3427 1209 3495 Oberliun·

84 3536 198 3595 notum
222 3547 396 3611 praeconem
419 3528 588 3605 inueniret,
615 3530 780 3593 emendatio
802 3528 906 3594 lucinii
930 3532 969 3594 ita
994 3533 1066 3596 haee
1088 3534 1209 3597 oeulos»

82 3629 210 3697 mentm:
237 3629 374 3693 ‘nuntiat
396 3652 460 3696 eam
483 3632 634 3716 elegione
649 3629 765 3707 XXX,
790 3654 876 3716 qoam
893 3632 930 3717 Q.
948 3631 1075 3699 Cassios
1091 3635 1210 3719 legatos

83 3729 172 3801 timul
187 3730 326 3809 docebat,
344 3768 384 3783 -
401 3734 597 3799 discessisse'.
624 3732 707 3797 ilaec
723 3735 791 3800 iude
807 3739 1032 3815 confirmantur,
1050 3739 1130 3820 qood
1143 3732 1209 3822 §.8

83 3833 236 3903 uernacnli
259 3855 294 3898 re
309 3856 383 3898 uera
397 3837 433 3899 ad
456 3837 620 3901 secundam
635 3837 781 3922 legionem
798 3842 970 3923 peruenisse
986 3841 1137 3919 dicuntur,
1155 3840 1209 3905 tri·

82 3934 225 4027 cesimani
240 3949 339 4001 autem
355 3939 392 4002 ad
403 3940 612 4023 imperatorem
628 3961 716 4002 snam
731 3937 922 4006 Carmonem.
955 3941 1073 4007 Deinde
1094 3944 1138 4007 ita
1158 3943 1210 4007 de·

82 4058 161 4106 ntum
177 4050 311 4122 apparet,
329 4041 519 4122 qoamolirem
535 4043 608 4104 haee
624 4064 642 4105 a
658 4044 777 4107 tribano
793 4045 918 4130 legionis
936 4044 1116 4108 oeroaculae
1132 4066 1210 4110 ιιιιιι-

84 4141 156 4204 tiata
172 4141 244 4204 siut.
269 4138 412 4225 DeLepti
422 4142 493 4205 milu
502 4164 563 4206 ooo
571 4146 664 4228 magis
675 4166 760 4228 quam
770 4148 837 4211 aliis
851 4149 1007 4236 quiequam
1024 4158 1210 4230 compertum

83 4252 139 4307 est.
176 4238 265 4322 Quot
280 4255 378 4310 autem
395 4245 527 4308 eiusdem
544 4248 673 4310 nominis
689 4248 760 4311 orbs
776 4250 806 4311 in
824 4249 929 4313 Africa
946 4249 1017 4325 luit,
1042 4260 1125 4314 recte
1148 4270 1209 4314 oon
