2692 4688
540 182 861 249 -130-

138 375 259 441 essent,
284 361 422 426 similitor
443 357 596 442 sequentis
610 357 681 422 anni
697 365 850 439 praetores
873 363 905 419 et
917 352 961 417 ita
975 351 1137 437 deinceps,
1161 354 1260 421 lones

138 487 247 531 nouem
262 474 417 549 praetores
431 460 548 526 inuenti
564 468 678 536 essent,
695 458 745 541 qui
760 459 792 522 in
807 455 978 543 prouincias
993 456 1120 540 profesti
1134 479 1196 523 nou
1211 479 1262 546 as·

138 580 216 633 sont.
240 565 322 632 Idem
337 568 394 632 hoo
408 587 499 645 anno,
516 565 553 627 de
568 583 626 646 qno
636 559 752 627 Caesar
766 560 882 639 aoribit,
900 557 990 624 etiam
1004 558 1038 623 iu
1049 560 1262 631 consularibu

137 670 300 756 proninoiis
319 671 429 734 laetum
445 678 504 732 est.
537 662 631 731 Certo
645 661 686 727 1..
696 661 1053 740 DomitioAbenobarbo,
1069 661 1119 725 oui
1130 662 1263 731 ulterior

139 771 236 840 Gellia
253 772 355 837 euenit
370 772 426 849 (oi.
444 767 510 834 cio.
528 765 616 831 Fam.
633 763 731 844 XVI,
750 765 809 844 12,
834 762 896 850 3),
919 786 986 829 oum
1001 787 1082 831 anno
1096 762 1139 831 54
1154 767 1263 833 ooosot

138 878 255 955 luisset,
272 895 370 939 annus
385 872 428 937 49
444 872 593 957 legitimus
610 880 677 935 erat
692 867 865 953 prouinciae
880 867 1073 933 obtinendae.
1106 864 1185 935 Eius
1197 869 1264 939 eol·

138 979 204 1062 lega
220 977 336 1062 Appius
356 996 399 1038 ex
413 974 570 1038 consulatu
585 968 725 1038 Ciliciam
741 969 924 1056 prouinciam
942 969 1105 1048 babuerat,
1129 970 1161 1039 id
1182 972 1263 1054 qnod

139 1102 180 1145 ex
195 1074 354 1143 Ciceronis
369 1077 503 1161 epistolis
520 1087 622 1140 notum
639 1085 704 1139 est:
722 1073 748 1139 is
764 1073 844 1137 enim
860 1073 887 1136 ai
903 1071 1062 1137 snoeeasit.
1104 1068 1210 1155 ltaque
1222 1074 1264 1141 ad

138 1182 326 1266 sequentium
342 1201 490 1245 annorum
506 1180 646 1243 eonsules
661 1175 900 1241 descendendum
916 1185 991 1239 erat.
1035 1172 1174 1243 Proximi
1189 1177 1263 1243 anai

138 1286 292 1350 oonsulurn
309 1280 455 1347 Messalla
469 1302 548 1346 anao
564 1280 602 1347 51
619 1282 686 1364 lege
701 1277 822 1344 Licinia
840 1277 969 1342 ambitus
985 1278 1199 1343 condemnatus
1213 1288 1264 1347 ast

138 1382 241 1467 (Cael.
259 1383 346 1448 Fam.
364 1380 460 1458 vult,
477 1384 517 1463 2,
537 1383 567 1446 1.
583 1381 622 1457 4,
641 1381 686 1464 1).
718 1377 766 1444 De
781 1377 913 1443 Domitio
928 1376 1078 1463 Caluino,
1101 1401 1156 1447 eur
1175 1402 1264 1467 prae·

140 1487 247 1552 teritus
262 1485 315 1562 sit,
332 1506 452 1549 oausam
463 1486 585 1562 neseio,
602 1485 654 1549 set
671 1482 824 1568 probabile
837 1492 884 1546 est
899 1493 967 1567 post
981 1481 1168 1547 consulatum
1182 1484 1263 1551 ite·

139 1588 187 1666 ei,
214 1588 292 1670 quod
307 1583 489 1663 Messallae,
512 1587 676 1651 accidisse:
695 1585 726 1649 in
742 1583 843 1648 eadem
861 1583 947 1666 oulpa
961 1583 1056 1650 luisse
1071 1596 1186 1651 eertum
1201 1597 1262 1653 est.

139 1689 206 1755 lloe
220 1690 246 1754 si
263 1709 368 1753 uerum
382 1700 442 1768 est,
459 1711 539 1756 anno
555 1688 597 1754 48
613 1709 678 1753 oum
695 1686 818 1769 reliquis
833 1685 974 1751 exulibus
989 1709 1008 1752 a
1023 1683 1158 1753 Caesare
1173 1688 1264 1755 resti·

140 1804 222 1859 tutus
238 1793 332 1859 uideri
348 1791 453 1871 debet,
480 1791 564 1855 ouius
586 1790 665 1855 bello
688 1788 769 1854 oiuili
792 1789 909 1872 legatus
926 1789 991 1853 luit.
1024 1788 1105 1879 Nam
1120 1786 1182 1855 Cu.
1196 1788 1264 1859 llo·

141 1898 254 1976 mitius,
272 1897 441 1980 praefectus
457 1893 587 1977 equitum
603 1887 759 1968 Curionis,
775 1892 827 1974 qui
842 1890 871 1953 b.
890 1890 948 1955 oio.
967 1888 1011 1971 ll,
1027 1892 1068 1956 tu
1084 1913 1264 1959 comme-n·

140 2012 237 2078 ratur,
255 2020 314 2063 noo
330 1998 387 2061 fuit
400 1998 498 2071 itlem,
514 2008 549 2059 ut
562 1994 758 2059 Drumannus
774 1992 900 2080 putauit.
945 1991 1164 2061 praetenturae
1181 1997 1263 2065 enin

139 2103 271 2185 equitum
287 2123 346 2165 non
362 2122 380 2163 a
395 2098 614 2176 consularibus,
631 2098 685 2162 sed
699 2098 736 2161 ab
752 2097 902 2180 equitibus
910 2094 1056 2161 Romanis
1071 2098 1265 2165 administra·

140 2205 261 2269 bantur.
293 2199 503 2288 Sequebantur
519 2200 579 2267 Cn.
595 2200 757 2284 Pompeius
773 2200 904 2277 tertium,
926 2195 965 2280 Q.
985 2197 1136 2266 Caecilius
1150 2199 1264 2269 Metel·

141 2308 188 2373 lus
204 2304 276 2371 Pius
293 2304 396 2391 Scipio
411 2305 569 2383 eonsules,
594 2325 719 2386 quorum
736 2303 786 2366 ille
801 2323 880 2367 anno
895 2300 937 2366 49
953 2303 1041 2367 etiam
1060 2313 1122 2367 tum
1138 2305 1264 2389 prouin-

140 2408 203 2471 eias
218 2407 381 2483 obtinebat,
400 2406 467 2470 huie
482 2407 607 2469 alteram
623 2404 812 2469 oonsularem
828 2404 1012 2488 prouinciam
1027 2407 1179 2471 decretam
1194 2428 1264 2473 esse

140 2505 259 2574 Caesar
273 2509 377 2572 refert.
416 2504 479 2571 lam
496 2508 532 2573 de
547 2508 649 2573 eadem
664 2507 731 2590 lege
745 2504 889 2592 Pompeia
903 2507 969 2570 siue
984 2518 1108 2572 senatus
1123 2510 1264 2575 oonsulto

140 2607 258 2674 Caesar
274 2610 361 2674 etiam
377 2609 410 2672 b.
427 2610 485 2673 eiu.
503 2607 537 2688 l,
553 2607 614 2688 85,
634 2606 656 2672 9
671 2609 819 2693 queritur,
836 2630 903 2673 eum
918 2609 949 2673 in
965 2610 1103 2674 oratione
1118 2611 1155 2675 atl
1171 2610 1264 2677 Afra·

140 2713 223 2776 nium
239 2710 750 2777 etl’etreinmhaeooommemorat:
770 2712 855 2776 ‘inse
869 2712 936 2776 iura
946 2713 1172 2798 magistratuum
1182 2735 1264 2780 eom·

140 2816 261 2896 mutari,
286 2824 324 2881 n'e
340 2835 379 2880 ex
396 2825 534 2899 praetura
550 2824 581 2877 et
595 2817 773 2894 consulatu,
799 2825 832 2878 nt
847 2836 983 2900 semper,
1006 2817 1058 2880 sed
1082 2837 1135 2900 per
1150 2837 1263 2901 pauens

141 2917 258 3003 probati
273 2927 304 2981 et
319 2919 407 2983 electi
422 2917 452 2980 in
468 2917 638 3002 prouincias
653 2916 832 2983 mittantur'.
862 2915 971 3000 Neque
986 2930 1054 3002 post
1068 2920 1187 2985 oiuilem
1202 2920 1264 2987 dia·

140 3020 310 3084 sensionem
326 3042 362 3085 ea
378 3021 430 3085 lex
445 3031 566 3087 seruata
582 3032 639 3085 est.
687 3017 751 3100 lta,
775 3032 807 3084 ut
823 3022 968 3085 nonnulla
989 3023 1124 3105 exempla
1140 3043 1261 3105 ponuau

140 3119 187 3184 Μ.
205 3121 338 3206 Lepidus
361 3145 401 3188 ea
424 3134 564 3206 praetura
587 3124 713 3188 obtinuit
729 3122 903 3207 Hispaniam
925 3123 1094 3187 citeriorem
1118 3145 1198 3189 anno
1219 3124 1264 3191 48

140 3219 245 3303 (Caes.
263 3225 293 3288 b.
311 3226 372 3289 oiu.
390 3224 432 3303 ll,
447 3226 503 3304 21,
520 3227 552 3291 5.
563 3225 642 3289 llirt.
661 3227 689 3289 b.
700 3226 793 3289 Alex.
811 3225 865 3304 49,
882 3225 929 3309 3),
948 3225 1119 3291 Trebonius
1134 3228 1206 3293 item
1220 3249 1262 3293 ex

140 3336 282 3409 praetura
297 3327 469 3392 ulteriorem
484 3329 619 3411 sequenti
635 3349 714 3392 anno
731 3324 837 3404 (Caes.
856 3329 886 3392 b.
905 3329 963 3392 eiu.
980 3326 1039 3407 lll,
1056 3326 1110 3409 20,
1129 3327 1160 3393 1.
1177 3328 1261 3395 llirt.

140 3427 171 3490 b.
189 3429 284 3493 Alex.
300 3427 355 3507 63,
379 3427 436 3511 2>=
461 3441 491 3493 et
505 3426 552 3492 M.
569 3429 733 3493 Antonium
748 3441 838 3513 abque
849 3428 1034 3496 Dolabellam
1050 3453 1091 3496 ex
1106 3434 1263 3499 oonsulstu

140 3528 172 3590 in
187 3529 358 3612 prouincias
372 3528 523 3616 proiectos
539 3551 607 3593 esse
623 3541 726 3595 notum
742 3541 801 3607 est,
818 3553 914 3615 eoque
929 3553 1008 3596 anno
1024 3536 1114 3599 etiam
1128 3536 1263 3618 reliquos

139 3630 332 3714 magistratus
348 3633 471 3697 sortitos
488 3653 557 3698 esse
572 3653 614 3697 ex
629 3629 697 3699 cte.
713 3631 790 3698 Pbil.
805 3631 862 3711 lll,
880 3634 922 3698 19
936 3648 1069 3719 apparet.
1105 3637 1264 3723 Augustus

140 3732 256 3797 demum
273 3734 369 3819 legem
383 3733 554 3818 Pompeiam
570 3737 690 3815 retulit,
715 3736 751 3800 de
766 3758 825 3821 quo
842 3734 970 3804 Sueton.
996 3739 1077 3823 Aug.
1095 3740 1137 3805 36
1157 3741 1264 3805 scribit

143 3838 261 3900 ‘auctor
276 3836 349 3914 init,
374 3858 413 3901 ue
436 3839 626 3920 magistratus
641 3839 776 3924 deposito
799 3841 913 3905 bonore
927 3844 1027 3906 statim
1045 3844 1076 3906 in
1091 3842 1263 3927 prouinoias

140 3936 345 4001 mitterentur’
368 3951 400 4002 et
413 3934 505 4003 Cass.
522 3939 581 4004 llio
598 3939 693 4021 LMl,
720 3942 759 4006 14
782 3944 880 4033 κοινῇ
903 3944 938 4012 tt
960 3943 1003 4032 riri
1024 3942 1263 4021 montboitron

138 4030 345 4125 oinqytipoooo
358 4041 491 4132 μηδένα
502 4043 568 4128 πρὸ
578 4045 681 4114 πέντε
696 4045 876 4132 ἐτώνμστά
892 4047 931 4112 τὸ
946 4053 985 4117 ἐν
999 4049 1041 4139 τῇ
1057 4041 1154 4117 πόλει
1164 4046 1263 4135 ἄρξαι

137 4143 361 4228 κληροῦσθαι,
378 4145 455 4227 quod
472 4155 569 4207 ιιιιιιιιιι
586 4147 622 4210 tle
637 4149 674 4212 iis
689 4151 853 4232 prouinciis
869 4153 1065 4216 constitutum
1081 4173 1167 4229 osse,
1185 4170 1262 4235 quae

137 4255 260 4308 senatus
276 4250 432 4331 populique
447 4250 584 4324 suerunt,
609 4260 641 4312 et
663 4252 726 4335 ipsu
750 4274 800 4317 res
823 4265 851 4317 et
867 4255 1024 4338 superiora
1039 4253 1150 4320 Dionis
1165 4254 1261 4320 uerba
