2692 4688
492 197 794 268 ...94-

84 395 154 441 num
169 371 298 459 speciem
313 374 504 456 praeberent.
551 369 613 439 lam
637 395 704 437 cnm
726 374 758 438 in
773 394 951 458 unaquaque
966 374 1085 457 legione
1101 384 1208 441 essent

83 478 225 562 manipuli
242 478 374 560 triginta,
392 477 422 540 in
438 477 562 540 cohorte
577 487 651 556 tres,
669 499 711 541 ex
726 488 865 561 quattuor
876 478 1045 563 legionibus
1059 478 1208 543 sineccn·

84 594 143 647 tum
160 592 187 644 et
206 580 309 665 uiginti
327 580 484 663 manipulis
499 599 559 641 uno
575 580 662 642 modo
677 600 735 644 sex
750 581 884 657 legiones
900 581 979 644 ellici
995 591 1155 665 poterant,
1173 592 1208 645 nt

82 682 210 768 singulis
225 678 391 766 legionibus
407 701 461 765 pro
477 681 602 745 tricenis
618 683 775 766 manipulis
791 682 888 747 uiceui
901 683 1116 747 tribuerentur.
1138 681 1208 747 lloc

83 796 181 851 autem
197 785 238 848 ita
254 784 343 847 tiebat
357 784 529 867 aptissime,
555 794 590 847 nt
610 784 735 869 siugulis
751 786 922 848 cohortibus
938 785 1046 870 singuli
1062 784 1207 868 manipuli

83 888 331 953 detraherentur:
362 888 403 950 ita
429 887 507 950 enim
531 886 696 950 cobortium
727 908 842 970 quoquc
870 908 1012 951 uumerus
1035 887 1205 951 constabat.

82 986 187 1073 ltaque
202 985 367 1053 Caesarem
384 989 423 1052 ita
439 988 598 1072 scripsisse
620 987 768 1052 arbitrere
795 997 882 1054 ‘cum
903 988 1016 1055 duobus
1037 988 1207 1074 legionibus

82 1093 115 1158 in
130 1093 249 1155 occulto
264 1091 395 1169 restitit,
412 1091 544 1173 reliquas
559 1091 660 1175 copias
676 1112 743 1154 cnm
759 1092 896 1156 omnibus
911 1092 1149 1176 impedimentis,
1172 1102 1208 1156 nt

82 1205 255 1272 consuerat,
273 1191 500 1277 misitmaniplis
515 1194 644 1277 nugulis
660 1193 789 1277 demptis
803 1193 988 1271 cohortibus,
1003 1194 1046 1257 uti
1062 1212 1207 1258 uumerus

83 1299 232 1382 legionum
250 1306 391 1359 constare
407 1294 591 1358 uideretur'z
609 1313 644 1356 ea
660 1305 779 1370 autern,
797 1314 872 1376 quae
888 1293 920 1357 in
934 1295 1086 1358 codicibus
1103 1296 1208 1378 legun·

83 1411 150 1477 tnr,
178 1399 293 1482 ‘captis
309 1396 482 1479 quibusdam
498 1395 688 1460 cohortibus'
710 1396 752 1459 ita
767 1417 808 1459 ex
822 1396 882 1459 illis
906 1397 1063 1480 ‘maniplis
1077 1397 1207 1480 siugulis

83 1503 214 1588 demptis
225 1497 406 1562 cohortibus'
423 1509 488 1561 orta
502 1498 654 1574 existimo,
667 1508 702 1560 ut
712 1497 834 1560 extritis
847 1496 980 1581 syllabis,
998 1518 1071 1580 quas
1085 1499 1208 1564 diuerso

82 1603 250 1667 litterarum
265 1621 378 1683 genere
393 1601 543 1682 expressi,
560 1600 695 1683 reliquae
705 1599 737 1662 in
753 1600 878 1662 lumnam
896 1600 1041 1683 quandam
1058 1601 1207 1666 orationis

83 1713 359 1788 corrumperentur.
393 1698 523 1784 ‘Captis'
538 1713 638 1766 autem
662 1701 847 1785 ‘quibusdum
864 1701 1047 1767 cohortibns’
1062 1703 1092 1766 in
1109 1704 1208 1768 omni·

82 1807 138 1872 bus
153 1806 303 1871 codicibus
318 1804 459 1891 scriptum
476 1814 524 1866 est
538 1814 658 1889 praeter
672 1802 760 1868 Laid.
779 1814 849 1868 tert.
867 1802 963 1868 Doro.
981 1804 1074 1883 nuk,
1093 1806 1124 1871 iu
1140 1806 1207 1889 qsi·

82 1910 139 1974 bns
156 1921 202 1974 est
218 1907 357 1991 ‘demptis
373 1906 545 1989 quibusdum
560 1906 756 1994 cohortibus',
773 1918 805 1971 et
817 1905 897 1970 And.
916 1918 947 1972 et
957 1904 1076 1984 Oxum,
1093 1908 1125 1972 in
1141 1909 1206 1991 qni·

81 2012 138 2076 bus
155 2012 264 2094 ‘captis
279 2011 394 2091 quartis
409 2008 581 2091 quibusqne'
597 2008 644 2093 (in
658 2006 763 2074 Oxou.
777 2009 933 2094 ‘quidem')
951 2011 1146 2074 ‘cohortibus'
1162 2010 1206 2075 le·

83 2115 180 2200 gitur:
208 2112 359 2195 ‘quartis'
376 2111 466 2175 etiam
482 2112 512 2173 in
529 2108 618 2173 Leid.
635 2130 700 2175 sec.
716 2111 933 2195 scriptumest.
981 2111 1045 2176 llos
1060 2110 1206 2197 pessimos

84 2320 197 2402 quartis
213 2318 378 2400 quibusque
394 2314 581 2380 cohortibus'
604 2315 780 2379 ediderunt:
804 2317 912 2399 quibus
927 2316 1102 2381 enarrandis
1117 2314 1206 2380 nett-

84 2420 243 2485 bauscbins
259 2428 271 2495 (
281 2419 312 2482 iu
330 2419 445 2501 ephem.
463 2407 606 2480 sobolast.
623 2437 653 2478 a.
672 2414 756 2480 1830
777 2415 826 2496 ll,
850 2418 913 2500 13)
928 2439 1049 2502 operam
1065 2417 1204 2503 perdidit.

170 2517 208 2582 C.
226 2518 281 2596 tu,
300 2516 316 2579 l
335 2520 407 2583 baec
422 2520 570 2582 edunture
596 2515 721 2602 ‘Oppidi
738 2541 843 2585 murus
858 2521 894 2586 ab
911 2522 1030 2605 planitie
1045 2531 1135 2603 atquc
1148 2518 1207 2583 ini·

85 2621 127 2685 tio
141 2642 287 2686 ascensus
303 2631 385 2683 recta
401 2622 537 2704 regione,
554 2621 580 2684 si
597 2622 695 2685 nullus
710 2624 872 2687 amfractus
887 2623 1099 2700 intercederet,
1112 2616 1206 2686 MCC

84 2745 189 2810 passus
205 2724 319 2787 aberat.
351 2719 500 2806 Quidquid
523 2724 590 2786 buic
613 2724 756 2787 circuitus
771 2726 807 2788 ad
824 2724 1015 2788 molliendum
1030 2726 1140 2789 cliuum
1156 2744 1207 2789 ao·

84 2838 231 2904 cesserat,
250 2826 276 2889 id
293 2826 419 2911 spatium
436 2826 554 2889 itineris
575 2824 726 2904 augebat'.
771 2822 807 2890 lu
832 2827 877 2892 bis
899 2827 1001 2892 uerbis
1024 2827 1135 2891 nullam
1158 2836 1208 2890 cst

84 2931 279 3007 uocabulum,
297 2951 355 3012 quo
372 2949 536 3015 pronomen
554 2927 655 2991 ‘huic'
671 2928 777 2992 referri
792 2929 899 3011 possit.
945 2925 1103 2994 Sententia
1125 2927 1206 2991 enim

85 3033 159 3097 baec
175 3042 233 3096 est.
266 3029 299 3095 Si
317 3043 400 3096 recta
415 3032 539 3117 regione
554 3031 681 3094 aduerso
697 3030 773 3094 colle
788 3033 824 3093 ad
847 3032 983 3116 oppidum
1005 3029 1155 3114 prulieisci
1170 3028 1207 3093 li·

84 3138 218 3211 cuissct,
242 3135 367 3217 spatium
391 3134 509 3197 itineris
526 3127 616 3197 MCC
641 3152 745 3216 passus
763 3134 879 3196 luisset.
926 3129 987 3197 Sed
1009 3133 1095 3196 collis
1116 3131 1207 3195 nimis

85 3247 152 3299 erat
166 3237 291 3312 arduus,
308 3257 367 3318 quu
382 3238 480 3301 minus
496 3237 524 3299 id
540 3236 604 3298 lieri
621 3245 733 3319 possct.
766 3231 871 3318 ltaque
885 3244 919 3297 at
933 3234 1070 3298 molliore
1085 3232 1207 3297 acclini·

85 3347 146 3401 tate
162 3337 269 3413 iretur,
287 3337 412 3419 primum
427 3338 547 3421 obliquo
561 3337 638 3401 colle
652 3337 860 3400 sinistrorsum
878 3337 1125 3421 proficiscendum
1140 3344 1209 3399 erat

84 3441 175 3522 (nam
191 3459 208 3500 a
225 3437 331 3501 dextra
348 3449 431 3521 parte
447 3437 564 3501 llaedui
580 3439 790 3517 mittebantur,
816 3462 843 3504 c.
861 3439 903 3503 45
918 3444 1024 3522 extr.)
1047 3449 1078 3502 et
1099 3437 1208 3502 deinde

85 3540 165 3603 llexo
181 3542 211 3602 iu
228 3540 349 3603 alteram
367 3552 480 3623 partem
496 3541 605 3603 itinere
619 3540 655 3602 ad
671 3542 807 3623 oppidum
824 3543 1068 3626 peruenieudnm.
1110 3536 1209 3624 Igitur

86 3644 163 3726 quod
180 3640 286 3705 lllorus
310 3643 412 3706 ‘huic'
435 3642 472 3705 ad
487 3660 643 3704 ascensuum
660 3643 767 3705 referri
783 3644 837 3720 ait,
854 3645 941 3709 collis
965 3645 1012 3723 (is
1035 3655 1136 3707 autem
1158 3642 1207 3707 bic

85 3746 194 3809 dicitur
208 3751 367 3829 ascensus)
376 3764 471 3828 ueqne
487 3744 627 3807 breuiore
642 3745 751 3808 itinere
762 3746 952 3811 minuebatur
961 3767 1057 3829 neque
1069 3745 1207 3828 longiore

85 3847 261 3930 augebatur,
280 3848 435 3924 sedidem,
454 3858 542 3929 atque
558 3857 637 3923 erat,
655 3849 804 3913 manebat.
845 3852 945 3936 Atque
961 3860 994 3913 ut
1007 3850 1129 3913 omnino
1145 3848 1206 3911 cin-

83 3949 182 4013 cuitus
198 3949 266 4012 colli
281 3950 426 4012 accedere
442 3949 498 4010 dici
516 3950 621 4030 possit,
640 3950 779 4014 biccerte
793 3952 822 4014 id
839 3951 903 4015 lieri
919 3973 978 4014 non
992 3961 1117 4035 poterat,
1136 3969 1205 4013 cun

84 4053 309 4138 proficiscentes
325 4051 480 4114 circuitum
496 4050 526 4112 in
543 4050 607 4133 ipso
622 4052 698 4115 colle
713 4055 857 4117 lacerent.
890 4051 951 4116 Sed
968 4075 1006 4118 ue
1020 4062 1124 4116 rectae
1139 4051 1206 4135 qni·

85 4156 151 4219 dem
168 4153 284 4238 regioni
301 4152 409 4235 aliquid
425 4152 568 4216 circuitus
583 4157 727 4219 accedere
743 4167 851 4240 potest,
870 4177 936 4218 eum
954 4155 1049 4237 regio,
1067 4162 1207 4237 quaeest

84 4257 163 4323 linea
179 4267 278 4322 mente
294 4256 374 4320 inter
388 4257 462 4320 duas
475 4275 526 4321 res
542 4256 646 4336 ducta,
663 4259 745 4322 nulla
760 4259 855 4342 possit
869 4258 996 4322 circuitu
1012 4256 1100 4321 ducta
1115 4256 1205 4321 intel·
