2684 4694
536 212 835 279 ...ῃ-

120 387 249 473 perunit,
272 387 345 450 item
363 384 482 470 optimis
497 384 725 449 insternendum
739 384 947 449 uestimentis'.
974 382 1128 451 Particnla
1145 388 1247 468 ‘qnod'

119 489 253 554 subiecto
268 488 459 552 coniunctinn
475 509 528 571 pro
544 489 716 552 accusatiuo
732 508 798 552 cum
814 486 960 550 intinitiuo
975 488 1073 569 posita
1087 498 1135 552 est
1153 486 1207 567 36,
1226 489 1244 553 1

121 591 226 676 ‘legati
255 585 453 655 Carteienses
480 591 727 664 renuntiarunt,‘
743 590 820 673 quod
844 586 1019 673 Pompeium
1045 595 1075 653 iu
1095 602 1245 674 potestate

121 693 294 770 haberent',
318 692 449 776 itemque
472 689 524 771 16,
541 692 563 755 2
588 703 671 758 reete
685 692 819 755 restituit
833 689 976 754 Dauisius
995 692 1142 757 ι0601000
1158 714 1245 778 prae·

120 796 240 858 teritum
265 804 329 871 est,
362 796 440 878 quod
469 796 583 878 equites
611 816 653 859 ex
673 793 762 858 Italia
785 814 851 857 cum
874 791 1043 876 Asprenate
1064 796 1242 861 uenissent’.

119 895 187 960 Hoc
209 917 306 980 genus
330 918 395 960 cum
418 894 591 981 Madnigius
613 915 718 981 opusc.
737 898 790 960 ait.
809 917 839 979 p.
855 895 922 959 232
936 895 973 958 ab
989 897 1153 962 emendatis
1168 901 1244 965 scri-

119 999 253 1084 ptoribus
274 998 402 1062 alienum
425 1020 495 1063 esse
516 1020 614 1082 neque
637 1010 708 1062 ante
729 996 875 1063 Hadriani
891 1009 1027 1081 tempora
1041 998 1246 1066 increbruisse

120 1101 358 1181 demonstraret,
388 1113 490 1166 tamen
512 1102 570 1165 duo
593 1112 675 1166 certe
697 1101 886 1184 antiquorum
908 1101 1088 1183 scriptorum
1108 1103 1245 1189 exempla

118 1203 290 1285 relinquere
312 1213 362 1268 est
383 1213 506 1266 coactus
527 1199 654 1268 Catonis
674 1224 722 1286 ap.
739 1201 820 1267 Plin.
838 1202 909 1266 hist.
926 1212 990 1264 nat.
1007 1199 1136 1283 XXIX,
1153 1204 1186 1279 1,
1203 1204 1245 1270 14

120 1305 228 1368 ‘dinam
244 1305 280 1370 de
295 1305 362 1368 istis
378 1302 505 1369 Graecis
520 1326 576 1369 sno
591 1306 677 1381 1000,
700 1302 807 1368 Marce
823 1305 883 1382 iili,
907 1305 975 1386 quid
992 1304 1119 1369 Athenis
1137 1308 1245 1390 exqui-

120 1408 209 1472 situm
224 1407 367 1486 habeam,
392 1419 441 1486 et,
466 1408 543 1491 qnod
564 1407 676 1471 bonnm
695 1407 735 1470 sit
750 1407 868 1470 iliorum
882 1406 1000 1470 litteras
1016 1408 1167 1490 inspicere
1183 1430 1244 1474 non

119 1509 308 1595 perdiscere,
331 1510 480 1589 uincam’,
505 1521 536 1574 et
557 1508 657 1574 Plauti
677 1507 802 1573 Asinar.
827 1507 859 1583 1,
885 1507 920 1585 1,
942 1507 984 1573 37
1012 1510 1159 1592 ‘equidem
1180 1512 1244 1576 scio

118 1613 196 1692 iam,
219 1613 296 1677 filins
317 1614 394 1695 qnod
415 1623 495 1676 amet
516 1633 601 1676 meus
623 1613 721 1676 istanc
742 1612 932 1675 meretricem
957 1612 1128 1695 eprorrimo
1142 1610 1245 1679 Pitile·

120 1715 224 1780 ninm'.
257 1711 295 1780 C.
312 1713 366 1792 22,
392 1714 413 1777 7
434 1716 465 1777 in
488 1717 626 1778 oratione
652 1714 771 1796 obliqua
790 1715 880 1777 ctiam
901 1713 932 1775 in
955 1714 1068 1776 causali
1089 1716 1245 1780 enuntiato

122 1838 274 1902 perperam
291 1818 480 1881 accusatione
496 1840 562 1881 eum
577 1816 726 1881 intinitiuo
741 1816 855 1899 positus
872 1825 936 1879 est:
960 1816 1052 1879 ‘serui
1070 1819 1246 1902 transfugae

120 1922 336 1984 nuntiauerant
358 1920 572 2002 oppidanorum
594 1919 672 1981 huna
689 1919 795 1982 uenire
811 1940 907 2000 neque
923 1928 1012 1980 extra
1027 1918 1136 1981 uallum
1152 1920 1246 1984 licere

119 2022 208 2088 exire
229 2023 289 2085 nisi
312 2021 504 2099 discinctum,
528 2023 640 2086 idcirco
656 2022 750 2105 qnod,
775 2043 816 2085 ex
835 2043 893 2103 quo
909 2021 956 2083 die
971 2021 1106 2104 oppidum
1122 2021 1245 2105 Ategua

119 2135 207 2188 esset
230 2133 365 2207 captum,
389 2134 469 2188 metu
498 2124 679 2188 conterritos
709 2126 876 2208 complures
899 2124 1056 2205 profugere
1079 2123 1111 2185 in
1134 2121 1246 2188 Baetu-

120 2225 226 2290 riam’:
256 2247 323 2289 narn
346 2227 423 2310 quod
444 2225 597 2290 Robcrtus
620 2225 790 2310 Stephanus
816 2225 1008 2306 ‘idcircoque’
1030 2225 1183 2300 correxit,
1214 2225 1245 2288 id

120 2328 290 2392 sententiae
305 2339 351 2392 est
366 2329 560 2392 contrarium.
592 2328 757 2392 Praeterea
774 2329 852 2391 hunc
868 2327 974 2391 librum
990 2348 1056 2389 cum
1072 2326 1246 2390 601106161-
1269 2392 1279 2405 ,

122 2451 197 2493 cano
219 2441 251 2494 et
272 2430 384 2494 duobus
401 2430 547 2494 Hirtianis
570 2432 792 2495 commentariis
810 2430 993 2516 comparanti
1009 2431 1082 2494 haec
1098 2451 1245 2494 memora·

120 2531 191 2597 bilia
205 2533 395 2595 uidebuntur.
427 2529 462 2595 ln
478 2533 556 2597 60110
571 2533 717 2596 Africano
737 2545 913 2598 constanter
928 2534 1038 2596 dicitur
1053 2540 1165 2615 ‘neque
1180 2531 1245 2616 opi·

122 2635 206 2698 nans’
236 2633 289 2717 (7,
314 2633 346 2697 3.
378 2634 438 2714 66,
462 2636 517 2718 2),
543 2637 672 2719 itemque
688 2635 719 2698 in
736 2636 945 2700 Alexandrino
961 2634 1036 2715 (63,
1062 2635 1093 2699 5.
1123 2634 1185 2712 73,
1208 2634 1243 2700 2.

121 2735 177 2816 75,
193 2737 246 2820 1)=
272 2760 339 2802 nam
360 2739 391 2801 in
411 2749 519 2801 octauo
535 2738 611 2801 libro
627 2739 664 2802 de
679 2740 709 2801 h.
728 2738 808 2803 Gaii.
828 2759 924 2822 neque
939 2740 996 2801 hoc
1010 2738 1186 2801 uocabulum
1202 2738 1247 2801 le-

123 2841 203 2923 gitur
225 2861 320 2924 neque
345 2841 545 2924 ‘inopinans',
569 2863 627 2924 quo
650 2841 765 2906 Caesar
784 2844 849 2906 solo
865 2862 937 2905 usus
953 2851 1011 2904 est.
1046 2839 1165 2921 ‘Neque
1182 2840 1246 2922 upi-

122 2943 208 3007 nans’
229 2955 350 3028 praeter
369 2944 437 3007 illos
453 2945 536 3007 locos
552 2945 654 3027 legere
670 2967 731 3008 non
746 2946 864 3009 memini
882 2944 940 3007 nisi
955 2943 985 3003 in
1000 2938 1087 3004 Bruti
1103 2941 1190 3023 epist.
1208 2941 1247 3004 ad

124 3040 191 3109 Cic.
215 3042 247 3124 l,
272 3045 306 3124 4,
322 3045 354 3123 4,
379 3047 416 3109 de
439 3046 547 3128 quibus
563 3047 698 3130 epistulis
712 3068 776 3110 oum
792 3047 925 3110 maxime
941 3045 1135 3126 disceptatur.
1167 3039 1246 3105 Belli

123 3144 332 3230 Hispaniensis
355 3149 486 3232 scriptor
508 3169 627 3231 semper
648 3150 746 3232 posuit
766 3149 907 3212 usitatum
925 3144 1129 3230 ‘necopinans'
1146 3143 1192 3226 (2,
1209 3143 1244 3209 2.

124 3246 176 3327 15,
193 3249 225 3313 2.
252 3249 304 3328 16,
321 3250 368 3333 4).
400 3248 437 3312 16
461 3249 609 3314 Hirtianis
634 3252 856 3314 commentariis
881 3248 1045 3333 ‘repente’‚
1069 3248 1100 3310 in
1115 3247 1145 3309 6.
1164 3246 1247 3309 Afri-

123 3372 199 3415 0600
216 3353 336 3416 ‘subito'
354 3352 480 3416 excluso
496 3355 593 3415 attero
609 3353 677 3437 poni
693 3352 975 3416 animaduertimuse
995 3350 1026 3411 in
1042 3349 1120 3414 60110
1136 3349 1246 3433 Hispa-

122 3456 221 3519 niensi
237 3477 333 3539 neque
350 3457 495 3539 ‘repente'
512 3476 608 3538 nsque
627 3455 747 3518 ‘subito'
771 3475 866 3538 neque
884 3452 1021 3517 ‘subitus'
1038 3453 1167 3534 legitur,
1192 3451 1246 3515 sed

125 3558 320 3642 ‘repentinus’
335 3556 369 3636 9,
386 3559 417 3623 3.
450 3555 525 3622 Item
547 3558 677 3642 scriptor
694 3557 763 3621 belli
780 3558 988 3642 Hispaniensis
1004 3566 1181 3619 constanter
1195 3575 1247 3637 po-

124 3661 186 3724 suit
201 3660 389 3724 ‘nnlneribus
406 3661 532 3725 afficere’
549 3658 596 3740 (9,
621 3661 653 3725 3.
679 3660 731 3740 12,
748 3661 779 3724 4.
806 3660 857 3737 15,
872 3661 905 3724 4.
923 3657 976 3737 16,
993 3657 1024 3720 4.
1043 3657 1097 3734 23,
1115 3657 1135 3717 2
1152 3667 1183 3720 et
1197 3655 1245 3738 8),

124 3785 280 3847 numquam
300 3763 480 3826 ‘uulnerare’
496 3774 548 3826 ant
565 3763 816 3840 ‘conuulnerarc’,
838 3759 1089 3846 6606166016.
1109 3761 1248 3841 trequen-

123 3866 182 3928 tnri
198 3867 405 3931 animaduerti.
436 3864 580 3950 Proprius
596 3867 665 3930 beili
682 3865 891 3950 Hispaniensis
910 3876 956 3928 est
971 3864 1078 3926 creber
1094 3884 1163 3925 usus
1179 3883 1248 3925 uer·

123 3966 228 4032 borum
245 3970 333 4034 ‘bene
348 3972 484 4055 magnns’
500 3968 546 4049 (1,
563 3969 596 4033 2.
628 3969 661 4047 4,
678 3965 710 4032 3.
744 3969 796 4046 12,
813 3970 845 4032 4.
878 3967 930 4046 13,
947 3966 979 4029 4.
1015 3965 1066 4042 15,
1084 3962 1115 4026 6.
1143 3962 1194 4041 16,
1212 3964 1245 4026 2.

124 4069 179 4150 22,
195 4068 227 4135 6.
260 4072 313 4152 35,
337 4072 406 4137 tet
420 4069 451 4134 3.
480 4070 586 4150 40,1.
618 4071 743 4153 41,1)ι
770 4073 858 4136 ‘bene
880 4069 974 4133 multi’
998 4066 1051 4145 34,
1078 4069 1109 4132 5.
1141 4065 1195 4143 36,
1211 4064 1244 4129 4.

124 4170 178 4253 37,
196 4172 234 4253 4,
261 4176 349 4240 ‘hene
370 4176 469 4259 ionge'
492 4173 547 4249 25,
568 4173 590 4237 2
612 4176 761 4258 leguntur.
795 4173 846 4237 Ex
866 4171 1019 4259 particulis
1037 4167 1247 4253 temporalibus

125 4297 285 4362 numquam
306 4289 459 4363 ponuntur
481 4277 679 4361 ‘postquam’,
711 4280 784 4355 ι62,
818 4275 909 4354 ‘ubi’,
934 4294 1029 4357 neque
1052 4266 1245 4352 ‘antequam’,
