2692 4688
518 145 520 149 ·
614 106 755 177 coust.
770 106 833 177 llll
846 106 943 178 CAP.
959 110 1109 181 bl-db.

307 281 394 367 Quos
407 292 495 348 tanto
508 283 606 367 spatio
620 285 729 365 secuti,
754 296 896 368 quantum
912 305 1002 349 cnrsn
1017 296 1048 349 et
1061 285 1177 351 uiribus
1192 288 1308 352 edicere
1322 307 1340 373 p

307 397 398 466 mut,
415 387 575 470 conplures
591 388 682 451 exiis
698 389 891 463 occiderunt,
915 388 1022 450 deinde
1045 388 1181 452 omnibns
1202 389 1337 473 langela

307 488 453 554 aediflciis
467 488 599 553 incensis
621 510 656 553 se
670 489 701 552 in
717 501 816 553 castra
832 501 1020 574 receperunt.
1067 489 1180 554 Eodem
1202 492 1250 556 die
1271 494 1339 578 lega

308 589 443 657 hostibus
459 590 542 654 missi
558 592 595 655 ad
611 588 775 656 Caesarem
793 595 829 657 de
845 614 918 677 pace
934 604 1093 657 uenerunt.
1126 593 1182 657 llis
1194 588 1344 658 Caessrn

271 709 287 759 s
309 716 375 760 rum
391 692 539 771 obsidum,
556 713 641 776 quem
658 704 728 757 ante
743 695 961 779 imperauerat,
986 696 1146 780 duplicauit
1162 716 1273 779 eosque
1287 696 1319 761 in
1340 728 1346 752 ·

308 808 428 862 nentem
443 797 549 859 adduci
564 796 670 874 iussit,
696 800 773 879 qnod
795 799 958 882 propinqua
975 800 1022 861 die
1037 799 1217 881 aequinoctii
1233 799 1342 863 infirmi

308 897 395 964 nibus
411 899 500 963 biemi
516 898 737 981 nauigationem
755 900 958 964 subiciendam
976 922 1035 964 non
1051 901 1255 965 existimabat.
1280 897 1346 985 lps

309 1023 395 1067 neam
410 1011 619 1085 tempestatem
636 1013 762 1066 nanctus
786 1002 874 1092 paolo
900 1013 968 1086 post
983 1004 1107 1066 mediam
1125 1014 1242 1068 noctem
1258 1024 1346 1068 naue

307 1104 373 1183 uit3
401 1124 479 1187 quae
494 1124 598 1167 omncs
613 1103 778 1168 incolumes
793 1105 829 1168 ad
846 1106 1049 1170 continentem
1066 1116 1287 1190 peruenerunt,
1310 1126 1343 1170 se

252 1218 286 1272 lo
308 1206 348 1272 iis
362 1206 522 1271 onerariae
538 1206 613 1269 dunc
629 1208 761 1285 eosdem,
779 1229 853 1290 quos
870 1207 988 1290 reliqui,
1007 1218 1111 1292 portus
1127 1229 1235 1290 capere
1249 1229 1309 1271 non
1325 1230 1343 1292 p

309 1317 381 1373 runt
394 1319 426 1373 et
441 1308 529 1393 paulo
543 1308 619 1371 inira
636 1309 751 1372 delatae
767 1320 847 1373 sunt.
895 1307 1010 1390 Quibus
1033 1332 1072 1373 ex
1095 1311 1220 1374 nauibus
1245 1330 1344 1374 cume

309 1410 439 1496 expositi
456 1409 565 1474 milites
582 1410 704 1475 circiter
720 1413 846 1475 trecenti
862 1423 950 1495 atque
967 1413 1104 1475 incastra
1115 1413 1343 1490 contenderent,

308 1513 387 1593 riui,
411 1532 485 1597 quos
502 1508 619 1576 Caesar
633 1513 664 1576 in
680 1511 867 1578 Britanniam
890 1516 1081 1600 proficiscens
1102 1526 1225 1600 pacatos
1247 1514 1345 1598 reliqu

309 1636 362 1701 spe
377 1616 507 1700 praedae
521 1616 638 1680 adducti
654 1616 748 1700 primo
764 1638 822 1680 non
839 1618 880 1680 ita
896 1639 1003 1702 magno
1025 1639 1144 1681 suorum
1162 1638 1286 1681 numero
1302 1617 1329 1681 oi

253 1729 286 1781 15
309 1727 460 1782 stetemut
473 1739 522 1797 ac,
539 1718 565 1782 ai
581 1739 650 1782 sese
665 1719 790 1783 interliei
807 1720 933 1798 nollent,
950 1742 1031 1785 arma
1041 1741 1154 1804 ponere
1170 1722 1335 1783 iusserunt.

310 1821 356 1886 illi
371 1820 442 1885 orbe
459 1822 536 1886 lacto
551 1840 619 1885 sese
636 1821 850 1900 defenderent,
875 1823 1013 1886 celeriter
1034 1823 1070 1886 ad
1094 1824 1253 1886 clamorem
1279 1822 1339 1884 boc

314 1921 437 1986 circitm
449 1923 527 1988 milia
542 1944 601 1988 sex
616 1935 834 1987 conuenerunt.
881 1921 948 2004 Qua
971 1946 1006 1987 re
1028 1925 1162 1988 nuntiata
1180 1920 1329 1989 Caesaro

316 2044 355 2087 ex
373 2024 482 2087 castris
496 2026 657 2113 equitatum
673 2027 736 2089 suis
751 2027 866 2091 auxilio
881 2027 973 2091 misit.
1006 2022 1128 2089 luterinr
1147 2027 1243 2089 nostri
1258 2025 1320 2089 mili
1341 2056 1346 2081 a

312 2136 414 2212 petum
430 2114 557 2191 bostium
572 2130 783 2192 sustinuerunt
804 2141 892 2212 atque
914 2128 1039 2212 amplius
1064 2128 1146 2190 boris
1168 2138 1306 2209 quattuor
1329 2128 1343 2188 l

251 2240 288 2295 2⁰
311 2229 388 2293 sime
402 2243 613 2316 pugnauerunt
633 2242 665 2295 et
687 2232 788 2316 paucis
811 2231 984 2295 uulneribus
1008 2230 1138 2313 acceptis
1153 2229 1312 2312 conplures
1336 2257 1339 2263 ·

315 2331 497 2398 occiderunt.
520 2331 632 2397 Postea
648 2354 721 2397 nero
738 2350 834 2416 qnam*
842 2335 991 2416 equitatus
1008 2345 1112 2396 noster
1127 2333 1155 2395 in
1172 2341 1346 2415 conspectu

314 2432 379 2511 nit,
404 2434 504 2500 bostes
527 2436 651 2500 abiectis
676 2437 767 2499 armis
783 2447 866 2519 terga
885 2447 1042 2501 uerterunt
1055 2456 1240 2520 magnusque
1255 2455 1343 2498 eorn

313 2556 415 2601 merus
430 2549 479 2601 est
492 2538 623 2602 occisus.
667 2534 784 2602 Caesar
800 2549 920 2623 postero
937 2540 982 2602 die
998 2538 1098 2602 Titum
1116 2537 1281 2602 Labienum
1297 2537 1324 2601 le
1331 2564 1339 2613 2

313 2659 381 2703 cum
397 2639 435 2704 iis
449 2639 629 2727 legionibus,
647 2662 720 2724 quas
736 2663 776 2706 ex
791 2639 949 2705 Britannia
963 2644 1140 2714 reduxerat,
1157 2642 1188 2703 in
1203 2638 1343 2703 Morinos

254 2752 290 2804 25
312 2741 507 2808 rebellionem
522 2745 669 2823 fecerant,
686 2744 777 2808 misit.
814 2741 874 2824 Qui
890 2766 955 2810 cum
972 2756 1095 2830 propter
1110 2744 1263 2808 siccitates
1279 2742 1338 2824 pal·

423 3000 437 3055 l
452 3008 549 3069 quanto
562 3018 640 3055 cursu
652 3006 702 3072 as.
791 3007 808 3058 2
821 3004 957 3071 conplures
969 3007 1004 3054 Β.
1108 3003 1142 3052 iis
1155 3004 1181 3054 A
1189 3000 1234 3066 (B)
1243 2997 1339 3062 cns,

423 3081 530 3148 lateque
543 3082 644 3135 afflictis
657 3084 824 3151 incensisque
837 3099 866 3134 se
879 3098 937 3133 cum
951 3083 1019 3132 solia
1031 3081 1107 3136 And.
1124 3081 1211 3131 Orsa.
1226 3093 1254 3128 ιι.

314 3158 669 3227 teABODIl,sntessu.
787 3159 1151 3224 lbismiABDnbodas,
1167 3154 1328 3207 biemisCE

314 3250 353 3285 su.
367 3234 401 3286 B.
531 3236 709 3289 subiciendam
721 3239 809 3304 Alis
815 3243 857 3301 et,
872 3238 903 3287 ds
916 3238 1013 3302 quibus
1021 3274 1030 3300 ,
1044 3236 1126 3286 subic.
1141 3250 1177 3285 nn
1191 3233 1285 3284 nubilo.
1299 3232 1345 3282 ba

316 3326 371 3363 nos
384 3316 511 3378 constat,
526 3312 610 3365 boda
618 3332 628 3379 ,-
641 3316 793 3367 subicienda
806 3316 845 3379 B,
859 3314 1009 3364 subitienda
1024 3314 1055 3363 C.
1149 3313 1165 3362 8
1178 3316 1287 3360 nanctus
1299 3309 1341 3359 Ao

315 3391 435 3455 turdis,-
449 3399 541 3443 nactus
554 3408 582 3444 ιι.
722 3394 776 3446 lin
790 3393 966 3444 continentem
981 3393 1005 3441 b.
1133 3389 1180 3440 sed
1192 3402 1246 3439 om.
1260 3386 1308 3452 ss.

317 3468 350 3521 to
362 3469 395 3521 iis
406 3470 432 3521 A
437 3469 461 3520 B
469 3468 493 3521 0
499 3470 525 3520 Β
536 3470 558 3521 Β
563 3506 573 3534 ,
587 3469 628 3522 bis
633 3470 659 3537 s
663 3486 692 3521 u.
812 3469 926 3535 eosdem]
941 3470 1004 3520 duos
1017 3468 1081 3518 add.
1097 3468 1130 3519 A.

315 3555 408 3616 portu
420 3548 477 3601 ΑΒ
485 3548 507 3601 C
513 3548 584 3613 1)ss5
598 3556 698 3616 portus,
713 3565 777 3616 qnos
791 3549 909 3613 reliqnne
922 3564 936 3597 a
949 3547 1004 3613 (bio
1016 3544 1131 3613 relique)
1137 3546 1167 3611 s.

315 3627 363 3692 (B)
376 3631 389 3678 t
528 3628 562 3681 12
572 3629 685 3679 nocenti
698 3629 722 3679 A
728 3628 773 3693 (B)
783 3630 804 3681 C
811 3629 880 3691 ΒΕ,
896 3643 941 3677 ccc
954 3642 1075 3691 suprasc.
1092 3625 1146 3691 tis.

314 3718 357 3755 ιιι
369 3704 403 3756 Β.
510 3713 614 3773 pesato,
627 3705 677 3758 ssd
688 3722 701 3758 s
712 3707 747 3756 nb
760 3707 820 3758 sad.
834 3724 871 3757 m.
885 3721 969 3771 snpra
981 3708 1103 3771 asordpta
1110 3741 1119 3768 ‚
1133 3704 1166 3754 B.

316 3780 404 3833 lerant
415 3796 453 3833 ars.
464 3797 509 3847 pr.
521 3782 556 3834 B.
716 3783 746 3835 ll
760 3799 807 3834 aex
820 3784 942 3847 Alma,
957 3799 984 3832 vr
997 3784 1055 3849 (s).

424 3858 540 3926 lnpetnm
552 3860 586 3911 Β.
745 3860 775 3913 19
789 3861 981 3927 qnsttnorAB
988 3898 996 3923 ,
1010 3866 1121 3924 quatuor
1131 3858 1168 3920 E,-
1181 3872 1220 3908 ιιιι
1232 3869 1331 3920 capras

423 3936 458 3992 2⁰
469 3936 607 4004 conplures
621 3938 654 3989 Β.
829 3938 868 3987 bis
881 3938 936 4002 As
942 3943 971 3988 et
981 3952 1035 3987 sec.
1049 3952 1085 3988 m.
1099 3936 1123 3986 Β
1131 3973 1139 3999 ,
1152 3935 1175 3985 is
1187 3935 1225 3997 Β,
1248 3932 1299 3983 biis
1311 3932 1336 3983 Β

422 4014 455 4067 21
469 4013 496 4063 is
509 4021 650 4081 conspectu
662 4015 697 4066 A.
814 4014 848 4067 ts
861 4012 948 4065 Titum
961 4015 1000 4079 B,
1014 4013 1046 4065 Τ.
1061 4030 1089 4065 ιι.
1214 4011 1249 4065 bd
1260 4010 1293 4060 iis
1306 4008 1335 4071 (ί

318 4092 355 4156 0,
368 4092 466 4155 tisA5
480 4107 533 4145 om.
545 4093 596 4159 bs.
754 4092 870 4144 Brltanis
884 4092 916 4143 Β.
1072 4084 1330 4147 ebriositatem.

320 4174 421 4241 paludis
426 4175 457 4239 s.
