<?xml version="1.0" encoding="UTF-8"?>
<!DOCTYPE html PUBLIC "-//W3C//DTD XHTML 1.0 Transitional//EN"
    "http://www.w3.org/TR/xhtml1/DTD/xhtml1-transitional.dtd">
<html xmlns="http://www.w3.org/1999/xhtml" xml:lang="en" lang="en">
 <head>
  <title>
</title>
<meta http-equiv="Content-Type" content="text/html;charset=utf-8" />
  <meta name='ocr-system' content='tesseract 3.04.00' />
  <meta name='ocr-capabilities' content='ocr_page ocr_carea ocr_par ocr_line ocrx_word'/>
</head>
<body>
  <div class='ocr_page' id='page_1' title='image "./civliicaesarisc02hirtgoog_0089.png"; bbox 0 0 2692 4688; ppageno 0'>
   <div class='ocr_carea' id='block_1_1' title="bbox 505 208 806 277">
    <p class='ocr_par' dir='ltr' id='par_1_1' title="bbox 505 208 806 277">
     <span class='ocr_line' id='line_1_1' title="bbox 505 208 806 277; baseline 0 -12"><span class='ocrx_word' id='word_1_1' title='bbox 505 208 806 277; x_wconf 68' lang='grc' dir='ltr'>...εε-</span> 
     </span>
    </p>
   </div>
   <div class='ocr_carea' id='block_1_2' title="bbox 81 377 1223 4347">
    <p class='ocr_par' dir='ltr' id='par_1_2' title="bbox 87 377 1223 2081">
     <span class='ocr_line' id='line_1_2' title="bbox 93 377 1222 467; baseline -0.002 -17"><span class='ocrx_word' id='word_1_2' title='bbox 93 385 307 451; x_wconf 86' lang='lat' dir='ltr'>incendissent.</span> <span class='ocrx_word' id='word_1_3' title='bbox 346 380 391 449; x_wconf 92' lang='lat' dir='ltr'>lbi</span> <span class='ocrx_word' id='word_1_4' title='bbox 415 382 483 467; x_wconf 74' lang='lat'>§.6</span> <span class='ocrx_word' id='word_1_5' title='bbox 505 382 579 449; x_wconf 85' lang='lat' dir='ltr'>baec</span> <span class='ocrx_word' id='word_1_6' title='bbox 605 382 636 448; x_wconf 90' lang='lat' dir='ltr'>in</span> <span class='ocrx_word' id='word_1_7' title='bbox 656 383 744 449; x_wconf 88' lang='lat' dir='ltr'>codd.</span> <span class='ocrx_word' id='word_1_8' title='bbox 761 381 923 466; x_wconf 78' lang='lat' dir='ltr'>lepuuturc</span> <span class='ocrx_word' id='word_1_9' title='bbox 948 377 1087 447; x_wconf 73' lang='lat' dir='ltr'>‘Pactum</span> <span class='ocrx_word' id='word_1_10' title='bbox 1102 381 1222 465; x_wconf 88' lang='lat' dir='ltr'>quidem</span> 
     </span>
     <span class='ocr_line' id='line_1_3' title="bbox 92 483 1223 569; baseline -0.001 -15"><span class='ocrx_word' id='word_1_11' title='bbox 92 488 264 554; x_wconf 87' lang='lat' dir='ltr'>intermissa</span> <span class='ocrx_word' id='word_1_12' title='bbox 279 487 395 552; x_wconf 76' lang='lat' dir='ltr'>domm</span> <span class='ocrx_word' id='word_1_13' title='bbox 410 495 442 549; x_wconf 91' lang='lat' dir='ltr'>et</span> <span class='ocrx_word' id='word_1_14' title='bbox 456 486 582 569; x_wconf 85' lang='lat' dir='ltr'>quodam</span> <span class='ocrx_word' id='word_1_15' title='bbox 597 487 663 552; x_wconf 90' lang='lat' dir='ltr'>looo</span> <span class='ocrx_word' id='word_1_16' title='bbox 680 485 757 551; x_wconf 90' lang='lat' dir='ltr'>turri</span> <span class='ocrx_word' id='word_1_17' title='bbox 771 485 878 551; x_wconf 84' lang='lat' dir='ltr'>adacta</span> <span class='ocrx_word' id='word_1_18' title='bbox 893 494 924 548; x_wconf 91' lang='lat' dir='ltr'>et</span> <span class='ocrx_word' id='word_1_19' title='bbox 938 483 1133 568; x_wconf 65' lang='lat' dir='ltr'>contingente</span> <span class='ocrx_word' id='word_1_20' title='bbox 1156 487 1223 553; x_wconf 81' lang='lat' dir='ltr'>uel-</span> 
     </span>
     <span class='ocr_line' id='line_1_4' title="bbox 94 587 1222 671; baseline 0 -16"><span class='ocrx_word' id='word_1_21' title='bbox 94 592 155 657; x_wconf 88' lang='lat' dir='ltr'>lum</span> <span class='ocrx_word' id='word_1_22' title='bbox 171 591 280 655; x_wconf 90' lang='lat' dir='ltr'>tertiae</span> <span class='ocrx_word' id='word_1_23' title='bbox 296 589 430 653; x_wconf 86' lang='lat' dir='ltr'>cohortis</span> <span class='ocrx_word' id='word_1_24' title='bbox 445 590 640 654; x_wconf 70' lang='lat' dir='ltr'>centuriones</span> <span class='ocrx_word' id='word_1_25' title='bbox 655 610 696 653; x_wconf 84' lang='lat' dir='ltr'>ex</span> <span class='ocrx_word' id='word_1_26' title='bbox 710 609 760 665; x_wconf 88' lang='lat' dir='ltr'>eo,</span> <span class='ocrx_word' id='word_1_27' title='bbox 778 609 836 671; x_wconf 94' lang='lat' dir='ltr'>quo</span> <span class='ocrx_word' id='word_1_28' title='bbox 852 587 984 664; x_wconf 85' lang='lat' dir='ltr'>stabant,</span> <span class='ocrx_word' id='word_1_29' title='bbox 1002 587 1069 651; x_wconf 90' lang='lat' dir='ltr'>loco</span> <span class='ocrx_word' id='word_1_30' title='bbox 1083 608 1222 655; x_wconf 88' lang='lat' dir='ltr'>recesse-</span> 
     </span>
     <span class='ocr_line' id='line_1_5' title="bbox 92 688 1221 777; baseline 0.002 -20"><span class='ocrx_word' id='word_1_31' title='bbox 92 708 161 757; x_wconf 88' lang='lat' dir='ltr'>ruut</span> <span class='ocrx_word' id='word_1_32' title='bbox 179 712 310 777; x_wconf 90' lang='lat' dir='ltr'>suosque</span> <span class='ocrx_word' id='word_1_33' title='bbox 334 712 440 757; x_wconf 90' lang='lat' dir='ltr'>omnes</span> <span class='ocrx_word' id='word_1_34' title='bbox 461 702 673 768; x_wconf 75' lang='lat' dir='ltr'>rennuerunt,</span> <span class='ocrx_word' id='word_1_35' title='bbox 703 701 776 754; x_wconf 92' lang='lat' dir='ltr'>nutu</span> <span class='ocrx_word' id='word_1_36' title='bbox 792 689 974 773; x_wconf 84' lang='lat' dir='ltr'>nucibusque</span> <span class='ocrx_word' id='word_1_37' title='bbox 991 688 1113 766; x_wconf 78' lang='lat' dir='ltr'>bootes,</span> <span class='ocrx_word' id='word_1_38' title='bbox 1130 692 1157 757; x_wconf 86' lang='lat' dir='ltr'>si</span> <span class='ocrx_word' id='word_1_39' title='bbox 1173 691 1221 759; x_wconf 86' lang='lat' dir='ltr'>iu·</span> 
     </span>
     <span class='ocr_line' id='line_1_6' title="bbox 92 789 1220 877; baseline 0.002 -18"><span class='ocrx_word' id='word_1_40' title='bbox 92 797 187 860; x_wconf 91' lang='lat' dir='ltr'>troire</span> <span class='ocrx_word' id='word_1_41' title='bbox 209 795 341 872; x_wconf 86' lang='lat' dir='ltr'>uellent,</span> <span class='ocrx_word' id='word_1_42' title='bbox 362 815 474 860; x_wconf 86' lang='lat' dir='ltr'>uocare</span> <span class='ocrx_word' id='word_1_43' title='bbox 495 803 671 877; x_wconf 87' lang='lat' dir='ltr'>coeperunt.</span> <span class='ocrx_word' id='word_1_44' title='bbox 713 789 850 874; x_wconf 81' lang='lat' dir='ltr'>Quorum</span> <span class='ocrx_word' id='word_1_45' title='bbox 880 791 1020 877; x_wconf 80' lang='lat' dir='ltr'>progredi</span> <span class='ocrx_word' id='word_1_46' title='bbox 1049 813 1141 859; x_wconf 88' lang='lat' dir='ltr'>ausus</span> <span class='ocrx_word' id='word_1_47' title='bbox 1171 804 1220 861; x_wconf 87' lang='lat' dir='ltr'>est</span> 
     </span>
     <span class='ocr_line' id='line_1_7' title="bbox 93 893 1218 981; baseline -0.001 -19"><span class='ocrx_word' id='word_1_48' title='bbox 93 919 193 962; x_wconf 90' lang='lat' dir='ltr'>nemo.</span> <span class='ocrx_word' id='word_1_49' title='bbox 227 895 305 960; x_wconf 88' lang='lat' dir='ltr'>Tum</span> <span class='ocrx_word' id='word_1_50' title='bbox 327 896 464 961; x_wconf 85' lang='lat' dir='ltr'>exomni</span> <span class='ocrx_word' id='word_1_51' title='bbox 479 905 564 981; x_wconf 88' lang='lat' dir='ltr'>parte</span> <span class='ocrx_word' id='word_1_52' title='bbox 578 895 724 979; x_wconf 74' lang='lat' dir='ltr'>lapidibus</span> <span class='ocrx_word' id='word_1_53' title='bbox 738 895 883 960; x_wconf 88' lang='lat' dir='ltr'>coniectis</span> <span class='ocrx_word' id='word_1_54' title='bbox 898 893 1046 958; x_wconf 88' lang='lat' dir='ltr'>deturbati</span> <span class='ocrx_word' id='word_1_55' title='bbox 1067 895 1218 979; x_wconf 85' lang='lat' dir='ltr'>turrisque</span> 
     </span>
     <span class='ocr_line' id='line_1_8' title="bbox 91 995 1217 1080; baseline -0.003 -14"><span class='ocrx_word' id='word_1_56' title='bbox 91 1020 238 1066; x_wconf 90' lang='lat' dir='ltr'>succensa</span> <span class='ocrx_word' id='word_1_57' title='bbox 259 998 328 1062; x_wconf 68' lang='grc' dir='ltr'><strong>θεῖ’.</strong></span> <span class='ocrx_word' id='word_1_58' title='bbox 367 995 428 1063; x_wconf 89' lang='lat' dir='ltr'>Sed</span> <span class='ocrx_word' id='word_1_59' title='bbox 450 996 608 1061; x_wconf 85' lang='lat' dir='ltr'>Romanos</span> <span class='ocrx_word' id='word_1_60' title='bbox 629 998 823 1062; x_wconf 79' lang='lat' dir='ltr'>succendisse</span> <span class='ocrx_word' id='word_1_61' title='bbox 839 997 944 1061; x_wconf 92' lang='lat' dir='ltr'>turrim</span> <span class='ocrx_word' id='word_1_62' title='bbox 961 995 1089 1060; x_wconf 92' lang='lat' dir='ltr'>bostium</span> <span class='ocrx_word' id='word_1_63' title='bbox 1105 1018 1217 1080; x_wconf 86' lang='lat' dir='ltr'>nequa·</span> 
     </span>
     <span class='ocr_line' id='line_1_9' title="bbox 91 1098 1217 1185; baseline 0.002 -20"><span class='ocrx_word' id='word_1_64' title='bbox 91 1123 180 1185; x_wconf 90' lang='lat' dir='ltr'>quam</span> <span class='ocrx_word' id='word_1_65' title='bbox 196 1100 277 1165; x_wconf 87' lang='lat' dir='ltr'>credi</span> <span class='ocrx_word' id='word_1_66' title='bbox 293 1109 402 1184; x_wconf 84' lang='lat' dir='ltr'>potest.</span> <span class='ocrx_word' id='word_1_67' title='bbox 425 1099 590 1167; x_wconf 85' lang='lat' dir='ltr'>Nemeum</span> <span class='ocrx_word' id='word_1_68' title='bbox 606 1100 689 1165; x_wconf 88' lang='lat' dir='ltr'>uenti</span> <span class='ocrx_word' id='word_1_69' title='bbox 704 1100 827 1166; x_wconf 85' lang='lat' dir='ltr'>maximi</span> <span class='ocrx_word' id='word_1_70' title='bbox 842 1100 1061 1184; x_wconf 84' lang='lat' dir='ltr'>opportunitate</span> <span class='ocrx_word' id='word_1_71' title='bbox 1075 1100 1123 1165; x_wconf 89' lang='lat' dir='ltr'>usi</span> <span class='ocrx_word' id='word_1_72' title='bbox 1134 1098 1217 1167; x_wconf 79' lang='lat' dir='ltr'>Gelli</span> 
     </span>
     <span class='ocr_line' id='line_1_10' title="bbox 90 1202 1216 1286; baseline 0.002 -19"><span class='ocrx_word' id='word_1_73' title='bbox 90 1213 154 1267; x_wconf 87' lang='lat' dir='ltr'>tota</span> <span class='ocrx_word' id='word_1_74' title='bbox 171 1203 293 1267; x_wconf 84' lang='lat' dir='ltr'>hiberna</span> <span class='ocrx_word' id='word_1_75' title='bbox 307 1202 522 1281; x_wconf 78' lang='lat' dir='ltr'>incendissent,</span> <span class='ocrx_word' id='word_1_76' title='bbox 540 1202 628 1281; x_wconf 90' lang='lat' dir='ltr'>turri,</span> <span class='ocrx_word' id='word_1_77' title='bbox 644 1222 721 1286; x_wconf 89' lang='lat' dir='ltr'>quae</span> <span class='ocrx_word' id='word_1_78' title='bbox 735 1202 846 1267; x_wconf 90' lang='lat' dir='ltr'>uallum</span> <span class='ocrx_word' id='word_1_79' title='bbox 862 1202 1067 1285; x_wconf 85' lang='lat' dir='ltr'>contingebat,</span> <span class='ocrx_word' id='word_1_80' title='bbox 1091 1202 1216 1269; x_wconf 81' lang='lat' dir='ltr'>incenso</span> 
     </span>
     <span class='ocr_line' id='line_1_11' title="bbox 89 1302 1217 1388; baseline 0.001 -18"><span class='ocrx_word' id='word_1_81' title='bbox 89 1315 228 1388; x_wconf 85' lang='lat' dir='ltr'>apertum</span> <span class='ocrx_word' id='word_1_82' title='bbox 244 1315 293 1368; x_wconf 90' lang='lat' dir='ltr'>est</span> <span class='ocrx_word' id='word_1_83' title='bbox 307 1304 388 1386; x_wconf 91' lang='lat' dir='ltr'>ipsos</span> <span class='ocrx_word' id='word_1_84' title='bbox 402 1303 562 1373; x_wconf 83' lang='lat' dir='ltr'>Romanos</span> <span class='ocrx_word' id='word_1_85' title='bbox 574 1304 744 1370; x_wconf 88' lang='lat' dir='ltr'>incendium</span> <span class='ocrx_word' id='word_1_86' title='bbox 759 1303 876 1388; x_wconf 86' lang='lat' dir='ltr'>paulum</span> <span class='ocrx_word' id='word_1_87' title='bbox 897 1302 1103 1367; x_wconf 87' lang='lat' dir='ltr'>intermissum</span> <span class='ocrx_word' id='word_1_88' title='bbox 1114 1304 1217 1371; x_wconf 87' lang='lat' dir='ltr'>redin-</span> 
     </span>
     <span class='ocr_line' id='line_1_12' title="bbox 87 1406 1217 1491; baseline 0 -20"><span class='ocrx_word' id='word_1_89' title='bbox 87 1417 259 1490; x_wconf 74' lang='lat' dir='ltr'>tepraturos</span> <span class='ocrx_word' id='word_1_90' title='bbox 273 1417 362 1487; x_wconf 86' lang='lat' dir='ltr'>atque</span> <span class='ocrx_word' id='word_1_91' title='bbox 376 1417 519 1470; x_wconf 84' lang='lat' dir='ltr'>aucturos</span> <span class='ocrx_word' id='word_1_92' title='bbox 534 1407 642 1482; x_wconf 89' lang='lat' dir='ltr'>luisse,</span> <span class='ocrx_word' id='word_1_93' title='bbox 660 1427 727 1469; x_wconf 90' lang='lat' dir='ltr'>oum</span> <span class='ocrx_word' id='word_1_94' title='bbox 742 1406 889 1470; x_wconf 81' lang='lat' dir='ltr'>llernmam</span> <span class='ocrx_word' id='word_1_95' title='bbox 905 1427 947 1469; x_wconf 85' lang='lat' dir='ltr'>ex</span> <span class='ocrx_word' id='word_1_96' title='bbox 961 1406 1037 1469; x_wconf 91' lang='lat' dir='ltr'>turri</span> <span class='ocrx_word' id='word_1_97' title='bbox 1053 1417 1084 1469; x_wconf 90' lang='lat' dir='ltr'>et</span> <span class='ocrx_word' id='word_1_98' title='bbox 1095 1406 1217 1491; x_wconf 89' lang='lat' dir='ltr'>propin·</span> 
     </span>
     <span class='ocr_line' id='line_1_13' title="bbox 91 1506 1214 1591; baseline 0 -19"><span class='ocrx_word' id='word_1_99' title='bbox 91 1507 206 1591; x_wconf 85' lang='lat' dir='ltr'>quitate</span> <span class='ocrx_word' id='word_1_100' title='bbox 221 1507 281 1571; x_wconf 91' lang='lat' dir='ltr'>loci</span> <span class='ocrx_word' id='word_1_101' title='bbox 295 1516 328 1571; x_wconf 88' lang='lat' dir='ltr'>et</span> <span class='ocrx_word' id='word_1_102' title='bbox 344 1507 425 1571; x_wconf 90' lang='lat' dir='ltr'>uenti</span> <span class='ocrx_word' id='word_1_103' title='bbox 441 1506 644 1590; x_wconf 81' lang='lat' dir='ltr'>magnitudine</span> <span class='ocrx_word' id='word_1_104' title='bbox 664 1507 697 1570; x_wconf 89' lang='lat' dir='ltr'>in</span> <span class='ocrx_word' id='word_1_105' title='bbox 712 1517 814 1571; x_wconf 87' lang='lat' dir='ltr'>cestra</span> <span class='ocrx_word' id='word_1_106' title='bbox 833 1507 964 1590; x_wconf 81' lang='lat' dir='ltr'>perferri</span> <span class='ocrx_word' id='word_1_107' title='bbox 979 1528 1104 1571; x_wconf 88' lang='lat' dir='ltr'>necesse</span> <span class='ocrx_word' id='word_1_108' title='bbox 1120 1517 1214 1572; x_wconf 87' lang='lat' dir='ltr'>esset.</span> 
     </span>
     <span class='ocr_line' id='line_1_14' title="bbox 88 1607 1216 1694; baseline -0.002 -19"><span class='ocrx_word' id='word_1_109' title='bbox 88 1607 204 1693; x_wconf 88' lang='lat' dir='ltr'>Scripsi</span> <span class='ocrx_word' id='word_1_110' title='bbox 224 1609 319 1694; x_wconf 80' lang='lat' dir='ltr'>igitur</span> <span class='ocrx_word' id='word_1_111' title='bbox 342 1608 507 1690; x_wconf 84' lang='lat' dir='ltr'>‘turrisque</span> <span class='ocrx_word' id='word_1_112' title='bbox 521 1608 637 1672; x_wconf 86' lang='lat' dir='ltr'>succisa</span> <span class='ocrx_word' id='word_1_113' title='bbox 654 1608 722 1672; x_wconf 89' lang='lat' dir='ltr'>est&#39;.</span> <span class='ocrx_word' id='word_1_114' title='bbox 759 1607 882 1672; x_wconf 88' lang='lat' dir='ltr'>Etenim</span> <span class='ocrx_word' id='word_1_115' title='bbox 898 1607 1044 1691; x_wconf 77' lang='lat' dir='ltr'>lapidibus</span> <span class='ocrx_word' id='word_1_116' title='bbox 1067 1607 1216 1673; x_wconf 89' lang='lat' dir='ltr'>coniectis</span> 
     </span>
     <span class='ocr_line' id='line_1_15' title="bbox 88 1708 1216 1792; baseline 0 -16"><span class='ocrx_word' id='word_1_117' title='bbox 88 1722 119 1777; x_wconf 89' lang='lat' dir='ltr'>et</span> <span class='ocrx_word' id='word_1_118' title='bbox 133 1711 269 1776; x_wconf 86' lang='lat' dir='ltr'>homiues</span> <span class='ocrx_word' id='word_1_119' title='bbox 283 1708 529 1787; x_wconf 83' lang='lat' dir='ltr'>deturbabantur,</span> <span class='ocrx_word' id='word_1_120' title='bbox 546 1709 656 1792; x_wconf 89' lang='lat' dir='ltr'>etipsa</span> <span class='ocrx_word' id='word_1_121' title='bbox 671 1709 762 1775; x_wconf 90' lang='lat' dir='ltr'>turris</span> <span class='ocrx_word' id='word_1_122' title='bbox 782 1710 1001 1775; x_wconf 88' lang='lat' dir='ltr'>sucoidebatur.</span> <span class='ocrx_word' id='word_1_123' title='bbox 1032 1708 1114 1775; x_wconf 88' lang='lat' dir='ltr'>ldem</span> <span class='ocrx_word' id='word_1_124' title='bbox 1130 1730 1216 1776; x_wconf 91' lang='lat' dir='ltr'>meu·</span> 
     </span>
     <span class='ocr_line' id='line_1_16' title="bbox 89 1808 1215 1897; baseline 0.001 -19"><span class='ocrx_word' id='word_1_125' title='bbox 89 1816 158 1879; x_wconf 87' lang='lat' dir='ltr'>dum</span> <span class='ocrx_word' id='word_1_126' title='bbox 171 1825 256 1879; x_wconf 84' lang='lat' dir='ltr'>recte</span> <span class='ocrx_word' id='word_1_127' title='bbox 269 1814 329 1877; x_wconf 86' lang='lat' dir='ltr'>iam</span> <span class='ocrx_word' id='word_1_128' title='bbox 344 1810 491 1876; x_wconf 88' lang='lat' dir='ltr'>sublatum</span> <span class='ocrx_word' id='word_1_129' title='bbox 509 1820 557 1876; x_wconf 86' lang='lat' dir='ltr'>est</span> <span class='ocrx_word' id='word_1_130' title='bbox 572 1808 628 1887; x_wconf 77' lang='lat' dir='ltr'>lv,</span> <span class='ocrx_word' id='word_1_131' title='bbox 647 1808 698 1887; x_wconf 82' lang='lat' dir='ltr'>te,</span> <span class='ocrx_word' id='word_1_132' title='bbox 719 1809 749 1888; x_wconf 86' lang='lat' dir='ltr'>l,</span> <span class='ocrx_word' id='word_1_133' title='bbox 766 1811 816 1875; x_wconf 91' lang='lat' dir='ltr'>ubi</span> <span class='ocrx_word' id='word_1_134' title='bbox 831 1811 862 1875; x_wconf 91' lang='lat' dir='ltr'>iu</span> <span class='ocrx_word' id='word_1_135' title='bbox 878 1811 998 1895; x_wconf 84' lang='lat' dir='ltr'>optimis</span> <span class='ocrx_word' id='word_1_136' title='bbox 1018 1812 1215 1897; x_wconf 83' lang='lat' dir='ltr'>plurimisque</span> 
     </span>
     <span class='ocr_line' id='line_1_17' title="bbox 88 1913 1214 1999; baseline 0.002 -19"><span class='ocrx_word' id='word_1_137' title='bbox 88 1916 174 1980; x_wconf 90' lang='lat' dir='ltr'>codd.</span> <span class='ocrx_word' id='word_1_138' title='bbox 200 1915 310 1997; x_wconf 78' lang='lat' dir='ltr'>legitor</span> <span class='ocrx_word' id='word_1_139' title='bbox 333 1913 483 1979; x_wconf 88' lang='lat' dir='ltr'>‘omnibus</span> <span class='ocrx_word' id='word_1_140' title='bbox 503 1913 578 1979; x_wconf 88' lang='lat' dir='ltr'>uicis</span> <span class='ocrx_word' id='word_1_141' title='bbox 605 1913 808 1998; x_wconf 80' lang='lat' dir='ltr'>aedificiisque</span> <span class='ocrx_word' id='word_1_142' title='bbox 836 1913 968 1987; x_wconf 79' lang='lat' dir='ltr'>incensis</span> <span class='ocrx_word' id='word_1_143' title='bbox 997 1914 1214 1999; x_wconf 78' lang='lat' dir='ltr'>frumentisque</span> 
     </span>
     <span class='ocr_line' id='line_1_18' title="bbox 88 2016 872 2081; baseline -0.006 0"><span class='ocrx_word' id='word_1_144' title='bbox 88 2016 266 2081; x_wconf 82' lang='lat' dir='ltr'>suocensrs&#39;.</span> <span class='ocrx_word' id='word_1_145' title='bbox 868 2069 872 2076; x_wconf 93' lang='lat'>.</span> 
     </span>
    </p>

    <p class='ocr_par' dir='ltr' id='par_1_3' title="bbox 82 2114 1214 4036">
     <span class='ocr_line' id='line_1_19' title="bbox 178 2114 1213 2204; baseline 0 -21"><span class='ocrx_word' id='word_1_146' title='bbox 178 2114 218 2183; x_wconf 86' lang='lat' dir='ltr'>C.</span> <span class='ocrx_word' id='word_1_147' title='bbox 234 2117 289 2197; x_wconf 78' lang='lat' dir='ltr'>te,</span> <span class='ocrx_word' id='word_1_148' title='bbox 308 2117 325 2183; x_wconf 89' lang='lat'><strong>1</strong></span> <span class='ocrx_word' id='word_1_149' title='bbox 349 2118 495 2185; x_wconf 85' lang='lat' dir='ltr'>edebatur</span> <span class='ocrx_word' id='word_1_150' title='bbox 517 2115 610 2183; x_wconf 84' lang='lat' dir='ltr'>‘Galli</span> <span class='ocrx_word' id='word_1_151' title='bbox 629 2139 664 2182; x_wconf 90' lang='lat' dir='ltr'>rc</span> <span class='ocrx_word' id='word_1_152' title='bbox 685 2118 806 2204; x_wconf 82' lang='lat' dir='ltr'>cognita</span> <span class='ocrx_word' id='word_1_153' title='bbox 829 2137 883 2202; x_wconf 89' lang='lat' dir='ltr'>per</span> <span class='ocrx_word' id='word_1_154' title='bbox 903 2117 1112 2202; x_wconf 82' lang='lat' dir='ltr'>exploratores</span> <span class='ocrx_word' id='word_1_155' title='bbox 1131 2117 1213 2183; x_wconf 89' lang='lat' dir='ltr'>obsi·</span> 
     </span>
     <span class='ocr_line' id='line_1_20' title="bbox 87 2215 1211 2305; baseline -0.001 -19"><span class='ocrx_word' id='word_1_156' title='bbox 87 2222 206 2287; x_wconf 71' lang='lat' dir='ltr'>dionem</span> <span class='ocrx_word' id='word_1_157' title='bbox 222 2223 408 2305; x_wconf 86' lang='lat' dir='ltr'>relinquunt,</span> <span class='ocrx_word' id='word_1_158' title='bbox 424 2222 461 2285; x_wconf 84' lang='lat' dir='ltr'>ad</span> <span class='ocrx_word' id='word_1_159' title='bbox 475 2215 640 2284; x_wconf 87' lang='lat' dir='ltr'>Caesarem</span> <span class='ocrx_word' id='word_1_160' title='bbox 656 2221 793 2285; x_wconf 88' lang='lat' dir='ltr'>omnibus</span> <span class='ocrx_word' id='word_1_161' title='bbox 809 2219 903 2304; x_wconf 88' lang='lat' dir='ltr'>copiis</span> <span class='ocrx_word' id='word_1_162' title='bbox 918 2221 1113 2285; x_wconf 77' lang='lat' dir='ltr'>mutendunt.</span> <span class='ocrx_word' id='word_1_163' title='bbox 1144 2217 1211 2285; x_wconf 83' lang='lat' dir='ltr'>llec</span> 
     </span>
     <span class='ocr_line' id='line_1_21' title="bbox 89 2319 1212 2406; baseline -0.002 -17"><span class='ocrx_word' id='word_1_164' title='bbox 89 2336 176 2390; x_wconf 80' lang='lat' dir='ltr'>erent</span> <span class='ocrx_word' id='word_1_165' title='bbox 202 2335 383 2389; x_wconf 85' lang='lat' dir='ltr'>armatorum</span> <span class='ocrx_word' id='word_1_166' title='bbox 408 2323 531 2388; x_wconf 90' lang='lat' dir='ltr'>circiter</span> <span class='ocrx_word' id='word_1_167' title='bbox 558 2322 641 2386; x_wconf 86' lang='lat' dir='ltr'>milia</span> <span class='ocrx_word' id='word_1_168' title='bbox 668 2323 850 2406; x_wconf 82' lang='lat' dir='ltr'>sexaginta&#39;.</span> <span class='ocrx_word' id='word_1_169' title='bbox 895 2320 1009 2387; x_wconf 88' lang='lat' dir='ltr'>Verum</span> <span class='ocrx_word' id='word_1_170' title='bbox 1038 2321 1071 2383; x_wconf 90' lang='lat' dir='ltr'>iu</span> <span class='ocrx_word' id='word_1_171' title='bbox 1093 2319 1212 2404; x_wconf 87' lang='lat' dir='ltr'>optimis</span> 
     </span>
     <span class='ocr_line' id='line_1_22' title="bbox 87 2420 1214 2510; baseline 0 -20"><span class='ocrx_word' id='word_1_172' title='bbox 87 2427 243 2509; x_wconf 88' lang='lat' dir='ltr'>utriusque</span> <span class='ocrx_word' id='word_1_173' title='bbox 273 2425 401 2488; x_wconf 77' lang='lat' dir='ltr'>familiae</span> <span class='ocrx_word' id='word_1_174' title='bbox 429 2424 529 2501; x_wconf 82' lang='lat' dir='ltr'>codd,</span> <span class='ocrx_word' id='word_1_175' title='bbox 560 2424 632 2487; x_wconf 91' lang='lat' dir='ltr'>item</span> <span class='ocrx_word' id='word_1_176' title='bbox 661 2424 861 2489; x_wconf 86' lang='lat' dir='ltr'>deterioribus</span> <span class='ocrx_word' id='word_1_177' title='bbox 897 2420 1072 2506; x_wconf 76' lang='lat' dir='ltr'>quibusdam</span> <span class='ocrx_word' id='word_1_178' title='bbox 1102 2423 1214 2510; x_wconf 76' lang='lat' dir='ltr'>legitur</span> 
     </span>
     <span class='ocr_line' id='line_1_23' title="bbox 90 2524 1212 2611; baseline 0 -20"><span class='ocrx_word' id='word_1_179' title='bbox 90 2528 256 2600; x_wconf 81' lang='lat' dir='ltr'>‘armatae’.</span> <span class='ocrx_word' id='word_1_180' title='bbox 294 2524 394 2608; x_wconf 75' lang='lat' dir='ltr'>Atque</span> <span class='ocrx_word' id='word_1_181' title='bbox 417 2527 446 2589; x_wconf 93' lang='lat' dir='ltr'>id</span> <span class='ocrx_word' id='word_1_182' title='bbox 465 2526 581 2610; x_wconf 83' lang='lat' dir='ltr'>qnidenr</span> <span class='ocrx_word' id='word_1_183' title='bbox 604 2526 700 2610; x_wconf 86' lang='lat' dir='ltr'>ipsum</span> <span class='ocrx_word' id='word_1_184' title='bbox 722 2527 795 2591; x_wconf 87' lang='lat' dir='ltr'>lerri</span> <span class='ocrx_word' id='word_1_185' title='bbox 821 2547 881 2590; x_wconf 88' lang='lat' dir='ltr'>uon</span> <span class='ocrx_word' id='word_1_186' title='bbox 897 2537 996 2611; x_wconf 85' lang='lat' dir='ltr'>potest</span> <span class='ocrx_word' id='word_1_187' title='bbox 1010 2525 1212 2611; x_wconf 74' lang='lat' dir='ltr'>(signiticaret</span> 
     </span>
     <span class='ocr_line' id='line_1_24' title="bbox 87 2626 1212 2713; baseline -0.001 -19"><span class='ocrx_word' id='word_1_188' title='bbox 87 2629 166 2694; x_wconf 88' lang='lat' dir='ltr'>enim</span> <span class='ocrx_word' id='word_1_189' title='bbox 181 2627 263 2694; x_wconf 86' lang='lat' dir='ltr'>milia</span> <span class='ocrx_word' id='word_1_190' title='bbox 277 2626 341 2693; x_wconf 80' lang='lat' dir='ltr'>Lx</span> <span class='ocrx_word' id='word_1_191' title='bbox 354 2629 507 2713; x_wconf 83' lang='lat' dir='ltr'>copiarum</span> <span class='ocrx_word' id='word_1_192' title='bbox 522 2626 629 2693; x_wconf 84' lang='lat' dir='ltr'>Gellos</span> <span class='ocrx_word' id='word_1_193' title='bbox 643 2627 803 2706; x_wconf 87' lang='lat' dir='ltr'>babuisse,</span> <span class='ocrx_word' id='word_1_194' title='bbox 828 2629 904 2711; x_wconf 93' lang='lat' dir='ltr'>quod</span> <span class='ocrx_word' id='word_1_195' title='bbox 919 2627 1053 2712; x_wconf 87' lang='lat' dir='ltr'>ineptum</span> <span class='ocrx_word' id='word_1_196' title='bbox 1067 2636 1140 2711; x_wconf 83' lang='lat' dir='ltr'>est),</span> <span class='ocrx_word' id='word_1_197' title='bbox 1156 2628 1212 2693; x_wconf 90' lang='lat' dir='ltr'>sed</span> 
     </span>
     <span class='ocr_line' id='line_1_25' title="bbox 85 2730 1212 2815; baseline 0.001 -21"><span class='ocrx_word' id='word_1_198' title='bbox 85 2731 275 2796; x_wconf 88' lang='lat' dir='ltr'>scribendum</span> <span class='ocrx_word' id='word_1_199' title='bbox 290 2744 357 2797; x_wconf 85' lang='lat' dir='ltr'>erat</span> <span class='ocrx_word' id='word_1_200' title='bbox 366 2732 435 2796; x_wconf 86' lang='lat' dir='ltr'>‘bae</span> <span class='ocrx_word' id='word_1_201' title='bbox 449 2741 537 2795; x_wconf 85' lang='lat' dir='ltr'>erant</span> <span class='ocrx_word' id='word_1_202' title='bbox 551 2738 666 2794; x_wconf 78' lang='lat' dir='ltr'>armate</span> <span class='ocrx_word' id='word_1_203' title='bbox 681 2731 802 2795; x_wconf 85' lang='lat' dir='ltr'>circiter</span> <span class='ocrx_word' id='word_1_204' title='bbox 816 2730 895 2796; x_wconf 87' lang='lat' dir='ltr'>milia</span> <span class='ocrx_word' id='word_1_205' title='bbox 910 2731 1092 2815; x_wconf 60' lang='lat' dir='ltr'>sexaginte,</span> <span class='ocrx_word' id='word_1_206' title='bbox 1109 2751 1212 2813; x_wconf 82' lang='lat' dir='ltr'>querc·</span> 
     </span>
     <span class='ocr_line' id='line_1_26' title="bbox 88 2830 1212 2918; baseline 0 -20"><span class='ocrx_word' id='word_1_207' title='bbox 88 2835 246 2898; x_wconf 87' lang='lat' dir='ltr'>admodum</span> <span class='ocrx_word' id='word_1_208' title='bbox 261 2830 378 2899; x_wconf 75' lang='lat' dir='ltr'>Caesar</span> <span class='ocrx_word' id='word_1_209' title='bbox 392 2833 471 2897; x_wconf 81' lang='lat' dir='ltr'>dixit</span> <span class='ocrx_word' id='word_1_210' title='bbox 485 2834 550 2898; x_wconf 88' lang='lat' dir='ltr'>bor.</span> <span class='ocrx_word' id='word_1_211' title='bbox 569 2852 677 2896; x_wconf 70' lang='lat' dir='ltr'>comen</span> <span class='ocrx_word' id='word_1_212' title='bbox 700 2830 742 2909; x_wconf 89' lang='lat' dir='ltr'>ll,</span> <span class='ocrx_word' id='word_1_213' title='bbox 759 2830 829 2910; x_wconf 79' lang='lat' dir='ltr'>t‚5</span> <span class='ocrx_word' id='word_1_214' title='bbox 861 2834 929 2898; x_wconf 83' lang='lat' dir='ltr'>‘bos</span> <span class='ocrx_word' id='word_1_215' title='bbox 951 2854 1039 2918; x_wconf 89' lang='lat' dir='ltr'>posse</span> <span class='ocrx_word' id='word_1_216' title='bbox 1060 2834 1212 2898; x_wconf 83' lang='lat' dir='ltr'>conticere</span> 
     </span>
     <span class='ocr_line' id='line_1_27' title="bbox 86 2933 1211 3019; baseline 0 -19"><span class='ocrx_word' id='word_1_217' title='bbox 86 2948 200 3002; x_wconf 85' lang='lat' dir='ltr'>armata</span> <span class='ocrx_word' id='word_1_218' title='bbox 216 2937 299 3001; x_wconf 82' lang='lat' dir='ltr'>milia</span> <span class='ocrx_word' id='word_1_219' title='bbox 313 2936 443 3001; x_wconf 85' lang='lat' dir='ltr'>centum’</span> <span class='ocrx_word' id='word_1_220' title='bbox 458 2946 490 3000; x_wconf 91' lang='lat' dir='ltr'>ct</span> <span class='ocrx_word' id='word_1_221' title='bbox 504 2935 577 2998; x_wconf 87' lang='lat' dir='ltr'>ibid.</span> <span class='ocrx_word' id='word_1_222' title='bbox 594 2938 623 3017; x_wconf 60' lang='grc' dir='ltr'>ξ.</span> <span class='ocrx_word' id='word_1_223' title='bbox 641 2933 663 2997; x_wconf 89' lang='lat'><em>8</em></span> <span class='ocrx_word' id='word_1_224' title='bbox 680 2933 825 3019; x_wconf 87' lang='lat' dir='ltr'>‘polliceri</span> <span class='ocrx_word' id='word_1_225' title='bbox 840 2936 921 3000; x_wconf 89' lang='lat' dir='ltr'>milia</span> <span class='ocrx_word' id='word_1_226' title='bbox 936 2947 1050 3000; x_wconf 76' lang='lat' dir='ltr'>armeta</span> <span class='ocrx_word' id='word_1_227' title='bbox 1064 2937 1211 3019; x_wconf 82' lang='lat' dir='ltr'>quiuqua-</span> 
     </span>
     <span class='ocr_line' id='line_1_28' title="bbox 86 3035 1211 3127; baseline -0.002 -24"><span class='ocrx_word' id='word_1_228' title='bbox 86 3038 194 3127; x_wconf 74' lang='lat' dir='ltr'>pinta&#39;,</span> <span class='ocrx_word' id='word_1_229' title='bbox 219 3061 257 3105; x_wconf 89' lang='lat' dir='ltr'>ne</span> <span class='ocrx_word' id='word_1_230' title='bbox 278 3039 363 3125; x_wconf 86' lang='lat' dir='ltr'>plura</span> <span class='ocrx_word' id='word_1_231' title='bbox 383 3037 542 3103; x_wconf 87' lang='lat' dir='ltr'>ascribam.</span> <span class='ocrx_word' id='word_1_232' title='bbox 583 3035 673 3101; x_wconf 88' lang='lat' dir='ltr'>‘llae’</span> <span class='ocrx_word' id='word_1_233' title='bbox 695 3049 795 3102; x_wconf 89' lang='lat' dir='ltr'>autern</span> <span class='ocrx_word' id='word_1_234' title='bbox 810 3049 841 3102; x_wconf 91' lang='lat' dir='ltr'>et</span> <span class='ocrx_word' id='word_1_235' title='bbox 858 3039 955 3102; x_wconf 87' lang='lat' dir='ltr'>‘baec&#39;</span> <span class='ocrx_word' id='word_1_236' title='bbox 978 3035 1211 3121; x_wconf 84' lang='lat' dir='ltr'>Oudendorpiue</span> 
     </span>
     <span class='ocr_line' id='line_1_29' title="bbox 86 3137 1209 3227; baseline 0.001 -23"><span class='ocrx_word' id='word_1_237' title='bbox 86 3141 145 3224; x_wconf 75' lang='lat' dir='ltr'>legi</span> <span class='ocrx_word' id='word_1_238' title='bbox 167 3141 209 3203; x_wconf 90' lang='lat' dir='ltr'>ait</span> <span class='ocrx_word' id='word_1_239' title='bbox 228 3141 261 3204; x_wconf 90' lang='lat' dir='ltr'>iu</span> <span class='ocrx_word' id='word_1_240' title='bbox 283 3142 369 3206; x_wconf 88' lang='lat' dir='ltr'>codd.</span> <span class='ocrx_word' id='word_1_241' title='bbox 394 3141 587 3224; x_wconf 84' lang='lat' dir='ltr'>quibusdam:</span> <span class='ocrx_word' id='word_1_242' title='bbox 617 3140 711 3219; x_wconf 91' lang='lat' dir='ltr'>illud,</span> <span class='ocrx_word' id='word_1_243' title='bbox 736 3143 813 3227; x_wconf 91' lang='lat' dir='ltr'>quod</span> <span class='ocrx_word' id='word_1_244' title='bbox 837 3141 938 3225; x_wconf 90' lang='lat' dir='ltr'>posui,</span> <span class='ocrx_word' id='word_1_245' title='bbox 963 3141 1055 3205; x_wconf 87' lang='lat' dir='ltr'>estin</span> <span class='ocrx_word' id='word_1_246' title='bbox 1071 3137 1143 3204; x_wconf 86' lang='lat' dir='ltr'>Par.</span> <span class='ocrx_word' id='word_1_247' title='bbox 1160 3160 1209 3224; x_wconf 86' lang='lat' dir='ltr'>pr.</span> 
     </span>
     <span class='ocr_line' id='line_1_30' title="bbox 86 3238 1208 3327; baseline 0.002 -23"><span class='ocrx_word' id='word_1_248' title='bbox 86 3240 180 3304; x_wconf 89' lang='lat' dir='ltr'>Voss.</span> <span class='ocrx_word' id='word_1_249' title='bbox 205 3262 251 3323; x_wconf 89' lang='lat' dir='ltr'>pr.</span> <span class='ocrx_word' id='word_1_250' title='bbox 275 3241 366 3326; x_wconf 77' lang='lat' dir='ltr'>Egm.</span> <span class='ocrx_word' id='word_1_251' title='bbox 392 3241 492 3309; x_wconf 82' lang='lat' dir='ltr'>llaun.</span> <span class='ocrx_word' id='word_1_252' title='bbox 516 3264 577 3326; x_wconf 90' lang='lat' dir='ltr'>pr.,</span> <span class='ocrx_word' id='word_1_253' title='bbox 603 3241 699 3306; x_wconf 82' lang='lat' dir='ltr'>‘baec&#39;</span> <span class='ocrx_word' id='word_1_254' title='bbox 722 3242 754 3305; x_wconf 89' lang='lat' dir='ltr'>in</span> <span class='ocrx_word' id='word_1_255' title='bbox 769 3239 868 3327; x_wconf 71' lang='lat' dir='ltr'>lioug.</span> <span class='ocrx_word' id='word_1_256' title='bbox 886 3264 932 3327; x_wconf 90' lang='lat' dir='ltr'>pr.</span> <span class='ocrx_word' id='word_1_257' title='bbox 963 3238 1025 3306; x_wconf 91' lang='lat' dir='ltr'>Sed</span> <span class='ocrx_word' id='word_1_258' title='bbox 1046 3243 1084 3306; x_wconf 88' lang='lat' dir='ltr'>ad</span> <span class='ocrx_word' id='word_1_259' title='bbox 1101 3241 1208 3307; x_wconf 80' lang='lat' dir='ltr'>‘milia’</span> 
     </span>
     <span class='ocr_line' id='line_1_31' title="bbox 85 3341 1209 3428; baseline 0.003 -21"><span class='ocrx_word' id='word_1_260' title='bbox 85 3341 270 3428; x_wconf 88' lang='lat' dir='ltr'>pronominis</span> <span class='ocrx_word' id='word_1_261' title='bbox 293 3343 388 3407; x_wconf 78' lang='lat' dir='ltr'>forma</span> <span class='ocrx_word' id='word_1_262' title='bbox 410 3343 626 3409; x_wconf 86' lang='lat' dir='ltr'>accommodari</span> <span class='ocrx_word' id='word_1_263' title='bbox 648 3364 709 3406; x_wconf 89' lang='lat' dir='ltr'>non</span> <span class='ocrx_word' id='word_1_264' title='bbox 731 3354 848 3426; x_wconf 87' lang='lat' dir='ltr'>potest,</span> <span class='ocrx_word' id='word_1_265' title='bbox 879 3367 945 3409; x_wconf 89' lang='lat' dir='ltr'>cum</span> <span class='ocrx_word' id='word_1_266' title='bbox 974 3366 1035 3409; x_wconf 91' lang='lat' dir='ltr'>uon</span> <span class='ocrx_word' id='word_1_267' title='bbox 1055 3345 1209 3411; x_wconf 78' lang='lat' dir='ltr'>indefinite</span> 
     </span>
     <span class='ocr_line' id='line_1_32' title="bbox 85 3444 1210 3528; baseline 0.005 -21"><span class='ocrx_word' id='word_1_268' title='bbox 85 3456 213 3528; x_wconf 87' lang='lat' dir='ltr'>ponatur</span> <span class='ocrx_word' id='word_1_269' title='bbox 235 3444 327 3526; x_wconf 79' lang='lat' dir='ltr'>(quod</span> <span class='ocrx_word' id='word_1_270' title='bbox 342 3463 408 3506; x_wconf 92' lang='lat' dir='ltr'>cum</span> <span class='ocrx_word' id='word_1_271' title='bbox 423 3445 468 3523; x_wconf 83' lang='lat' dir='ltr'>itt,</span> <span class='ocrx_word' id='word_1_272' title='bbox 491 3467 548 3509; x_wconf 89' lang='lat' dir='ltr'>nos</span> <span class='ocrx_word' id='word_1_273' title='bbox 564 3454 700 3508; x_wconf 76' lang='lat' dir='ltr'>ceunum</span> <span class='ocrx_word' id='word_1_274' title='bbox 716 3446 872 3527; x_wconf 87' lang='lat' dir='ltr'>ponimns,</span> <span class='ocrx_word' id='word_1_275' title='bbox 894 3445 996 3512; x_wconf 86' lang='lat' dir='ltr'>Latini</span> <span class='ocrx_word' id='word_1_276' title='bbox 1018 3446 1210 3513; x_wconf 81' lang='lat' dir='ltr'>attractionis</span> 
     </span>
     <span class='ocr_line' id='line_1_33' title="bbox 85 3546 1209 3634; baseline 0.004 -26"><span class='ocrx_word' id='word_1_277' title='bbox 85 3547 180 3628; x_wconf 66' lang='lat' dir='ltr'>ligura</span> <span class='ocrx_word' id='word_1_278' title='bbox 196 3555 347 3627; x_wconf 89' lang='lat' dir='ltr'>utuntur),</span> <span class='ocrx_word' id='word_1_279' title='bbox 371 3546 424 3608; x_wconf 90' lang='lat' dir='ltr'>sed</span> <span class='ocrx_word' id='word_1_280' title='bbox 447 3550 485 3612; x_wconf 92' lang='lat' dir='ltr'>ad</span> <span class='ocrx_word' id='word_1_281' title='bbox 506 3559 620 3611; x_wconf 86' lang='lat' dir='ltr'>certum</span> <span class='ocrx_word' id='word_1_282' title='bbox 640 3546 817 3611; x_wconf 83' lang='lat' dir='ltr'>uocabulum</span> <span class='ocrx_word' id='word_1_283' title='bbox 838 3548 868 3611; x_wconf 92' lang='lat' dir='ltr'>iu</span> <span class='ocrx_word' id='word_1_284' title='bbox 884 3548 1089 3634; x_wconf 86' lang='lat' dir='ltr'>superioribus</span> <span class='ocrx_word' id='word_1_285' title='bbox 1105 3548 1209 3613; x_wconf 85' lang='lat' dir='ltr'>uerbis</span> 
     </span>
     <span class='ocr_line' id='line_1_34' title="bbox 85 3647 1208 3734; baseline 0.005 -23"><span class='ocrx_word' id='word_1_286' title='bbox 85 3648 211 3730; x_wconf 86' lang='lat' dir='ltr'>positum</span> <span class='ocrx_word' id='word_1_287' title='bbox 222 3648 380 3732; x_wconf 89' lang='lat' dir='ltr'>pertineat.</span> <span class='ocrx_word' id='word_1_288' title='bbox 399 3647 483 3713; x_wconf 89' lang='lat' dir='ltr'>llaec</span> <span class='ocrx_word' id='word_1_289' title='bbox 498 3651 577 3713; x_wconf 85' lang='lat' dir='ltr'>enirn</span> <span class='ocrx_word' id='word_1_290' title='bbox 592 3650 742 3713; x_wconf 87' lang='lat' dir='ltr'>sententia</span> <span class='ocrx_word' id='word_1_291' title='bbox 758 3650 941 3733; x_wconf 77' lang='lat' dir='ltr'>requiritur:</span> <span class='ocrx_word' id='word_1_292' title='bbox 960 3649 1208 3734; x_wconf 83' lang='lat' dir='ltr'>baeeopiaccoo·</span> 
     </span>
     <span class='ocr_line' id='line_1_35' title="bbox 83 3748 1208 3837; baseline 0.007 -26"><span class='ocrx_word' id='word_1_293' title='bbox 83 3748 204 3812; x_wconf 85' lang='lat' dir='ltr'>stabant</span> <span class='ocrx_word' id='word_1_294' title='bbox 225 3750 350 3813; x_wconf 78' lang='lat' dir='ltr'>renuatis</span> <span class='ocrx_word' id='word_1_295' title='bbox 373 3751 492 3816; x_wconf 88' lang='lat' dir='ltr'>milibus</span> <span class='ocrx_word' id='word_1_296' title='bbox 513 3748 587 3817; x_wconf 82' lang='lat' dir='ltr'>LX.</span> <span class='ocrx_word' id='word_1_297' title='bbox 624 3748 683 3814; x_wconf 88' lang='lat' dir='ltr'>llic</span> <span class='ocrx_word' id='word_1_298' title='bbox 705 3751 793 3815; x_wconf 81' lang='lat' dir='ltr'>etiem</span> <span class='ocrx_word' id='word_1_299' title='bbox 816 3752 888 3817; x_wconf 88' lang='lat' dir='ltr'>illud</span> <span class='ocrx_word' id='word_1_300' title='bbox 909 3754 1041 3831; x_wconf 89' lang='lat' dir='ltr'>accedit,</span> <span class='ocrx_word' id='word_1_301' title='bbox 1068 3754 1157 3837; x_wconf 92' lang='lat' dir='ltr'>quod,</span> <span class='ocrx_word' id='word_1_302' title='bbox 1180 3754 1208 3819; x_wconf 84' lang='lat' dir='ltr'>si</span> 
     </span>
     <span class='ocr_line' id='line_1_36' title="bbox 85 3849 1210 3936; baseline 0.008 -24"><span class='ocrx_word' id='word_1_303' title='bbox 85 3849 182 3913; x_wconf 87' lang='lat' dir='ltr'>‘baec&#39;</span> <span class='ocrx_word' id='word_1_304' title='bbox 204 3853 348 3936; x_wconf 88' lang='lat' dir='ltr'>scriptum</span> <span class='ocrx_word' id='word_1_305' title='bbox 370 3852 493 3931; x_wconf 85' lang='lat' dir='ltr'>luisset,</span> <span class='ocrx_word' id='word_1_306' title='bbox 517 3857 596 3918; x_wconf 90' lang='lat' dir='ltr'>unde</span> <span class='ocrx_word' id='word_1_307' title='bbox 613 3853 768 3917; x_wconf 76' lang='lat' dir='ltr'>‘mmatae’</span> <span class='ocrx_word' id='word_1_308' title='bbox 782 3864 881 3919; x_wconf 90' lang='lat' dir='ltr'>ortum</span> <span class='ocrx_word' id='word_1_309' title='bbox 897 3866 991 3935; x_wconf 87' lang='lat' dir='ltr'>esset,</span> <span class='ocrx_word' id='word_1_310' title='bbox 1015 3877 1074 3919; x_wconf 90' lang='lat' dir='ltr'>non</span> <span class='ocrx_word' id='word_1_311' title='bbox 1090 3856 1210 3921; x_wconf 88' lang='lat' dir='ltr'>intelle·</span> 
     </span>
     <span class='ocr_line' id='line_1_37' title="bbox 82 3962 214 4036; baseline -0.015 -21"><span class='ocrx_word' id='word_1_312' title='bbox 82 3962 214 4036; x_wconf 74' lang='lat' dir='ltr'>geretur.</span> 
     </span>
    </p>

    <p class='ocr_par' dir='ltr' id='par_1_4' title="bbox 81 4051 1209 4347">
     <span class='ocr_line' id='line_1_38' title="bbox 169 4051 1209 4131; baseline 0.006 -14"><span class='ocrx_word' id='word_1_313' title='bbox 169 4051 207 4117; x_wconf 88' lang='lat' dir='ltr'>C.</span> <span class='ocrx_word' id='word_1_314' title='bbox 227 4053 280 4131; x_wconf 80' lang='lat'>58,</span> <span class='ocrx_word' id='word_1_315' title='bbox 296 4056 317 4119; x_wconf 81' lang='lat' dir='ltr'>d</span> <span class='ocrx_word' id='word_1_316' title='bbox 333 4053 494 4119; x_wconf 88' lang='lat' dir='ltr'>secuudum</span> <span class='ocrx_word' id='word_1_317' title='bbox 510 4057 595 4121; x_wconf 89' lang='lat' dir='ltr'>codd.</span> <span class='ocrx_word' id='word_1_318' title='bbox 613 4057 654 4122; x_wconf 87' lang='lat' dir='ltr'>ita</span> <span class='ocrx_word' id='word_1_319' title='bbox 670 4058 858 4123; x_wconf 89' lang='lat' dir='ltr'>scribendum</span> <span class='ocrx_word' id='word_1_320' title='bbox 875 4072 940 4125; x_wconf 80' lang='lat' dir='ltr'>est:</span> <span class='ocrx_word' id='word_1_321' title='bbox 960 4059 1080 4126; x_wconf 83' lang='lat' dir='ltr'>‘Subito</span> <span class='ocrx_word' id='word_1_322' title='bbox 1095 4056 1209 4123; x_wconf 83' lang='lat' dir='ltr'>Labic-</span> 
     </span>
     <span class='ocr_line' id='line_1_39' title="bbox 81 4155 1208 4247; baseline 0.004 -28"><span class='ocrx_word' id='word_1_323' title='bbox 81 4175 140 4219; x_wconf 89' lang='lat' dir='ltr'>nus</span> <span class='ocrx_word' id='word_1_324' title='bbox 155 4155 270 4220; x_wconf 82' lang='lat' dir='ltr'>duabus</span> <span class='ocrx_word' id='word_1_325' title='bbox 285 4157 377 4241; x_wconf 90' lang='lat' dir='ltr'>portis</span> <span class='ocrx_word' id='word_1_326' title='bbox 393 4178 511 4221; x_wconf 87' lang='lat' dir='ltr'>omnem</span> <span class='ocrx_word' id='word_1_327' title='bbox 526 4159 691 4242; x_wconf 86' lang='lat' dir='ltr'>equitatum</span> <span class='ocrx_word' id='word_1_328' title='bbox 707 4162 828 4240; x_wconf 86' lang='lat' dir='ltr'>emittit,</span> <span class='ocrx_word' id='word_1_329' title='bbox 852 4163 1098 4247; x_wconf 86' lang='lat' dir='ltr'>praecipitatque</span> <span class='ocrx_word' id='word_1_330' title='bbox 1114 4161 1208 4225; x_wconf 90' lang='lat' dir='ltr'>inter·</span> 
     </span>
     <span class='ocr_line' id='line_1_40' title="bbox 81 4258 1209 4347; baseline 0.004 -24"><span class='ocrx_word' id='word_1_331' title='bbox 81 4258 164 4337; x_wconf 81' lang='lat' dir='ltr'>dicit,</span> <span class='ocrx_word' id='word_1_332' title='bbox 187 4259 357 4344; x_wconf 85' lang='lat' dir='ltr'>proterritis</span> <span class='ocrx_word' id='word_1_333' title='bbox 373 4260 508 4325; x_wconf 83' lang='lat' dir='ltr'>hostibus</span> <span class='ocrx_word' id='word_1_334' title='bbox 522 4271 611 4343; x_wconf 89' lang='lat' dir='ltr'>atque</span> <span class='ocrx_word' id='word_1_335' title='bbox 625 4261 656 4324; x_wconf 90' lang='lat' dir='ltr'>in</span> <span class='ocrx_word' id='word_1_336' title='bbox 671 4263 771 4346; x_wconf 78' lang='lat' dir='ltr'>lugam</span> <span class='ocrx_word' id='word_1_337' title='bbox 786 4265 929 4330; x_wconf 87' lang='lat' dir='ltr'>coniectis</span> <span class='ocrx_word' id='word_1_338' title='bbox 945 4264 1037 4347; x_wconf 90' lang='lat' dir='ltr'>(quod</span> <span class='ocrx_word' id='word_1_339' title='bbox 1053 4265 1130 4343; x_wconf 85' lang='lat' dir='ltr'>lore,</span> <span class='ocrx_word' id='word_1_340' title='bbox 1147 4263 1209 4327; x_wconf 85' lang='lat' dir='ltr'>sic·</span> 
     </span>
    </p>
   </div>
   <div class='ocr_carea' id='block_1_3' title="bbox 0 0 1350 4688">
    <p class='ocr_par' dir='ltr' id='par_1_5' title="bbox 0 0 1350 4688">
     <span class='ocr_line' id='line_1_41' title="bbox 0 0 1350 4688; baseline 0 4"><span class='ocrx_word' id='word_1_341' title='bbox 0 0 1350 4688; x_wconf 95' lang='lat' dir='ltr'> </span> 
     </span>
    </p>
   </div>
  </div>
 </body>
</html>
