2684 4694
518 230 840 298 -153-

208 401 280 468 tiu.
298 400 365 478 tlt,
381 402 402 466 2
418 403 491 467 lmen
507 403 543 466 de
558 398 694 468 Caesare
708 403 866 486 legunture
892 402 970 470 ‘llis
991 406 1083 470 rebus
1105 417 1136 470 et
1161 407 1244 471 leriis

121 505 244 573 Latinis
260 506 446 590 eomitiisque
467 506 603 570 omuibus
618 507 807 592 perlleiendis
822 503 871 570 XI
884 507 948 573 dies
964 508 1067 573 tribuit
1081 509 1244 574 utentum·

122 632 181 696 que
204 631 239 674 ae
264 608 381 673 abdieat
400 619 430 674 et
451 609 488 673 alu
510 609 585 673 urbo
608 609 807 693 prulleiseitnr
820 607 1069 695 Brundisiumque
1092 611 1242 697 peruenit.

122 711 172 777 Eo
186 713 322 797 legiones
336 709 399 776 xlt
420 723 452 776 et
471 713 634 795 equitatum
658 734 775 778 omnem
791 714 896 778 uenire
912 714 1054 777 iusserat.
1101 709 1162 777 Sed
1178 724 1245 777 tan·

121 828 185 880 tum
201 815 321 879 nauium
336 815 465 899 reperit,
490 826 524 878 nt
537 825 665 900 anguste
680 813 743 880 XV
759 816 837 880 milia
854 816 1090 901 legionariorum
1106 816 1244 893 militum,

122 916 152 983 B
167 918 284 1001 equites
298 926 505 999 transportare
520 929 654 1001 possent.
686 916 752 981 Boo
767 939 871 998 unum,
887 919 988 1004 inopia
1004 918 1142 997 nauium,
1166 913 1246 982 Cae·

121 1020 185 1086 aeri
199 1021 236 1084 ad
254 1019 437 1085 eeleritatem
453 1019 627 1085 eondeiendi
642 1019 709 1084 belli
726 1022 828 1085 deluit.
857 1020 959 1105 Atque
975 1020 1033 1084 hue
1045 1021 1127 1104 ipsae
1143 1020 1247 1104 copiae

122 1125 182 1188 lune
195 1122 447 1206 infrequentiores
462 1123 675 1208 imponuntur,
698 1123 775 1206 quod
795 1124 879 1187 multi
894 1120 1020 1187 Gallicis
1035 1134 1081 1187 tut
1094 1121 1180 1186 bellis
1195 1125 1246 1187 de·

124 1227 277 1303 feeerant,
302 1224 481 1309 longumque
503 1227 564 1288 iter
585 1246 626 1288 ex
649 1224 792 1310 llispania
817 1247 954 1312 maguum
976 1247 1132 1289 nnmerum
1155 1224 1246 1289 demi·

122 1337 244 1402 ruerat,
261 1333 293 1392 et
308 1328 410 1410 grauis
426 1338 586 1392 autumnus
601 1328 632 1391 in
643 1327 934 1412 Apulia'oiroumque
945 1325 1139 1392 Brundisium
1150 1346 1247 1391 exsu-

123 1427 427 1496 lalern'mislialliee
448 1441 537 1516 atque
552 1428 717 1514 Hispaniae
740 1429 914 1515 regionibus
936 1432 1053 1496 omnem
1076 1430 1246 1496 exereitum

124 1533 296 1598 ualetudine
311 1535 529 1620 temptauerat’:
561 1532 621 1598 llic
638 1534 731 1598 uerba
748 1533 868 1618 ‘inopia
884 1534 1019 1598 nauium’
1035 1533 1161 1598 delenda
1177 1552 1247 1597 esse

123 1635 335 1701 Betumanms
343 1636 515 1722 perspexit:
533 1638 723 1721 nequeenim
739 1636 854 1721 inopia,
872 1638 924 1702 sed
941 1637 1155 1722 oopianaarium
1165 1633 1245 1701 Cae·

123 1739 317 1804 seri'deernt.
335 1736 395 1804 Sed
411 1740 538 1804 alterum
554 1740 648 1804 multu
662 1740 785 1823 grauius
800 1738 915 1804 uulnua'
925 1738 1027 1804 uerbis
1038 1739 1185 1823 proximis
1194 1760 1245 1803 su·

122 1842 294 1927 periorilrus
318 1842 430 1905 illatum
451 1841 569 1905 detexit
590 1836 783 1905 Ciaoeonius.
813 1839 922 1925 Neque
946 1842 1025 1906 enim
1048 1839 1167 1906 Caesar
1179 1836 1245 1906 XV

122 1945 206 2008 uilia
222 1963 317 2008 naues
333 1943 449 2027 oepisse
470 1953 616 2006 ettamen
632 1942 685 2006 has
706 1943 807 2026 eopiaa
822 1945 1074 2032 infrequentiores
1090 1944 1247 2027 impositas

123 2066 197 2111 esse
220 2045 353 2108 seribere
375 2054 503 2126 poterat.
533 2042 615 2106 Nam
632 2065 699 2107 enm
722 2045 750 2107 id
772 2054 916 2126 queratur
930 2045 967 2109 ob
983 2046 1100 2111 nauium
1117 2045 1247 2130 inopiam

123 2169 161 2213 se
177 2168 238 2210 non
255 2166 359 2209 omnes
379 2145 509 2218 milites,
534 2146 582 2227 qui
599 2142 750 2209 Brundisii
766 2146 910 2224 aderant,
933 2148 1087 2232 imponere
1102 2149 1246 2230 potuisse,

125 2252 229 2338 plures
244 2269 330 2333 quum
345 2243 409 2309 XV
418 2247 499 2310 milia
514 2247 637 2312 affuisse
652 2259 785 2333 apparet.
816 2244 927 2331 Neque
942 2250 1063 2312 omuino
1079 2261 1179 2312 certus
1194 2271 1249 2312 uu·

125 2374 227 2417 merus
243 2351 465 2434 infrequentior
485 2350 542 2414 dioi
565 2360 683 2434 potest,
702 2373 767 2415 oum
782 2351 847 2436 ipse
862 2372 1004 2415 numerus
1020 2352 1182 2415 seourrdum
1198 2372 1249 2415 oo·

125 2455 205 2541 piant
220 2463 427 2519 commutetur.
466 2451 557 2531 Vidi,
583 2453 632 2536 qni
651 2454 754 2518 uerbis
777 2462 883 2539 ‘atque
905 2454 960 2518 hae
975 2455 1057 2539 ipsae
1073 2454 1177 2538 eopiae
1193 2454 1248 2518 lroe

123 2556 376 2640 infrequentiores
391 2557 598 2640 imponuntur'
622 2557 659 2620 de
675 2557 831 2623 duodeeim
846 2557 1012 2642 legionibus
1029 2559 1086 2622 diei
1102 2559 1249 2642 interpre-

125 2672 280 2726 tarentur:
298 2659 383 2742 quasi
400 2679 474 2723 uero
490 2680 544 2724 eae
559 2679 663 2723 ornnes
678 2661 835 2744 impositae
851 2671 964 2725 essent.
1003 2661 1051 2724 Ad
1067 2663 1248 2726 sententiam

124 2773 210 2828 reete
224 2758 406 2826 Ciaeoouiur
422 2761 529 2826 statuit
550 2783 611 2824 uon
634 2758 710 2825 ‘XV
725 2761 817 2826 ruilia'
834 2758 998 2827 Caesarem
1015 2764 1170 2847 posuisse,
1195 2762 1248 2827 sed

124 2865 277 2950 legionum
293 2884 464 2929 numerum:
488 2864 583 2928 uerba
596 2875 697 2929 tamen
721 2863 1130 2948 ‘legionariorummilitum'
1153 2887 1191 2928 ue
1206 2866 1249 2928 le·

125 2968 248 3053 giorum
264 2967 400 3051 quidem,
423 2967 478 3030 ae'd
503 2965 670 3030 cohortium
685 2987 839 3030 numerum
856 2967 1038 3031 declaratum
1057 2967 1149 3030 luisse
1164 2967 1249 3030 euin-

127 3082 210 3136 ount.
227 3069 313 3135 llaec
329 3071 545 3133 uouiirmantnr
559 3066 772 3146 uerbisc.6,3
790 3068 972 3151 ‘impositam
991 3070 1249 3153 utsuprademon·

124 3183 251 3238 stratum
266 3185 325 3251 est,
339 3173 479 3256 >legiones
490 3168 572 3234 Vll'.
596 3167 676 3233 Nam
693 3191 759 3234 oum
774 3169 911 3256 legiones
925 3190 996 3233 raro
1011 3170 1117 3255 plenae
1132 3182 1247 3252 msentq

123 3275 252 3341 militum
268 3296 405 3353 numero,
423 3284 497 3358 quot
510 3272 644 3356 legiones
661 3272 801 3350 luissent,
825 3272 1024 3338 demoramuri
1040 3295 1100 3338 nou
1115 3274 1246 3358 poter-ati

125 3375 188 3443 Set
203 3392 242 3442 rte
256 3378 310 3442 illo
325 3378 440 3463 quidem
457 3377 523 3440 loeo
539 3395 644 3438 uerum
660 3380 818 3438 annuorum
829 3375 992 3458 legeram,
1009 3380 1087 3460 quae
1102 3380 1168 3442 'eum
1183 3378 1248 3462 ipso

124 3479 467 3557 Caesaretraieeeruut,
477 3487 631 3544 seruatum
640 3476 874 3552 eass,etsiidem
884 3478 1176 3564 ap'ndAppianumlu.
1186 3478 1247 3546 eiu.

122 3581 167 3663 ll,
185 3583 228 3648 54
241 3583 363 3667 legitur,
380 3602 476 3666 neque
491 3581 606 3646 reatino
613 3577 806 3645 Plutarchum
816 3575 908 3644 Caes.
919 3578 1248 3668 usquequaquam·

125 3708 193 3751 oum
209 3680 345 3750 Caesare
361 3685 510 3768 prolectas
526 3684 646 3747 tradere
661 3681 739 3747 ratio
756 3683 843 3767 paulo
858 3682 1028 3749 accuratius
1043 3684 1183 3762 instituta
1197 3685 1250 3751 do·

125 3789 216 3853 uehit.
248 3784 287 3852 C.
305 3788 384 3852 enim
398 3785 421 3850 2
436 3783 599 3850 Caesarem
615 3787 732 3849 referre
753 3784 880 3849 uidimus
901 3806 973 3851 aeae
985 3786 1138 3852 duodoe‘im
1155 3788 1250 3875 legio·

124 3912 181 3957 nes
195 3888 388 3956 Brundisium
406 3888 568 3952 conuenire
582 3887 720 3952 iussisse.
745 3883 798 3950 Bx
813 3886 858 3951 luis
873 3888 1057 3972 aliquantum
1072 3901 1140 3976 post
1154 3891 1249 3977 ipsius

127 3990 271 4061 Caesaris
291 3993 507 4080 profectionem
529 3987 576 4055 Μ.
602 3988 755 4053 Antonius
775 3991 935 4055 seeundum
964 4004 1159 4058 commeatum
1188 4006 1250 4058 tra-

125 4098 212 4163 duxit
226 4097 377 4182 legionum
393 4104 536 4180 quattuor
558 4091 606 4178 (o.
628 4090 866 4177 autumemus
886 4095 919 4158 iu
933 4091 1050 4159 ltaliam
1066 4097 1102 4159 ad
1117 4097 1249 4179 reliquos

126 4201 236 4265 milites
250 4197 500 4284 transportandos
515 4195 642 4260 remisit.
689 4191 751 4261 Sed
766 4196 804 4261 ud
819 4191 982 4263 Caesarem
999 4198 1099 4284 pluras
1114 4196 1249 4278 legiones

126 4322 186 4367 non
201 4312 424 4389 peruenerunt..
459 4298 590 4367 Aestate
612 4320 687 4365 uero
705 4299 794 4368 tetus
815 4302 889 4367 enni
904 4297 953 4383 Q.
971 4296 1250 4365 commetes-uuas
