2692 4688
424 223 916 315 uuuronuu.robuara
1225 242 1289 315 nu

195 420 242 500 (a.
259 415 316 500 lb)
334 415 401 481 Cio.
419 418 464 482 ud
474 416 565 481 Fam.
583 415 646 494 IX,
655 414 688 495 5,
700 416 739 480 12
763 412 840 482 Cum
856 416 906 480 ille
921 416 1104 501 scripsisset,
1121 429 1153 482 ut
1167 419 1231 504 opi·

111 541 179 600 nor,
197 540 231 585 se
245 521 277 584 iu
292 518 434 584 Alsiense
449 530 606 584 uenturum
623 527 697 582 cett.

195 624 243 699 (α.
261 622 317 705 45)
337 621 402 686 Cio.
419 622 463 685 od
475 619 550 685 Au.
567 618 673 695 XIII,
690 619 727 693 7,
746 618 784 683 l:
817 615 936 683 Sestius
962 621 1037 703 apud
1060 640 1106 684 me
1131 620 1187 684 luit
1202 633 1233 686 et

111 724 325 810 Theopompus
340 723 453 807 pridie:
471 723 592 787 uenisse
607 719 769 786 aCuesare
785 720 928 785 narrabat
939 722 1076 800 litteras3
1091 723 1146 787 boo
1156 723 1232 787 seri·

76 840 92 892 t
113 828 206 901 bere,
230 824 286 888 sibi
308 836 422 889 eertum
437 845 506 888 esse
520 821 635 888 Romae
650 842 773 886 manere
789 842 969 910 causamque
984 841 1048 886 eum
1064 824 1230 904 ascribere,

111 949 188 1014 quae
203 937 269 992 erat
283 928 314 990 in
330 926 454 1010 epistola
470 937 587 1002 nostra,
605 944 691 988 nese
707 923 832 989 absente
848 925 930 1008 leges
946 945 1019 989 suae
1034 927 1232 1009 neglegeren-

112 1042 173 1116 tur,
190 1031 269 1095 siout
285 1038 366 1092 esset
380 1027 517 1110 neglecta
533 1026 730 1110 sumptuaria.

197 1135 211 1211 (
220 1152 251 1194 u.
269 1128 334 1215 45)
352 1126 420 1191 Cio.
438 1129 483 1192 ud
500 1124 574 1190 Au.
591 1126 698 1204 XIII,
715 1128 777 1207 45,
795 1128 833 1192 12
865 1127 937 1193 Fuit
957 1130 1033 1214 apud
1055 1150 1102 1193 me
1124 1127 1231 1195 Lamia

112 1242 181 1318 post
195 1235 357 1297 discessum
375 1240 454 1292 tuum
471 1229 687 1314 epistolamque
700 1230 736 1292 ad
751 1251 797 1292 me
809 1232 910 1295 attulit
921 1233 1042 1294 missum
1055 1232 1111 1295 sibi
1124 1228 1232 1296 aCae·

55 1346 88 1400 tt
111 1355 199 1414 sare3
217 1353 292 1416 quae
314 1351 488 1415 quamquam
510 1339 581 1395 ants
598 1331 666 1394 data
682 1343 746 1395 erat
761 1355 846 1414 quarn
863 1334 932 1396 illae
946 1330 1168 1410 Diocharinae,
1186 1343 1232 1396 to·

110 1457 179 1501 men
196 1436 282 1520 plane
298 1432 467 1498 declarabat
481 1431 563 1496 illum
579 1443 649 1496 ante
664 1433 749 1497 ludos
766 1433 919 1499 Romanos
935 1455 1003 1498 esse
1019 1444 1188 1499 uenturum.

198 1537 325 1601 Sueten.
346 1533 438 1599 Caes.
455 1531 515 1599 262
547 1532 736 1600 Gladiatores
753 1547 853 1614 notos,
871 1536 967 1600 sioubi
981 1537 1099 1601 iulestis
1114 1547 1231 1623 speeta-

112 1641 225 1704 toribus
242 1638 467 1713 dimicarentui
482 1637 641 1722 rapiendos
654 1640 914 1722 reseruandosque
924 1640 1101 1718 mandabot3
1116 1639 1231 1704 tirones

113 1761 210 1824 neque
225 1743 255 1805 iu
271 1742 341 1804 ludo
357 1761 454 1823 neque
469 1740 680 1823 perluuntur,
705 1741 757 1802 sed
773 1741 803 1802 in
819 1742 954 1804 domibus
969 1762 1022 1824 per
1037 1743 1152 1823 equites
1167 1739 1230 1805 llo-

56 1854 89 1907 tu
111 1864 217 1906 manos
240 1853 328 1925 atque
349 1842 436 1905 etiam
459 1860 514 1924 per
527 1851 684 1904 senatores
700 1862 851 1904 armorum
868 1844 980 1926 peritos
997 1843 1149 1906 erudiebat
1164 1864 1231 1928 pre-

112 1945 196 2009 oibus
212 1945 340 2020 enitens,
360 1941 437 2023 quod
453 1941 587 2024 epistolis
604 1942 668 2006 eius
684 1942 863 2020 ostenditur,
881 1956 912 2008 ut
929 1944 1114 2028 disciplinam
1129 1945 1232 2031 singu·

112 2047 208 2111 lorum
224 2043 412 2127 susciperent
426 2042 541 2125 ipsique
557 2043 666 2105 dietata
682 2044 894 2107 exercentibus
910 2046 1026 2110 darent.

557 2191 781 2279 rutnans.

201 2334 276 2399 Tuo.
295 2333 333 2397 de
348 2341 430 2396 orat.
447 2330 510 2396 21³
533 2331 605 2396 Nisi
621 2334 700 2397 lorte
716 2332 870 2415 quisquam
884 2342 936 2395 aut
948 2328 1091 2398 Caesaris
1106 2355 1161 2418 pro
1169 2333 1232 2402 Do·

56 2446 90 2502 20
113 2437 160 2500 oio
177 2432 312 2498 Samnite
332 2444 385 2497 aut
399 2432 485 2497 Bruti
507 2455 561 2518 pro
578 2432 722 2498 Deiotaro
737 2455 811 2519 rege
826 2444 1007 2518 ceterosque
1020 2435 1152 2501 eiusdem
1168 2437 1234 2502 leu-

113 2536 248 2602 titudinis
264 2558 300 2600 uo
316 2536 426 2621 teporis
439 2536 533 2603 libros
549 2537 633 2619 legit,
645 2536 701 2599 nisi
718 2535 767 2618 qui
784 2546 814 2600 et
830 2538 960 2602 earurina
971 2541 1132 2604 eorundem
1143 2541 1233 2606 mira·

113 2650 172 2703 tur.
195 2637 351 2704 Fecerunt
373 2640 451 2703 enim
474 2650 505 2703 et
528 2638 660 2701 earmina
683 2648 714 2701 et
735 2638 766 2699 in
782 2637 974 2703 bibliotbeoas
990 2642 1157 2705 retulerunt
1171 2663 1233 2706 non

112 2742 219 2807 melius
235 2764 322 2827 quam
331 2739 452 2822 Cicero,
464 2741 518 2804 sed
533 2741 659 2817 felicius,
670 2740 739 2822 quia
754 2739 822 2803 illos
835 2741 942 2804 lauisse
955 2744 1110 2826 pauciores
1122 2743 1232 2807 soiuut.

199 2844 325 2910 Seston.
344 2846 433 2912 Caes.
450 2842 511 2909 562
536 2840 690 2908 Feruntur
710 2852 741 2905 et
762 2863 779 2904 a
801 2862 891 2926 puero
913 2852 943 2906 et
957 2843 994 2906 ab
1011 2843 1233 2908 adolesoentulo

56 2954 90 3010 ta
113 2946 256 3028 quaedam
272 2950 395 3033 scripta,
414 2959 447 3012 ut
460 2947 563 3011 laudes
575 2943 729 3022 Herculis,
743 2944 897 3026 tragoedia
906 2940 1059 3029 Oedipus3
1077 2967 1153 3028 quos
1169 2968 1232 3011 om·

115 3068 170 3112 nes
185 3049 299 3113 libellos
315 3051 410 3113 uetuit
425 3051 583 3133 Augustus
599 3046 753 3130 publicari.

199 3147 284 3213 utut.
303 3148 396 3213 Caes.
412 3147 451 3213 22
484 3149 556 3216 Kal
578 3144 755 3233 ποιήματα
776 3145 915 3233 γράφων
938 3149 992 3216 nol
1008 3147 1234 3238 ldyovestuds

114 3246 296 3338 dispensate
311 3249 453 3324 ductuum
467 3249 597 3339 ἐχρῆτο.

200 3349 331 3417 Sueten.
348 3356 405 3416 uit.
428 3351 554 3417 Terent.
571 3350 609 3414 52
634 3347 672 3415 C.
689 3346 825 3415 Caesar:

57 3462 91 3515 tt
248 3451 307 3517 ‘Tu
323 3475 452 3538 quoque,
469 3465 501 3517 tu
515 3453 545 3516 in
561 3453 696 3530 summis,
714 3474 732 3515 o
749 3452 897 3516 dimidiato
913 3451 1092 3533 Menander,

244 3552 373 3620 Poneris
389 3568 420 3620 et
435 3557 553 3634 merito,
571 3554 637 3638 puri
652 3554 799 3619 sermonis
814 3566 941 3620 amator.

243 3655 379 3721 Lenibus
394 3667 482 3739 atque
498 3658 610 3721 utinam
627 3655 746 3739 seriptis
762 3656 902 3718 adiuncta
918 3657 995 3721 loret
1010 3659 1070 3736 uis,

244 3755 368 3823 Comica
383 3770 415 3822 ut
431 3770 556 3842 aequato
572 3760 668 3823 uirtus
684 3757 808 3842 polleret
825 3758 939 3821 bonore

223 3947 240 3999 2
253 3947 277 3996 ln
290 3947 412 3999 Alelenrs
430 3947 578 4014 uenturum]
593 3964 653 3998 oum
673 3964 709 3998 ou
720 3948 819 4013 Africo
833 3951 861 3995 et
872 3945 1002 3997 Sardinia
1014 3946 1126 4000 rediret.

115 4025 202 4079 3Vt'd.
209 4041 240 4090 p.
251 4025 311 4088 tte,
320 4024 364 4077 tt.
468 4025 591 4091 dms).
599 4025 660 4090 779,
670 4024 712 4077 td.
812 4024 844 4076 tu
852 4023 1111 4092 Diooburinae]quaa
1117 4029 1236 4079 7)ιό5571-

114 4119 166 4167 ror,
184 4103 311 4155 Caesaris
324 4102 448 4167 litortur,
463 4104 606 4153 attulerat.
712 4101 798 4166 ldCs.
812 4100 886 4151 Ptin.
898 4116 939 4167 op.
954 4100 987 4165 V,
1000 4102 1026 4153 3.
1132 4104 1234 4156 l⁹th.

113 4195 143 4244 p.
151 4181 211 4244 750,
220 4181 264 4236 25.
363 4178 574 4245 alumpnus,
585 4178 626 4230 17.
726 4178 760 4228 25
770 4175 883 4243 Oedipus
891 4177 1081 4245 Nomentanus,
1091 4179 1239 4246 Oediplatel

117 4257 226 4326 Oedippi
241 4263 336 4311 reteri.
440 4256 475 4314 28
487 4251 608 4324 daubore]
619 4258 730 4324 piretr's,
745 4272 762 4307 o
774 4257 871 4322 quibus
884 4262 981 4323 coptus
993 4261 1063 4309 erut.
