2692 4688
72 176 138 244 att
471 169 564 238 ·'·DE
586 168 732 238 RELLO
754 168 888 240 clvtln

132 348 266 412 inflatius
280 342 426 409 Afranius
436 343 663 427 perscribebat,
692 364 726 409 se
741 366 857 428 quoquc
872 345 908 408 ad
924 355 1023 407 motus
1040 345 1178 408 fortunae
1193 367 1259 409 mo·

77 450 120 520 18
134 469 207 515 uere
222 449 331 531 coepit.
362 445 518 510 lieleetum
535 448 638 511 babuit
653 459 716 511 tota
732 448 900 532 prouincia,
918 446 1086 529 legionibus
1101 449 1259 531 completis

133 549 247 616 duabus
263 551 403 612 coboncs
419 550 540 613 circiter
553 561 632 612 xxx
646 549 757 614 alarias
772 549 895 613 addidit.
936 546 1093 613 Frumenti
1115 570 1258 632 magnum

133 672 289 717 numerum
305 652 415 735 coegit,
433 652 510 733 qaod
524 648 780 729 Massiliensibus,
797 652 869 714 item
883 653 963 734 quod
978 650 1109 715 Afranio
1119 650 1259 718 Petreio·

133 775 191 838 que
212 753 357 817 mitteret.
370 796 374 804 ·
388 751 494 817 Naues
517 755 622 839 longas
644 765 671 817 x
685 750 843 817 Gaditanis
866 755 1060 819 abducerent
1080 754 1253 838 imperauit,
1277 770 1292 820 a

97 857 302 940 tconptnrcs
317 866 473 939 praetcrea
489 855 605 940 Hispali
621 856 772 919 faciendas
788 855 918 919 curauit.
955 852 1117 919 Pecuniam
1137 878 1259 921 omnem

133 960 292 1041 omniaque
307 968 483 1023 ornamenta
498 976 541 1020 ex
556 960 628 1021 fano
642 956 784 1021 llerculis
799 957 830 1019 in
846 958 983 1040 oppidum
999 955 1094 1021 Gadis
1109 959 1255 1023 contulit:

133 1082 171 1127 eo
186 1081 246 1125 sex
261 1060 401 1124 cobortes
415 1059 555 1144 praesidii
570 1080 662 1124 causa
676 1080 717 1122 ex
734 1059 888 1142 prouincia
903 1059 986 1123 misit
1000 1056 1165 1143 Gaiumque
1181 1058 1257 1124 Gal·

132 1163 258 1240 lonium,
276 1163 404 1244 equitem
419 1159 603 1239 Romanum,
622 1161 795 1227 familiarem
810 1159 957 1237 Domitii,
975 1161 1024 1244 qui
1040 1183 1077 1225 eo
1093 1182 1256 1247 procuran-

132 1264 188 1329 d'ae
204 1264 377 1328 hereditatis
400 1284 493 1327 eausa
515 1274 640 1328 uenerat
660 1263 772 1327 missus
787 1285 804 1326 a
820 1261 975 1342 Domitio,
996 1263 1105 1347 oppido
1120 1261 1254 1327 Gadibus
1279 1274 1310 1328 tt

130 1367 296 1449 praefecit3
324 1386 407 1430 arma
430 1366 529 1429 omnia
551 1366 668 1448 priuata
683 1385 719 1428 ac
734 1365 850 1449 publica
864 1364 896 1427 in
911 1366 1028 1428 domum
1043 1362 1165 1429 Galloni
1180 1387 1255 1430 con·

98 1463 211 1532 tntis.
243 1465 312 1551 lpse
327 1467 428 1530 babuit
442 1486 551 1550 graues
566 1467 597 1530 in
613 1464 777 1531 Caesarem
793 1468 961 1530 contiones.
989 1463 1088 1549 Saepe
1104 1488 1145 1531 ex
1159 1468 1254 1531 tribu-

96 1606 100 1615 ·
133 1569 194 1633 oali
211 1569 393 1654 praedicauit
406 1570 536 1633 aduersa
551 1565 715 1633 Caesarem
731 1570 841 1654 proclia
857 1569 977 1645 fecisse,
995 1588 1134 1651 magnum
1150 1591 1256 1634 nume-

132 1690 198 1734 rum
214 1671 251 1734 ab
265 1691 303 1734 co
319 1671 444 1735 militum
460 1672 496 1734 ad
506 1670 661 1735 Afranium
679 1673 862 1756 perfugisse:
880 1671 953 1734 baec
967 1690 1001 1734 se
1017 1671 1107 1735 certis
1123 1673 1250 1750 nuntiis,

97 1771 225 1837 scortis
249 1772 420 1837 auctoribus
442 1774 635 1857 comperisse.
668 1772 785 1857 Quibus
799 1773 889 1838 rebus
905 1773 1081 1857 perterritos
1097 1773 1174 1836 ciuis
1187 1771 1254 1836 Ru·
1278 1784 1310 1837 ts

133 1894 238 1938 manos
260 1876 324 1938 eius
346 1875 520 1959 prouinciae
543 1876 601 1939 sibi
622 1878 660 1940 ad
682 1875 892 1960 rempublicam
915 1875 1177 1939 administrandam
1192 1873 1251 1939 HS

134 1987 254 2039 cmxxx
269 1986 300 2039 et
313 1978 431 2061 argenti
447 1978 543 2060 pondo
558 1989 611 2041 xx
626 1978 725 2056 milio,
748 1979 840 2041 tritici
854 1978 969 2041 modios
984 1988 1057 2041 cxx
1072 1977 1152 2041 milia
1168 1977 1253 2060 pulli·

98 2079 196 2144 beeri
212 2079 322 2163 coegit.
354 2076 438 2162 Quas
454 2077 580 2145 Caesari
596 2101 664 2145 csse
678 2081 790 2145 amices
805 2080 945 2144 ciuitates
961 2079 1180 2158 arbitrabatur,
1206 2080 1252 2169 lq's

132 2180 275 2264 grauiora
297 2203 391 2246 onera
412 2184 587 2267 iniungebat
600 2183 808 2267 praesidiaque
823 2203 859 2247 eo
875 2183 1039 2247 deducebat
1053 2192 1084 2246 et
1098 2182 1205 2246 iudicia
1219 2182 1252 2244 iu

94 2282 110 2297 “
133 2284 266 2368 priuatos
281 2286 441 2362 reddebat,
470 2286 519 2368 qui
536 2285 626 2348 uerba
640 2295 730 2366 atquc
746 2285 913 2349 orationem
929 2285 1077 2348 aduersus
1092 2283 1252 2367 rempubli·
1272 2293 1308 2346 bt

131 2408 197 2449 cam
213 2384 405 2463 habuissent3
424 2406 526 2448 eorum
541 2386 617 2448 bona
635 2385 665 2448 in
681 2386 828 2468 publicum
844 2387 1012 2451 addicebat.
1058 2384 1251 2451 Prouinciam

96 2484 249 2550 liumnem
272 2487 304 2549 iu
325 2507 380 2548 sna
402 2498 431 2546 ct
446 2483 581 2570 Pompeii
598 2486 690 2549 uerba
704 2487 906 2550 iusiurandum
924 2489 1073 2570 adigebat.
1112 2484 1252 2569 Cognitis

129 2589 168 2650 iis
184 2586 292 2662 rebus,
315 2606 391 2670 quac
407 2597 477 2649 sunt
491 2598 595 2670 gestae
610 2588 641 2651 in
657 2589 799 2652 citeriore
814 2588 971 2673 Hispania,
989 2589 1097 2652 bellum
1114 2585 1248 2668 parabat.

128 2687 221 2753 Ratio
235 2698 336 2752 autem
352 2687 424 2752 baeu
439 2699 505 2752 orat
519 2689 603 2769 belli,
621 2701 653 2753 ut
667 2711 702 2755 se
718 2711 783 2753 cum
799 2702 822 2752 11
837 2691 1004 2773 legionibus
1021 2686 1114 2751 Gadis
1130 2690 1250 2751 confer-

128 2803 189 2870 ret‚
207 2813 300 2857 naues
325 2793 561 2877 frumentumque
577 2812 664 2855 omne
686 2793 728 2855 ibi
751 2793 939 2856 contineret:
964 2789 1147 2872 prouinciam
1171 2791 1250 2853 enim
1273 2803 1308 2857 25

128 2893 246 2960 omnem
263 2892 405 2959 Caesaris
420 2892 509 2958 rebus
524 2895 629 2958 fauere
644 2905 837 2976 cognouerat.
866 2891 901 2956 lu
916 2893 1014 2956 insula
1030 2894 1179 2955 frumento
1196 2913 1250 2954 na·

92 2996 274 3082 7uibusquc
290 2996 470 3080 comparatis
484 2995 591 3059 bellum
607 2995 674 3058 duci
690 3016 749 3058 nou
766 2995 881 3059 difficile
897 2995 1100 3059 existimabat.
1121 2993 1247 3072 Caesar,

128 3100 186 3162 etsi
203 3101 303 3164 multis
319 3099 557 3182 necessariisque
572 3097 662 3163 rebus
677 3097 709 3161 in
717 3095 832 3161 ltaliam
840 3097 1052 3174 recumbatur,
1071 3108 1249 3161 tamennon·

127 3201 268 3264 stituerat
283 3201 392 3265 nullum
410 3213 522 3286 partem
538 3200 608 3264 belli
622 3200 653 3263 iu
669 3199 824 3284 llispuniis
839 3202 1030 3283 relinquere,
1048 3201 1125 3283 quod
1141 3216 1249 3282 magna

127 3320 197 3365 esse
211 3299 346 3386 Pompeii
368 3302 513 3366 beneficia
537 3312 568 3366 ct
583 3323 705 3385 magnas
721 3303 877 3367 clientelas
894 3304 923 3365 in
939 3302 1081 3366 citeriore
1096 3301 1250 3383 prouincia
1272 3310 1307 3362 tu

71 3395 112 3465 fb
127 3397 254 3463 sciebat.
285 3396 390 3481 ltaque
406 3400 519 3462 duabus
535 3397 701 3480 legionibus
717 3398 818 3460 missis
839 3398 869 3460 in
887 3397 1057 3460 ulteriorem
1075 3394 1249 3478 Hispaniam

237 3536 501 3603 ipraescribcbatn.
621 3538 920 3600 motusab,moturuu.
1055 3534 1248 3586 ldilectomo.

235 3616 252 3664 l
264 3614 435 3680 Pompeioque
449 3631 465 3665 u
480 3616 553 3665 ‘nasa
568 3613 603 3665 t’.
722 3617 737 3666 b
752 3613 852 3665 faceret
866 3616 889 3665 b.
1031 3613 1047 3664 b
1060 3611 1207 3675 cumplures
1220 3624 1247 3658 o.

235 3691 336 3760 lliapall
349 3694 380 3745 Ρ.
394 3693 545 3756 Manutius,
561 3693 587 3743 ln
602 3692 703 3758 llispali
716 3692 794 3743 oadal.
907 3692 921 3743 l
936 3690 1015 3743 Gadis
1030 3692 1093 3739 ‘mss
1103 3689 1246 3752 plerique,

127 3763 214 3818 Gades
226 3784 253 3820 a.
408 3771 424 3821 8
438 3767 581 3835 Gaiumque
595 3767 740 3821 Galloaium
754 3783 780 3830 u,
795 3766 887 3820 Gaium
901 3766 1045 3818 Gallonium
1060 3767 1091 3825 ὸς
1106 3763 1249 3829 Gaiumque

127 3840 276 3897 Gallonium
290 3864 317 3898 u.
423 3845 612 3899 llGallouiu.
718 3846 967 3910 ttcuccicncanr).
1079 3846 1110 3896 15
1124 3846 1249 3910 perterri-

128 3919 164 3969 tls
176 3935 202 3981 a,
218 3926 374 3988 perterritus
388 3924 414 3974 b.
519 3923 648 3974 ciuisub.
766 3924 962 3991 ltillSJCllu.
1079 3923 1111 3974 to
1124 3922 1248 3973 Caesaris

128 3996 199 4046 aba.
304 4000 344 4049 bis
356 4015 374 4049 a
386 3997 446 4049 edd.
459 4005 524 4048 ante
536 3999 601 4050 Ata.
609 4036 618 4064 ,
631 3999 665 4051 lis
677 4000 764 4050 Aldus
777 4016 805 4049 u.
920 4001 953 4052 20
966 3999 1101 4050 orationes
1115 4000 1139 4048 b.

127 4072 159 4127 :tl
175 4073 310 4138 prouincia
322 4089 349 4123 n.
455 4075 488 4126 23
502 4076 542 4124 bis
554 4090 582 4125 a.
687 4077 721 4130 tt
734 4077 801 4126 ratio
814 4077 881 4126 coitu
896 4078 960 4126 baec
974 4085 1030 4126 crat
1044 4078 1089 4140 bc,
1105 4077 1171 4127 ratio
1184 4076 1248 4127 baec

129 4151 197 4202 enin
210 4158 269 4202 crat
281 4167 309 4203 u.
415 4148 496 4201 Gadis
509 4168 525 4203 a
538 4157 569 4203 et
579 4154 635 4204 ‘bfo
645 4154 758 4220 ctiqfra
772 4154 787 4205 b
799 4159 827 4204 ct
834 4154 960 4221 plerique
972 4155 1046 4203 msc·
1152 4154 1186 4208 28
1199 4153 1249 4204 lta·

129 4227 206 4278 lina.
310 4226 555 4295 ttttyapactrna.
962 4269 965 4274 .
