2684 4694
523 210 846 281 -tttt....

113 388 246 452 biemare
260 386 362 465 iussit,
380 398 443 453 tres
457 390 488 452 iu
504 387 610 474 Belgio
625 391 784 456 oollooanit
798 389 859 470 (bis
875 385 921 450 tt.
939 386 1083 454 Crassum
1097 401 1237 475 praesto·

112 511 177 556 rem
189 502 220 553 et
233 486 274 552 L.
292 487 457 554 Munatium
472 490 618 557 Plancum
634 505 666 558 et
680 490 718 558 C.
733 491 919 557 Trebonium
934 492 1048 575 legatos
1064 494 1235 579 praelaoit),

112 614 215 670 unam,
232 610 318 675 quam
334 594 471 675 proxima
487 605 570 659 mana
582 590 693 658 Padum
709 596 942 677 conscripserat,
957 603 987 656 at
1001 593 1140 659 cobortes
1152 596 1237 678 quin·

112 694 217 778 quein
232 692 393 759 Eburones
409 696 505 761 misit:
530 698 576 762 bis
597 698 737 762 militibus
753 695 793 780 Q.
810 695 958 760 'litorium
980 691 1124 760 Sabinum
1148 710 1181 763 et
1196 697 1234 762 L.

113 797 354 862 Aurunculeium
370 793 491 863 Cottam
505 800 621 883 legatos
636 819 778 884 pracesse
792 798 901 863 iussit'.
927 793 1014 879 Quae
1028 798 1122 862 uerba
1137 807 1237 883 ‘quum

113 899 253 984 proxime
273 910 358 964 trans
380 894 492 965 Palam
516 901 748 986 conscripserat'
774 920 835 965 non
864 901 905 964 itu
929 899 1130 983 intellegenda
1153 913 1236 982 sunt,

113 1003 202 1085 quusi
217 1022 254 1066 es
269 1002 348 1087 log'o
363 1003 419 1066 boo
434 1024 514 1067 anuo
529 1005 697 1089 conscripta
712 1012 795 1068 essct
815 1007 898 1085 (outo
913 1002 992 1065 enim
1008 1003 1145 1087 legiones
1160 1000 1239 1069 Cae·

113 1124 214 1169 sarem
236 1104 295 1167 iam
318 1107 451 1169 secundo
473 1127 553 1171 anno
575 1107 716 1171 babuisse
737 1106 894 1185 uidimus),
918 1106 971 1169 aab
993 1104 1182 1188 significatur
1202 1126 1240 1172 su

113 1207 212 1291 legio,
236 1227 312 1289 quaa
334 1207 465 1272 seeundo
487 1230 568 1273 anno
590 1208 691 1272 ultima
708 1209 872 1273 constituta
887 1216 972 1281 erut,
989 1218 1094 1290 quarta
1110 1207 1237 1273 decimu.

114 1308 294 1393 Quindecim
310 1321 411 1374 autern
426 1312 567 1375 cobortes
582 1308 686 1376 Sabini
702 1322 733 1374 et
748 1308 859 1375 Cottae
873 1309 984 1393 insigni
1007 1310 1091 1374 elcale
1114 1309 1151 1373 ab
1165 1309 1240 1374 Αιιι·

115 1413 252 1497 biorige,
274 1430 347 1498 rege
371 1411 566 1492 Eburonum,
591 1418 621 1477 iu
636 1412 770 1478 bibernis
786 1412 902 1476 tleletae
924 1421 1010 1489 sunt,
1037 1411 1089 1474 nin
1105 1419 1138 1474 ut
1152 1413 1240 1496 pauci

113 1514 295 1599 cliugercnt,
312 1532 389 1597 qnae
403 1534 453 1578 rea
469 1527 611 1580 narratur
623 1516 694 1580 inde
709 1536 728 1579 a
743 1535 771 1579 o.
789 1512 832 1579 to
846 1534 940 1597 usque
955 1514 992 1577 ad
1008 1534 1037 1576 c.
1055 1508 1107 1576 38.
1132 1511 1239 1596 Itaque

113 1618 201 1681 initio
216 1618 297 1680 sexti
312 1618 383 1680 anni
399 1613 517 1682 Caesar
531 1629 562 1683 et
576 1620 640 1702 ipse
655 1618 803 1682 tlcleotnm
820 1616 922 1680 babuit
937 1626 968 1680 et
983 1636 1000 1679 a
1016 1611 1076 1679 Cn.
1094 1612 1239 1699 Pompeio

112 1719 303 1804 impetrauit,
319 1730 364 1794 nt,
382 1738 455 1802 quos
471 1720 520 1785 illc
535 1720 641 1784 consul
655 1739 696 1784 ex
710 1718 810 1785 Gallia
825 1720 968 1805 cisalpina
984 1729 1174 1782 sacramento
1188 1738 1240 1781 ro·

112 1823 259 1906 guuisset,
283 1821 321 1885 ul
337 1823 423 1906 sigua
438 1822 602 1885 conuenire
616 1832 647 1886 ct
661 1823 717 1886 sibi
733 1824 811 1887 tradi
825 1822 956 1886 iuberet.
981 1817 1055 1883 lude
1069 1829 1132 1882 tres
1147 1816 1241 1901 legio·

113 1945 171 1988 uos
187 1925 310 1987 elleotas
325 1942 413 1998 esse,
439 1924 480 1986 ita
495 1934 531 1987 ut
544 1927 720 1988 amissarum
736 1926 901 1990 cobortium
919 1942 1060 1988 numeras
1075 1920 1241 2005 duplicaru-

112 2037 177 2102 tur,
194 2022 252 2099 Vl,
271 2023 302 2102 l,
319 2023 339 2086 4
356 2034 388 2087 et
402 2022 456 2102 32,
473 2023 493 2086 b
517 2026 697 2089 declaratur.
736 2026 789 2091 lix
806 2028 853 2091 bis
873 2027 971 2091 tn'bus
991 2023 1158 2110 legionibus
1173 2038 1239 2087 cnm

111 2147 175 2192 nun
191 2147 219 2190 o.
237 2125 291 2200 32,
308 2125 328 2189 5
344 2136 449 2208 quarta
464 2126 578 2189 decima
593 2128 775 2209 appelletur,
802 2128 878 2191 huno
891 2129 922 2190 in
938 2129 1034 2191 locum
1050 2141 1173 2212 qnartae
1189 2131 1240 2193 tle

113 2231 211 2293 cimae
226 2249 291 2292 oum
308 2224 399 2292 Cotta
416 2238 447 2290 et
462 2224 577 2292 Sabino
593 2229 723 2293 amissas
744 2229 950 2308 successisse,
978 2231 1102 2293 alteram
1126 2241 1238 2311 antem,

113 2350 202 2415 quam
216 2331 288 2394 item
304 2331 369 2414 ipse
383 2326 500 2393 Caesar
513 2331 746 2415 conscripserat,
764 2333 1051 2415 quintamdecimam
1064 2333 1241 2417 appellatam

114 2434 209 2497 luisse
231 2445 366 2519 apparet.
403 2430 539 2497 Tertiam
559 2454 651 2511 nero,
676 2454 763 2518 mam
780 2429 840 2499 Cu.
857 2431 1018 2519 Pompeius
1033 2433 1175 2512 dederat,
1192 2452 1241 2498 re-

114 2547 200 2601 tento
214 2558 252 2600 eo
267 2538 398 2615 nomine,
416 2536 494 2619 quod
510 2536 537 2599 is
553 2535 713 2615 indiderat,
726 2538 851 2621 primum
862 2538 970 2602 liutans
982 2533 1239 2617 asstititvltl,

115 2637 210 2718 ΞΜ
232 2641 429 2704 demonstrat.
470 2635 574 2721 ltaque
595 2649 684 2702 sexto
706 2658 786 2703 anno
808 2636 1042 2705 Caesarianam
1060 2638 1241 2725 legionesiu

114 2743 253 2805 exercitu
269 2742 384 2818 habuit,
401 2750 515 2824 septem
532 2751 703 2820 ueteranus,
719 2752 781 2807 tues
797 2760 902 2807 nouas.
940 2741 1040 2824 Atque
1055 2742 1082 2805 is
1098 2760 1241 2805 numerus

115 2854 148 2906 ct
163 2841 220 2922 Vl,
237 2842 279 2906 32
295 2854 326 2907 ct
341 2842 382 2906 33
398 2844 510 2926 legitur
524 2855 554 2906 et
568 2856 704 2909 exnemo
721 2856 811 2908 sexto
826 2844 1041 2908 commentario
1062 2843 1094 2906 in
1116 2836 1241 2907 biberuu

115 2945 291 3009 distributus
314 2946 435 3010 diuitur.
474 2941 600 3030 Septimi
622 2947 693 3010 auni
715 2946 801 3009 initio
823 2942 942 3010 Caesar
963 2944 1108 3007 leleotum
1125 2945 1241 3028 quidem

115 3056 182 3112 tota
204 3048 343 3112 citeriore
364 3049 518 3132 prouincia
549 3048 652 3111 babuit
674 3044 762 3127 (Vll,
781 3046 812 3126 1,
831 3045 864 3125 1)
887 3044 1180 3129 supplementumque
1207 3044 1239 3110 in

116 3146 246 3214 Galliam
261 3148 434 3214 ulteriorem
449 3149 575 3211 alluxit
590 3148 693 3228 (Li),
711 3148 788 3230 quod
803 3158 908 3232 postea
924 3146 1074 3225 Labieno,
1091 3166 1156 3210 oum
1173 3167 1240 3211 eum

113 3253 149 3316 iu
163 3252 253 3316 aliam
268 3263 383 3337 partam
399 3249 574 3327 dimitteret,
591 3249 728 3313 attribuit
741 3245 877 3334 (otiu),
895 3250 947 3313 sel
963 3248 1241 3313 antodeiectionem

117 3353 313 3447 flaalnorqm
329 3365 412 3419 certe
426 3372 506 3415 nona
523 3353 600 3437 legio
616 3370 676 3415 non
690 3351 832 3417 accessit.
870 3349 950 3416 Nam
967 3350 1096 3429 Cacsar,
1113 3372 1178 3415 cum
1195 3351 1241 3415 bi·

114 3456 212 3522 baruo
227 3456 387 3523 etiamtum
402 3467 536 3540 tempore
551 3456 622 3519 anni
638 3456 676 3519 ob
688 3454 878 3520 rebellionem
889 3453 1052 3517 Galliarum
1069 3455 1107 3517 ad
1122 3453 1242 3517 exerui·

115 3570 179 3623 tum
202 3560 337 3625 uenisset
359 3570 391 3622 et
411 3569 515 3622 eontra
537 3556 817 3643 Vercingetorigem
834 3556 1093 3639 prolloisueratur‚
1110 3557 1183 3620 ‹lnus
1199 3556 1242 3620 le·

115 3662 223 3749 gionm
238 3660 365 3748 Agediei
380 3661 597 3745 impedimentis
613 3661 762 3747 praesidio
776 3659 898 3742 reliquit
913 3655 980 3738 (10,
998 3657 1046 3740 la).
1077 3655 1142 3721 llas
1156 3658 1243 3722 initio

115 3764 212 3838 ueris,
229 3783 295 3827 oum
312 3759 430 3827 Caesar
448 3764 534 3845 quusi
550 3785 661 3828 nouum
676 3764 747 3829 belli
761 3761 878 3826 initium
895 3771 1016 3846 caperet
1031 3758 1099 3839 (tt,
1116 3760 1166 3840 2),
1189 3778 1245 3824 ex·

116 3866 226 3932 croitui
246 3884 354 3929 rursus
378 3864 535 3929 adiunctas
557 3885 628 3931 esso
649 3868 719 3930 inde
734 3873 876 3950 apparet,
894 3864 970 3944 quoti
985 3861 1139 3927 Labienus
1155 3883 1184 3926 e.
1202 3856 1244 3925 bi

115 3970 244 4054 Ageliei
260 3968 497 4053 supplementum
513 3967 602 4047 ittut,
620 3966 656 4032 tle
672 3989 730 4052 quo
746 3968 831 4031 modo
847 3966 930 4044 uixi,
947 3967 1109 4049 reliquisse
1122 3965 1243 4028 licitur.

117 4070 226 4157 ltaque
240 4072 328 4137 initio
343 4073 425 4137 ueris
441 4067 559 4135 Caesar
573 4070 742 4133 exereitum
756 4070 788 4134 in
804 4070 878 4132 luas
900 4078 1001 4153 partes
1021 4067 1143 4132 dinisita
1160 4072 1246 4149 quat·

117 4186 190 4241 tuor
203 4177 340 4262 legiones
355 4173 491 4240 Labieno
507 4173 539 4235 in
553 4169 692 4237 Senones
706 4166 899 4253 Parisiosque
914 4170 1062 4234 duacutlas
1079 4170 1170 4244 dctis,
1188 4185 1246 4230 ses

116 4279 231 4365 ipsein
246 4277 406 4344 Armua
418 4275 508 4342 tosta
521 4272 591 4361 (ut,
606 4273 655 4358 2),
671 4270 714 4339 itu
733 4283 768 4338 nt
781 4283 875 4339 totum
890 4275 1058 4341 oxcroitum
1078 4271 1169 4337 otiam
1183 4278 1246 4332 tum
