<?xml version="1.0" encoding="UTF-8"?>
<!DOCTYPE html PUBLIC "-//W3C//DTD XHTML 1.0 Transitional//EN"
    "http://www.w3.org/TR/xhtml1/DTD/xhtml1-transitional.dtd">
<html xmlns="http://www.w3.org/1999/xhtml" xml:lang="en" lang="en">
 <head>
  <title>
</title>
<meta http-equiv="Content-Type" content="text/html;charset=utf-8" />
  <meta name='ocr-system' content='tesseract 3.04.00' />
  <meta name='ocr-capabilities' content='ocr_page ocr_carea ocr_par ocr_line ocrx_word'/>
</head>
<body>
  <div class='ocr_page' id='page_1' title='image "./civliicaesarisc02hirtgoog_0146.png"; bbox 0 0 2684 4694; ppageno 0'>
   <div class='ocr_carea' id='block_1_1' title="bbox 484 201 806 266">
    <p class='ocr_par' dir='ltr' id='par_1_1' title="bbox 484 201 806 266">
     <span class='ocr_line' id='line_1_1' title="bbox 484 201 806 266; baseline 0.003 -1"><span class='ocrx_word' id='word_1_1' title='bbox 484 201 806 266; x_wconf 80' lang='lat'><strong>-139—</strong></span> 
     </span>
    </p>
   </div>
   <div class='ocr_carea' id='block_1_2' title="bbox 61 370 1207 4366">
    <p class='ocr_par' dir='ltr' id='par_1_2' title="bbox 61 370 1206 3223">
     <span class='ocr_line' id='line_1_2' title="bbox 78 370 1201 465; baseline 0.004 -24"><span class='ocrx_word' id='word_1_2' title='bbox 78 386 250 441; x_wconf 85' lang='lat' dir='ltr'>uenturam.</span> <span class='ocrx_word' id='word_1_3' title='bbox 290 370 387 437; x_wconf 92' lang='lat' dir='ltr'>Simul</span> <span class='ocrx_word' id='word_1_4' title='bbox 402 394 420 436; x_wconf 87' lang='lat' dir='ltr'>a</span> <span class='ocrx_word' id='word_1_5' title='bbox 435 374 563 438; x_wconf 91' lang='lat' dir='ltr'>tribunis</span> <span class='ocrx_word' id='word_1_6' title='bbox 578 374 704 438; x_wconf 90' lang='lat' dir='ltr'>militum</span> <span class='ocrx_word' id='word_1_7' title='bbox 719 375 1004 461; x_wconf 74' lang='lat' dir='ltr'>centurionibusque</span> <span class='ocrx_word' id='word_1_8' title='bbox 1016 389 1135 444; x_wconf 88' lang='lat' dir='ltr'>mutuas</span> <span class='ocrx_word' id='word_1_9' title='bbox 1151 402 1201 465; x_wconf 92' lang='lat' dir='ltr'>pe·</span> 
     </span>
     <span class='ocr_line' id='line_1_3' title="bbox 78 475 1201 561; baseline 0.005 -19"><span class='ocrx_word' id='word_1_10' title='bbox 78 477 184 542; x_wconf 86' lang='lat' dir='ltr'>eunias</span> <span class='ocrx_word' id='word_1_11' title='bbox 199 477 338 561; x_wconf 86' lang='lat' dir='ltr'>sumpsit,</span> <span class='ocrx_word' id='word_1_12' title='bbox 356 475 409 540; x_wconf 90' lang='lat' dir='ltr'>has</span> <span class='ocrx_word' id='word_1_13' title='bbox 426 477 573 541; x_wconf 82' lang='lat' dir='ltr'>exercitui</span> <span class='ocrx_word' id='word_1_14' title='bbox 589 478 749 542; x_wconf 75' lang='lat' dir='ltr'>distribuit.</span> <span class='ocrx_word' id='word_1_15' title='bbox 785 476 854 561; x_wconf 80' lang='lat' dir='ltr'>Quo</span> <span class='ocrx_word' id='word_1_16' title='bbox 876 480 954 543; x_wconf 85' lang='lat' dir='ltr'>iacto</span> <span class='ocrx_word' id='word_1_17' title='bbox 976 481 1048 545; x_wconf 86' lang='lat' dir='ltr'>duas</span> <span class='ocrx_word' id='word_1_18' title='bbox 1064 503 1114 547; x_wconf 90' lang='lat' dir='ltr'>res</span> <span class='ocrx_word' id='word_1_19' title='bbox 1130 505 1201 547; x_wconf 89' lang='lat' dir='ltr'>ccu-</span> 
     </span>
     <span class='ocr_line' id='line_1_4' title="bbox 79 580 1201 673; baseline 0.004 -27"><span class='ocrx_word' id='word_1_20' title='bbox 79 589 203 647; x_wconf 83' lang='lat' dir='ltr'>secutus</span> <span class='ocrx_word' id='word_1_21' title='bbox 219 588 286 655; x_wconf 85' lang='lat' dir='ltr'>est,</span> <span class='ocrx_word' id='word_1_22' title='bbox 310 580 388 662; x_wconf 91' lang='lat' dir='ltr'>qnod</span> <span class='ocrx_word' id='word_1_23' title='bbox 411 581 536 663; x_wconf 82' lang='lat' dir='ltr'>pignore</span> <span class='ocrx_word' id='word_1_24' title='bbox 558 581 674 645; x_wconf 91' lang='lat' dir='ltr'>animus</span> <span class='ocrx_word' id='word_1_25' title='bbox 689 581 898 646; x_wconf 87' lang='lat' dir='ltr'>centurionum</span> <span class='ocrx_word' id='word_1_26' title='bbox 914 583 1051 648; x_wconf 83' lang='lat' dir='ltr'>deuinxit</span> <span class='ocrx_word' id='word_1_27' title='bbox 1064 597 1096 650; x_wconf 92' lang='lat' dir='ltr'>et</span> <span class='ocrx_word' id='word_1_28' title='bbox 1109 587 1201 673; x_wconf 83' lang='lat' dir='ltr'>largi-</span> 
     </span>
     <span class='ocr_line' id='line_1_5' title="bbox 80 679 1203 772; baseline 0.004 -23"><span class='ocrx_word' id='word_1_29' title='bbox 80 683 164 749; x_wconf 82' lang='lat' dir='ltr'>tione</span> <span class='ocrx_word' id='word_1_30' title='bbox 177 682 303 746; x_wconf 90' lang='lat' dir='ltr'>militum</span> <span class='ocrx_word' id='word_1_31' title='bbox 319 683 490 747; x_wconf 87' lang='lat' dir='ltr'>uoluntates</span> <span class='ocrx_word' id='word_1_32' title='bbox 505 684 653 748; x_wconf 88' lang='lat' dir='ltr'>redemit&#39;.</span> <span class='ocrx_word' id='word_1_33' title='bbox 691 682 749 747; x_wconf 85' lang='lat' dir='ltr'>llic</span> <span class='ocrx_word' id='word_1_34' title='bbox 762 683 864 768; x_wconf 87' lang='lat' dir='ltr'>inepte</span> <span class='ocrx_word' id='word_1_35' title='bbox 880 679 1008 764; x_wconf 89' lang='lat' dir='ltr'>Caesar,</span> <span class='ocrx_word' id='word_1_36' title='bbox 1025 688 1203 772; x_wconf 75' lang='lat' dir='ltr'>simulatque</span> 
     </span>
     <span class='ocr_line' id='line_1_6' title="bbox 77 783 1202 873; baseline 0.003 -20"><span class='ocrx_word' id='word_1_37' title='bbox 77 784 255 869; x_wconf 86' lang='lat' dir='ltr'>Pompeiam</span> <span class='ocrx_word' id='word_1_38' title='bbox 271 805 326 869; x_wconf 84' lang='lat' dir='ltr'>per</span> <span class='ocrx_word' id='word_1_39' title='bbox 338 783 554 849; x_wconf 75' lang='lat' dir='ltr'>Mauritaniam</span> <span class='ocrx_word' id='word_1_40' title='bbox 570 787 766 850; x_wconf 80' lang='lat' dir='ltr'>educaturum</span> <span class='ocrx_word' id='word_1_41' title='bbox 782 787 931 864; x_wconf 88' lang='lat' dir='ltr'>audierit,</span> <span class='ocrx_word' id='word_1_42' title='bbox 952 791 1093 873; x_wconf 89' lang='lat' dir='ltr'>pecunias</span> <span class='ocrx_word' id='word_1_43' title='bbox 1115 814 1131 855; x_wconf 91' lang='lat' dir='ltr'>a</span> <span class='ocrx_word' id='word_1_44' title='bbox 1148 795 1202 856; x_wconf 90' lang='lat' dir='ltr'>tri·</span> 
     </span>
     <span class='ocr_line' id='line_1_7' title="bbox 79 886 1203 977; baseline 0.001 -20"><span class='ocrx_word' id='word_1_45' title='bbox 79 893 168 957; x_wconf 79' lang='lat' dir='ltr'>bunis</span> <span class='ocrx_word' id='word_1_46' title='bbox 182 886 465 970; x_wconf 84' lang='lat' dir='ltr'>centuriouibusque</span> <span class='ocrx_word' id='word_1_47' title='bbox 481 899 598 952; x_wconf 87' lang='lat' dir='ltr'>mutuas</span> <span class='ocrx_word' id='word_1_48' title='bbox 614 889 779 973; x_wconf 77' lang='lat' dir='ltr'>sumpsisse</span> <span class='ocrx_word' id='word_1_49' title='bbox 800 889 928 968; x_wconf 89' lang='lat' dir='ltr'>dicitur,</span> <span class='ocrx_word' id='word_1_50' title='bbox 957 893 1042 977; x_wconf 89' lang='lat' dir='ltr'>qnasi</span> <span class='ocrx_word' id='word_1_51' title='bbox 1059 894 1137 957; x_wconf 81' lang='lat' dir='ltr'>lama</span> <span class='ocrx_word' id='word_1_52' title='bbox 1151 894 1203 958; x_wconf 86' lang='lat' dir='ltr'>illa</span> 
     </span>
     <span class='ocr_line' id='line_1_8' title="bbox 78 989 1204 1076; baseline -0.001 -16"><span class='ocrx_word' id='word_1_53' title='bbox 78 995 169 1060; x_wconf 76' lang='lat' dir='ltr'>auius</span> <span class='ocrx_word' id='word_1_54' title='bbox 183 991 228 1057; x_wconf 88' lang='lat' dir='ltr'>rei</span> <span class='ocrx_word' id='word_1_55' title='bbox 243 1012 367 1057; x_wconf 86' lang='lat' dir='ltr'>eausam</span> <span class='ocrx_word' id='word_1_56' title='bbox 380 990 542 1054; x_wconf 79' lang='lat' dir='ltr'>attulisset.</span> <span class='ocrx_word' id='word_1_57' title='bbox 579 989 660 1055; x_wconf 86' lang='lat' dir='ltr'>Nam</span> <span class='ocrx_word' id='word_1_58' title='bbox 682 989 898 1076; x_wconf 90' lang='lat' dir='ltr'>siPcmpeium</span> <span class='ocrx_word' id='word_1_59' title='bbox 920 995 1087 1059; x_wconf 85' lang='lat' dir='ltr'>aduentare</span> <span class='ocrx_word' id='word_1_60' title='bbox 1107 996 1204 1060; x_wconf 86' lang='lat' dir='ltr'>credi·</span> 
     </span>
     <span class='ocr_line' id='line_1_9' title="bbox 79 1094 1203 1182; baseline -0.001 -19"><span class='ocrx_word' id='word_1_61' title='bbox 79 1099 186 1170; x_wconf 73' lang='lat' dir='ltr'>amet,</span> <span class='ocrx_word' id='word_1_62' title='bbox 202 1095 233 1159; x_wconf 90' lang='lat' dir='ltr'>id</span> <span class='ocrx_word' id='word_1_63' title='bbox 248 1105 318 1158; x_wconf 90' lang='lat' dir='ltr'>ante</span> <span class='ocrx_word' id='word_1_64' title='bbox 333 1094 434 1157; x_wconf 87' lang='lat' dir='ltr'>omnia</span> <span class='ocrx_word' id='word_1_65' title='bbox 449 1114 571 1158; x_wconf 88' lang='lat' dir='ltr'>munere</span> <span class='ocrx_word' id='word_1_66' title='bbox 585 1094 730 1173; x_wconf 82' lang='lat' dir='ltr'>debebat,</span> <span class='ocrx_word' id='word_1_67' title='bbox 754 1105 788 1158; x_wconf 87' lang='lat' dir='ltr'>ut</span> <span class='ocrx_word' id='word_1_68' title='bbox 807 1097 909 1180; x_wconf 88' lang='lat' dir='ltr'>plures</span> <span class='ocrx_word' id='word_1_69' title='bbox 930 1096 1068 1182; x_wconf 77' lang='lat' dir='ltr'>legiones</span> <span class='ocrx_word' id='word_1_70' title='bbox 1089 1099 1121 1161; x_wconf 93' lang='lat' dir='ltr'>in</span> <span class='ocrx_word' id='word_1_71' title='bbox 1148 1097 1203 1163; x_wconf 88' lang='lat' dir='ltr'>Hi·</span> 
     </span>
     <span class='ocr_line' id='line_1_10' title="bbox 79 1196 1206 1285; baseline 0 -20"><span class='ocrx_word' id='word_1_72' title='bbox 79 1199 214 1285; x_wconf 84' lang='lat' dir='ltr'>spauiam</span> <span class='ocrx_word' id='word_1_73' title='bbox 225 1198 399 1275; x_wconf 85' lang='lat' dir='ltr'>adduceret,</span> <span class='ocrx_word' id='word_1_74' title='bbox 415 1196 536 1276; x_wconf 73' lang='lat' dir='ltr'>illatos,</span> <span class='ocrx_word' id='word_1_75' title='bbox 553 1198 750 1261; x_wconf 87' lang='lat' dir='ltr'>utexercitus</span> <span class='ocrx_word' id='word_1_76' title='bbox 765 1198 881 1262; x_wconf 85' lang='lat' dir='ltr'>animus</span> <span class='ocrx_word' id='word_1_77' title='bbox 897 1199 952 1262; x_wconf 89' lang='lat' dir='ltr'>sibi</span> <span class='ocrx_word' id='word_1_78' title='bbox 968 1200 1153 1275; x_wconf 77' lang='lat' dir='ltr'>conciliaret,</span> <span class='ocrx_word' id='word_1_79' title='bbox 1170 1212 1206 1265; x_wconf 90' lang='lat' dir='ltr'>ut</span> 
     </span>
     <span class='ocr_line' id='line_1_11' title="bbox 75 1298 1203 1387; baseline 0 -20"><span class='ocrx_word' id='word_1_80' title='bbox 75 1305 117 1373; x_wconf 76' lang='lat' dir='ltr'>sd</span> <span class='ocrx_word' id='word_1_81' title='bbox 131 1313 228 1366; x_wconf 90' lang='lat' dir='ltr'>totum</span> <span class='ocrx_word' id='word_1_82' title='bbox 241 1300 350 1364; x_wconf 89' lang='lat' dir='ltr'>bellum</span> <span class='ocrx_word' id='word_1_83' title='bbox 367 1299 459 1377; x_wconf 88' lang='lat' dir='ltr'>utilis,</span> <span class='ocrx_word' id='word_1_84' title='bbox 476 1299 519 1362; x_wconf 86' lang='lat' dir='ltr'>ita</span> <span class='ocrx_word' id='word_1_85' title='bbox 533 1298 564 1362; x_wconf 90' lang='lat' dir='ltr'>in</span> <span class='ocrx_word' id='word_1_86' title='bbox 581 1300 712 1364; x_wconf 84' lang='lat' dir='ltr'>aduentu</span> <span class='ocrx_word' id='word_1_87' title='bbox 727 1299 862 1385; x_wconf 89' lang='lat' dir='ltr'>Pompeii</span> <span class='ocrx_word' id='word_1_88' title='bbox 877 1303 995 1366; x_wconf 84' lang='lat' dir='ltr'>infirma</span> <span class='ocrx_word' id='word_1_89' title='bbox 1011 1315 1087 1368; x_wconf 89' lang='lat' dir='ltr'>erat.</span> <span class='ocrx_word' id='word_1_90' title='bbox 1110 1303 1203 1387; x_wconf 76' lang='lat' dir='ltr'>Atqui</span> 
     </span>
     <span class='ocr_line' id='line_1_12' title="bbox 79 1397 1202 1490; baseline -0.001 -19"><span class='ocrx_word' id='word_1_91' title='bbox 79 1408 178 1471; x_wconf 84' lang='lat' dir='ltr'>ismae</span> <span class='ocrx_word' id='word_1_92' title='bbox 190 1403 235 1468; x_wconf 93' lang='lat' dir='ltr'>illi</span> <span class='ocrx_word' id='word_1_93' title='bbox 250 1424 288 1467; x_wconf 92' lang='lat' dir='ltr'>ne</span> <span class='ocrx_word' id='word_1_94' title='bbox 304 1404 467 1467; x_wconf 75' lang='lat' dir='ltr'>credidisse</span> <span class='ocrx_word' id='word_1_95' title='bbox 482 1401 602 1488; x_wconf 89' lang='lat' dir='ltr'>quidem</span> <span class='ocrx_word' id='word_1_96' title='bbox 618 1397 781 1468; x_wconf 86' lang='lat' dir='ltr'>Caesarem</span> <span class='ocrx_word' id='word_1_97' title='bbox 805 1405 969 1468; x_wconf 85' lang='lat' dir='ltr'>uerisimile</span> <span class='ocrx_word' id='word_1_98' title='bbox 989 1415 1054 1484; x_wconf 88' lang='lat' dir='ltr'>est,</span> <span class='ocrx_word' id='word_1_99' title='bbox 1079 1406 1130 1490; x_wconf 89' lang='lat' dir='ltr'>qui</span> <span class='ocrx_word' id='word_1_100' title='bbox 1152 1426 1202 1470; x_wconf 91' lang='lat' dir='ltr'>co-</span> 
     </span>
     <span class='ocr_line' id='line_1_13' title="bbox 80 1504 1202 1594; baseline -0.001 -20"><span class='ocrx_word' id='word_1_101' title='bbox 80 1511 164 1594; x_wconf 67' lang='lat' dir='ltr'>gnita</span> <span class='ocrx_word' id='word_1_102' title='bbox 179 1508 331 1592; x_wconf 85' lang='lat' dir='ltr'>copiarum</span> <span class='ocrx_word' id='word_1_103' title='bbox 345 1504 482 1590; x_wconf 87' lang='lat' dir='ltr'>Pompeii</span> <span class='ocrx_word' id='word_1_104' title='bbox 494 1506 667 1570; x_wconf 83' lang='lat' dir='ltr'>ialinnitate</span> <span class='ocrx_word' id='word_1_105' title='bbox 689 1520 720 1570; x_wconf 91' lang='lat' dir='ltr'>et</span> <span class='ocrx_word' id='word_1_106' title='bbox 735 1504 871 1592; x_wconf 81' lang='lat' dir='ltr'>longiore</span> <span class='ocrx_word' id='word_1_107' title='bbox 886 1508 984 1591; x_wconf 87' lang='lat' dir='ltr'>spatio</span> <span class='ocrx_word' id='word_1_108' title='bbox 998 1509 1034 1571; x_wconf 85' lang='lat' dir='ltr'>ad</span> <span class='ocrx_word' id='word_1_109' title='bbox 1050 1509 1202 1573; x_wconf 87' lang='lat' dir='ltr'>instruen-</span> 
     </span>
     <span class='ocr_line' id='line_1_14' title="bbox 79 1607 1201 1694; baseline -0.002 -17"><span class='ocrx_word' id='word_1_110' title='bbox 79 1613 148 1677; x_wconf 88' lang='lat' dir='ltr'>dum</span> <span class='ocrx_word' id='word_1_111' title='bbox 170 1611 279 1675; x_wconf 87' lang='lat' dir='ltr'>bellum</span> <span class='ocrx_word' id='word_1_112' title='bbox 304 1609 332 1673; x_wconf 84' lang='lat' dir='ltr'>ei</span> <span class='ocrx_word' id='word_1_113' title='bbox 348 1629 422 1692; x_wconf 90' lang='lat' dir='ltr'>opus</span> <span class='ocrx_word' id='word_1_114' title='bbox 438 1628 505 1672; x_wconf 86' lang='lat' dir='ltr'>esse</span> <span class='ocrx_word' id='word_1_115' title='bbox 520 1608 616 1673; x_wconf 90' lang='lat' dir='ltr'>sciret</span> <span class='ocrx_word' id='word_1_116' title='bbox 629 1620 680 1685; x_wconf 87' lang='lat' dir='ltr'>et,</span> <span class='ocrx_word' id='word_1_117' title='bbox 704 1609 731 1672; x_wconf 90' lang='lat' dir='ltr'>si</span> <span class='ocrx_word' id='word_1_118' title='bbox 747 1611 905 1673; x_wconf 79' lang='lat' dir='ltr'>confestim</span> <span class='ocrx_word' id='word_1_119' title='bbox 921 1630 975 1694; x_wconf 91' lang='lat' dir='ltr'>per</span> <span class='ocrx_word' id='word_1_120' title='bbox 988 1607 1201 1675; x_wconf 87' lang='lat' dir='ltr'>Mauritaniam</span> 
     </span>
     <span class='ocr_line' id='line_1_15' title="bbox 79 1708 1202 1798; baseline -0.001 -20"><span class='ocrx_word' id='word_1_121' title='bbox 79 1712 236 1798; x_wconf 83' lang='lat' dir='ltr'>ffispaniis</span> <span class='ocrx_word' id='word_1_122' title='bbox 260 1708 421 1775; x_wconf 86' lang='lat' dir='ltr'>subuenire</span> <span class='ocrx_word' id='word_1_123' title='bbox 441 1711 606 1786; x_wconf 86' lang='lat' dir='ltr'>noluisset,</span> <span class='ocrx_word' id='word_1_124' title='bbox 629 1731 689 1773; x_wconf 89' lang='lat' dir='ltr'>non</span> <span class='ocrx_word' id='word_1_125' title='bbox 705 1713 737 1773; x_wconf 92' lang='lat' dir='ltr'>in</span> <span class='ocrx_word' id='word_1_126' title='bbox 752 1709 929 1791; x_wconf 84' lang='lat' dir='ltr'>Graeciam,</span> <span class='ocrx_word' id='word_1_127' title='bbox 952 1714 1003 1776; x_wconf 88' lang='lat' dir='ltr'>sed</span> <span class='ocrx_word' id='word_1_128' title='bbox 1019 1714 1051 1775; x_wconf 91' lang='lat' dir='ltr'>in</span> <span class='ocrx_word' id='word_1_129' title='bbox 1065 1713 1202 1777; x_wconf 83' lang='lat' dir='ltr'>Airicam</span> 
     </span>
     <span class='ocr_line' id='line_1_16' title="bbox 78 1809 1203 1900; baseline -0.002 -19"><span class='ocrx_word' id='word_1_130' title='bbox 78 1818 274 1881; x_wconf 85' lang='lat' dir='ltr'>traiecturum</span> <span class='ocrx_word' id='word_1_131' title='bbox 290 1815 382 1877; x_wconf 86' lang='lat' dir='ltr'>icisse</span> <span class='ocrx_word' id='word_1_132' title='bbox 397 1822 561 1896; x_wconf 84' lang='lat' dir='ltr'>reputaret.</span> <span class='ocrx_word' id='word_1_133' title='bbox 600 1809 717 1877; x_wconf 81' lang='lat' dir='ltr'>Contra</span> <span class='ocrx_word' id='word_1_134' title='bbox 739 1815 770 1876; x_wconf 92' lang='lat' dir='ltr'>in</span> <span class='ocrx_word' id='word_1_135' title='bbox 792 1812 921 1900; x_wconf 69' lang='lat' dir='ltr'>Graecia</span> <span class='ocrx_word' id='word_1_136' title='bbox 943 1835 1009 1877; x_wconf 89' lang='lat' dir='ltr'>eum</span> <span class='ocrx_word' id='word_1_137' title='bbox 1031 1834 1203 1879; x_wconf 85' lang='lat' dir='ltr'>mansurum</span> 
     </span>
     <span class='ocr_line' id='line_1_17' title="bbox 78 1914 1205 2003; baseline 0 -21"><span class='ocrx_word' id='word_1_138' title='bbox 78 1914 244 1983; x_wconf 82' lang='lat' dir='ltr'>Caesarem</span> <span class='ocrx_word' id='word_1_139' title='bbox 260 1916 446 2000; x_wconf 84' lang='lat' dir='ltr'>praecidisse</span> <span class='ocrx_word' id='word_1_140' title='bbox 461 1915 536 1978; x_wconf 90' lang='lat' dir='ltr'>satis</span> <span class='ocrx_word' id='word_1_141' title='bbox 552 1915 657 1993; x_wconf 85' lang='lat' dir='ltr'>exiis,</span> <span class='ocrx_word' id='word_1_142' title='bbox 674 1934 750 2000; x_wconf 89' lang='lat' dir='ltr'>quae</span> <span class='ocrx_word' id='word_1_143' title='bbox 765 1937 811 1979; x_wconf 91' lang='lat' dir='ltr'>cc.</span> <span class='ocrx_word' id='word_1_144' title='bbox 827 1917 869 1981; x_wconf 78' lang='lat'>25</span> <span class='ocrx_word' id='word_1_145' title='bbox 885 1929 915 1981; x_wconf 85' lang='lat' dir='ltr'>et</span> <span class='ocrx_word' id='word_1_146' title='bbox 930 1915 973 1981; x_wconf 75' lang='lat'>29</span> <span class='ocrx_word' id='word_1_147' title='bbox 988 1919 1120 2003; x_wconf 86' lang='lat' dir='ltr'>scripsit,</span> <span class='ocrx_word' id='word_1_148' title='bbox 1137 1939 1205 2003; x_wconf 69' lang='lat' dir='ltr'>per</span> 
     </span>
     <span class='ocr_line' id='line_1_18' title="bbox 76 2014 1205 2105; baseline -0.001 -19"><span class='ocrx_word' id='word_1_149' title='bbox 76 2020 221 2105; x_wconf 88' lang='lat' dir='ltr'>spicitur.</span> <span class='ocrx_word' id='word_1_150' title='bbox 245 2014 332 2097; x_wconf 82' lang='lat' dir='ltr'>Quod</span> <span class='ocrx_word' id='word_1_151' title='bbox 348 2017 375 2080; x_wconf 88' lang='lat' dir='ltr'>si</span> <span class='ocrx_word' id='word_1_152' title='bbox 393 2015 483 2078; x_wconf 88' lang='lat' dir='ltr'>uerba</span> <span class='ocrx_word' id='word_1_153' title='bbox 498 2017 534 2078; x_wconf 91' lang='lat' dir='ltr'>dc</span> <span class='ocrx_word' id='word_1_154' title='bbox 550 2017 760 2098; x_wconf 84' lang='lat' dir='ltr'>expectatione</span> <span class='ocrx_word' id='word_1_155' title='bbox 775 2017 922 2081; x_wconf 89' lang='lat' dir='ltr'>aduentus</span> <span class='ocrx_word' id='word_1_156' title='bbox 936 2017 1068 2105; x_wconf 89' lang='lat' dir='ltr'>Pompeii</span> <span class='ocrx_word' id='word_1_157' title='bbox 1086 2022 1133 2085; x_wconf 88' lang='lat' dir='ltr'>hic</span> <span class='ocrx_word' id='word_1_158' title='bbox 1149 2022 1205 2085; x_wconf 88' lang='lat' dir='ltr'>tol·</span> 
     </span>
     <span class='ocr_line' id='line_1_19' title="bbox 78 2113 1204 2205; baseline -0.001 -17"><span class='ocrx_word' id='word_1_159' title='bbox 78 2125 199 2198; x_wconf 86' lang='lat' dir='ltr'>luatur,</span> <span class='ocrx_word' id='word_1_160' title='bbox 217 2121 326 2202; x_wconf 87' lang='lat' dir='ltr'>optime</span> <span class='ocrx_word' id='word_1_161' title='bbox 343 2119 458 2199; x_wconf 91' lang='lat' dir='ltr'>reliquo</span> <span class='ocrx_word' id='word_1_162' title='bbox 474 2113 615 2180; x_wconf 84' lang='lat' dir='ltr'>Caesaris</span> <span class='ocrx_word' id='word_1_163' title='bbox 631 2119 783 2201; x_wconf 86' lang='lat' dir='ltr'>apparatui</span> <span class='ocrx_word' id='word_1_164' title='bbox 798 2119 997 2203; x_wconf 86' lang='lat' dir='ltr'>subiungitur,</span> <span class='ocrx_word' id='word_1_165' title='bbox 1014 2124 1204 2205; x_wconf 87' lang='lat' dir='ltr'>quemadmo-</span> 
     </span>
     <span class='ocr_line' id='line_1_20' title="bbox 78 2217 1203 2308; baseline -0.001 -19"><span class='ocrx_word' id='word_1_166' title='bbox 78 2226 147 2289; x_wconf 87' lang='lat' dir='ltr'>dum</span> <span class='ocrx_word' id='word_1_167' title='bbox 164 2222 282 2287; x_wconf 89' lang='lat' dir='ltr'>animus</span> <span class='ocrx_word' id='word_1_168' title='bbox 298 2220 422 2283; x_wconf 89' lang='lat' dir='ltr'>militum</span> <span class='ocrx_word' id='word_1_169' title='bbox 437 2218 493 2281; x_wconf 85' lang='lat' dir='ltr'>sibi</span> <span class='ocrx_word' id='word_1_170' title='bbox 510 2218 690 2283; x_wconf 87' lang='lat' dir='ltr'>conciliarit.</span> <span class='ocrx_word' id='word_1_171' title='bbox 728 2217 834 2303; x_wconf 88' lang='lat' dir='ltr'>ltaque</span> <span class='ocrx_word' id='word_1_172' title='bbox 851 2222 1038 2286; x_wconf 87' lang='lat' dir='ltr'>‘audierant&#39;</span> <span class='ocrx_word' id='word_1_173' title='bbox 1062 2227 1203 2308; x_wconf 90' lang='lat' dir='ltr'>scriptum</span> 
     </span>
     <span class='ocr_line' id='line_1_21' title="bbox 79 2322 1206 2409; baseline -0.001 -18"><span class='ocrx_word' id='word_1_174' title='bbox 79 2339 170 2409; x_wconf 89' lang='lat' dir='ltr'>atque</span> <span class='ocrx_word' id='word_1_175' title='bbox 185 2326 263 2388; x_wconf 85' lang='lat' dir='ltr'>hanc</span> <span class='ocrx_word' id='word_1_176' title='bbox 278 2322 511 2387; x_wconf 71' lang='lat' dir='ltr'>enuntiatione·</span> <span class='ocrx_word' id='word_1_177' title='bbox 528 2333 596 2406; x_wconf 92' lang='lat' dir='ltr'>pust</span> <span class='ocrx_word' id='word_1_178' title='bbox 610 2324 734 2406; x_wconf 89' lang='lat' dir='ltr'>primam</span> <span class='ocrx_word' id='word_1_179' title='bbox 750 2325 780 2388; x_wconf 87' lang='lat' dir='ltr'>h.</span> <span class='ocrx_word' id='word_1_180' title='bbox 798 2344 825 2387; x_wconf 91' lang='lat' dir='ltr'>c.</span> <span class='ocrx_word' id='word_1_181' title='bbox 843 2326 871 2408; x_wconf 63' lang='grc' dir='ltr'>ἕ.</span> <span class='ocrx_word' id='word_1_182' title='bbox 889 2325 1016 2408; x_wconf 84' lang='lat' dir='ltr'>positam</span> <span class='ocrx_word' id='word_1_183' title='bbox 1031 2327 1124 2390; x_wconf 85' lang='lat' dir='ltr'>luisse</span> <span class='ocrx_word' id='word_1_184' title='bbox 1139 2328 1206 2390; x_wconf 83' lang='lat' dir='ltr'>exi·</span> 
     </span>
     <span class='ocr_line' id='line_1_22' title="bbox 79 2423 1202 2508; baseline 0 -16"><span class='ocrx_word' id='word_1_185' title='bbox 79 2429 181 2492; x_wconf 77' lang='lat' dir='ltr'>stimm</span> <span class='ocrx_word' id='word_1_186' title='bbox 217 2426 348 2489; x_wconf 82' lang='lat' dir='ltr'>Afrania</span> <span class='ocrx_word' id='word_1_187' title='bbox 369 2425 447 2489; x_wconf 88' lang='lat' dir='ltr'>enim</span> <span class='ocrx_word' id='word_1_188' title='bbox 470 2437 560 2508; x_wconf 90' lang='lat' dir='ltr'>atque</span> <span class='ocrx_word' id='word_1_189' title='bbox 575 2423 696 2490; x_wconf 84' lang='lat' dir='ltr'>Petreio</span> <span class='ocrx_word' id='word_1_190' title='bbox 720 2427 794 2490; x_wconf 72' lang='lat' dir='ltr'>llaec</span> <span class='ocrx_word' id='word_1_191' title='bbox 814 2429 893 2491; x_wconf 83' lang='lat' dir='ltr'>fama</span> <span class='ocrx_word' id='word_1_192' title='bbox 913 2427 1042 2493; x_wconf 88' lang='lat' dir='ltr'>animum</span> <span class='ocrx_word' id='word_1_193' title='bbox 1056 2429 1202 2494; x_wconf 84' lang='lat' dir='ltr'>addebat=</span> 
     </span>
     <span class='ocr_line' id='line_1_23' title="bbox 78 2527 1206 2617; baseline 0.001 -22"><span class='ocrx_word' id='word_1_194' title='bbox 78 2530 171 2615; x_wconf 90' lang='lat' dir='ltr'>iique,</span> <span class='ocrx_word' id='word_1_195' title='bbox 189 2551 255 2593; x_wconf 90' lang='lat' dir='ltr'>cum</span> <span class='ocrx_word' id='word_1_196' title='bbox 271 2550 323 2594; x_wconf 86' lang='lat' dir='ltr'>res</span> <span class='ocrx_word' id='word_1_197' title='bbox 338 2540 427 2612; x_wconf 88' lang='lat' dir='ltr'>atque</span> <span class='ocrx_word' id='word_1_198' title='bbox 442 2529 633 2594; x_wconf 87' lang='lat' dir='ltr'>condiciones</span> <span class='ocrx_word' id='word_1_199' title='bbox 648 2527 783 2614; x_wconf 89' lang='lat' dir='ltr'>Pompeii</span> <span class='ocrx_word' id='word_1_200' title='bbox 798 2531 898 2595; x_wconf 89' lang='lat' dir='ltr'>minus</span> <span class='ocrx_word' id='word_1_201' title='bbox 913 2534 1049 2617; x_wconf 85' lang='lat' dir='ltr'>cognitas</span> <span class='ocrx_word' id='word_1_202' title='bbox 1061 2533 1206 2598; x_wconf 84' lang='lat' dir='ltr'>haberent</span> 
     </span>
     <span class='ocr_line' id='line_1_24' title="bbox 81 2632 1203 2716; baseline 0.002 -20"><span class='ocrx_word' id='word_1_203' title='bbox 81 2643 170 2715; x_wconf 86' lang='lat' dir='ltr'>atque</span> <span class='ocrx_word' id='word_1_204' title='bbox 186 2632 274 2696; x_wconf 89' lang='lat' dir='ltr'>etiam</span> <span class='ocrx_word' id='word_1_205' title='bbox 291 2633 328 2696; x_wconf 88' lang='lat' dir='ltr'>dc</span> <span class='ocrx_word' id='word_1_206' title='bbox 342 2652 465 2696; x_wconf 89' lang='lat' dir='ltr'>suarum</span> <span class='ocrx_word' id='word_1_207' title='bbox 482 2632 607 2716; x_wconf 89' lang='lat' dir='ltr'>partium</span> <span class='ocrx_word' id='word_1_208' title='bbox 632 2634 772 2698; x_wconf 86' lang='lat' dir='ltr'>secundis</span> <span class='ocrx_word' id='word_1_209' title='bbox 794 2634 883 2699; x_wconf 91' lang='lat' dir='ltr'>rebus</span> <span class='ocrx_word' id='word_1_210' title='bbox 900 2636 1016 2700; x_wconf 82' lang='lat' dir='ltr'>lucilius</span> <span class='ocrx_word' id='word_1_211' title='bbox 1032 2637 1203 2713; x_wconf 87' lang='lat' dir='ltr'>crederent,</span> 
     </span>
     <span class='ocr_line' id='line_1_25' title="bbox 79 2730 1206 2820; baseline 0.002 -20"><span class='ocrx_word' id='word_1_212' title='bbox 79 2736 166 2800; x_wconf 85' lang='lat' dir='ltr'>iidem</span> <span class='ocrx_word' id='word_1_213' title='bbox 181 2736 210 2799; x_wconf 85' lang='lat' dir='ltr'>ei</span> <span class='ocrx_word' id='word_1_214' title='bbox 226 2734 337 2799; x_wconf 85' lang='lat' dir='ltr'>babere</span> <span class='ocrx_word' id='word_1_215' title='bbox 352 2744 501 2820; x_wconf 86' lang='lat' dir='ltr'>poterant</span> <span class='ocrx_word' id='word_1_216' title='bbox 541 2730 685 2798; x_wconf 90' lang='lat' dir='ltr'>Ceteram</span> <span class='ocrx_word' id='word_1_217' title='bbox 710 2735 784 2800; x_wconf 87' lang='lat' dir='ltr'>haec</span> <span class='ocrx_word' id='word_1_218' title='bbox 806 2737 897 2800; x_wconf 87' lang='lat' dir='ltr'>uerba</span> <span class='ocrx_word' id='word_1_219' title='bbox 920 2738 1027 2801; x_wconf 84' lang='lat' dir='ltr'>laede</span> <span class='ocrx_word' id='word_1_220' title='bbox 1042 2738 1206 2802; x_wconf 83' lang='lat' dir='ltr'>causaluc</span> 
     </span>
     <span class='ocr_line' id='line_1_26' title="bbox 80 2835 1206 2923; baseline 0 -21"><span class='ocrx_word' id='word_1_221' title='bbox 80 2848 294 2923; x_wconf 87' lang='lat' dir='ltr'>peruenerunt.</span> <span class='ocrx_word' id='word_1_222' title='bbox 329 2835 412 2901; x_wconf 91' lang='lat' dir='ltr'>Nam</span> <span class='ocrx_word' id='word_1_223' title='bbox 435 2858 501 2900; x_wconf 90' lang='lat' dir='ltr'>cum</span> <span class='ocrx_word' id='word_1_224' title='bbox 524 2848 592 2920; x_wconf 82' lang='lat' dir='ltr'>post</span> <span class='ocrx_word' id='word_1_225' title='bbox 606 2838 730 2922; x_wconf 85' lang='lat' dir='ltr'>primam</span> <span class='ocrx_word' id='word_1_226' title='bbox 745 2840 771 2921; x_wconf 62' lang='grc' dir='ltr'>ς.</span> <span class='ocrx_word' id='word_1_227' title='bbox 789 2840 900 2902; x_wconf 90' lang='lat' dir='ltr'>omissa</span> <span class='ocrx_word' id='word_1_228' title='bbox 916 2849 947 2902; x_wconf 88' lang='lat' dir='ltr'>et</span> <span class='ocrx_word' id='word_1_229' title='bbox 961 2839 991 2900; x_wconf 91' lang='lat' dir='ltr'>in</span> <span class='ocrx_word' id='word_1_230' title='bbox 1007 2840 1142 2921; x_wconf 84' lang='lat' dir='ltr'>margine</span> <span class='ocrx_word' id='word_1_231' title='bbox 1157 2860 1206 2902; x_wconf 89' lang='lat' dir='ltr'>es-</span> 
     </span>
     <span class='ocr_line' id='line_1_27' title="bbox 80 2939 1203 3026; baseline -0.004 -19"><span class='ocrx_word' id='word_1_232' title='bbox 80 2953 151 3007; x_wconf 84' lang='lat' dir='ltr'>scut</span> <span class='ocrx_word' id='word_1_233' title='bbox 166 2941 314 3026; x_wconf 87' lang='lat' dir='ltr'>suppleta,</span> <span class='ocrx_word' id='word_1_234' title='bbox 331 2943 566 3024; x_wconf 65' lang='lat' dir='ltr'>asscriptumque,</span> <span class='ocrx_word' id='word_1_235' title='bbox 583 2953 618 3004; x_wconf 93' lang='lat' dir='ltr'>ut</span> <span class='ocrx_word' id='word_1_236' title='bbox 632 2952 700 3024; x_wconf 90' lang='lat' dir='ltr'>post</span> <span class='ocrx_word' id='word_1_237' title='bbox 714 2941 807 3005; x_wconf 79' lang='lat' dir='ltr'>uerita</span> <span class='ocrx_word' id='word_1_238' title='bbox 824 2939 866 3005; x_wconf 90' lang='lat' dir='ltr'>‘V</span> <span class='ocrx_word' id='word_1_239' title='bbox 876 2940 967 3002; x_wconf 89' lang='lat' dir='ltr'>milia&#39;</span> <span class='ocrx_word' id='word_1_240' title='bbox 982 2940 1203 3015; x_wconf 88' lang='lat' dir='ltr'>insererentur,</span> 
     </span>
     <span class='ocr_line' id='line_1_28' title="bbox 61 3020 1206 3129; baseline -0.002 -22"><span class='ocrx_word' id='word_1_241' title='bbox 61 3020 150 3129; x_wconf 60' lang='lat' dir='ltr'>&#39;quia</span> <span class='ocrx_word' id='word_1_242' title='bbox 163 3043 202 3107; x_wconf 90' lang='lat' dir='ltr'>ad</span> <span class='ocrx_word' id='word_1_243' title='bbox 217 3044 305 3107; x_wconf 89' lang='lat' dir='ltr'>linem</span> <span class='ocrx_word' id='word_1_244' title='bbox 321 3043 483 3126; x_wconf 66' lang='lat' dir='ltr'>alteriusS.</span> <span class='ocrx_word' id='word_1_245' title='bbox 494 3044 566 3106; x_wconf 88' lang='lat' dir='ltr'>item</span> <span class='ocrx_word' id='word_1_246' title='bbox 582 3042 768 3105; x_wconf 89' lang='lat' dir='ltr'>millenarius</span> <span class='ocrx_word' id='word_1_247' title='bbox 784 3063 928 3105; x_wconf 87' lang='lat' dir='ltr'>numerus</span> <span class='ocrx_word' id='word_1_248' title='bbox 943 3041 1109 3126; x_wconf 84' lang='lat' dir='ltr'>legebatur,</span> <span class='ocrx_word' id='word_1_249' title='bbox 1120 3064 1206 3126; x_wconf 89' lang='lat' dir='ltr'>quem</span> 
     </span>
     <span class='ocr_line' id='line_1_29' title="bbox 78 3143 923 3223; baseline -0.006 -12"><span class='ocrx_word' id='word_1_250' title='bbox 78 3145 121 3211; x_wconf 84' lang='lat' dir='ltr'>ibi</span> <span class='ocrx_word' id='word_1_251' title='bbox 136 3146 290 3212; x_wconf 79' lang='lat' dir='ltr'>excidisse</span> <span class='ocrx_word' id='word_1_252' title='bbox 304 3146 482 3223; x_wconf 85' lang='lat' dir='ltr'>uidebimus,</span> <span class='ocrx_word' id='word_1_253' title='bbox 500 3164 606 3208; x_wconf 87' lang='lat' dir='ltr'>errore</span> <span class='ocrx_word' id='word_1_254' title='bbox 621 3143 662 3206; x_wconf 93' lang='lat' dir='ltr'>ibi</span> <span class='ocrx_word' id='word_1_255' title='bbox 678 3154 750 3207; x_wconf 88' lang='lat' dir='ltr'>sunt</span> <span class='ocrx_word' id='word_1_256' title='bbox 764 3143 923 3207; x_wconf 83' lang='lat' dir='ltr'>collocata.</span> 
     </span>
    </p>

    <p class='ocr_par' dir='ltr' id='par_1_3' title="bbox 80 3243 1207 4366">
     <span class='ocr_line' id='line_1_30' title="bbox 166 3243 1205 3335; baseline -0.001 -22"><span class='ocrx_word' id='word_1_257' title='bbox 166 3246 215 3313; x_wconf 87' lang='lat' dir='ltr'>De</span> <span class='ocrx_word' id='word_1_258' title='bbox 238 3245 382 3312; x_wconf 86' lang='lat' dir='ltr'>Caesaris</span> <span class='ocrx_word' id='word_1_259' title='bbox 405 3258 506 3311; x_wconf 88' lang='lat' dir='ltr'>autem</span> <span class='ocrx_word' id='word_1_260' title='bbox 521 3246 614 3331; x_wconf 88' lang='lat' dir='ltr'>copiis</span> <span class='ocrx_word' id='word_1_261' title='bbox 630 3247 660 3329; x_wconf 58' lang='grc' dir='ltr'>ᾖ.</span> <span class='ocrx_word' id='word_1_262' title='bbox 677 3243 787 3308; x_wconf 80' lang='lat' dir='ltr'>2haec</span> <span class='ocrx_word' id='word_1_263' title='bbox 803 3244 948 3313; x_wconf 73' lang='lat' dir='ltr'>eduntnrz</span> <span class='ocrx_word' id='word_1_264' title='bbox 968 3244 1097 3313; x_wconf 83' lang='lat' dir='ltr'>‘Caesar</span> <span class='ocrx_word' id='word_1_265' title='bbox 1112 3247 1205 3335; x_wconf 82' lang='lat' dir='ltr'>legio-</span> 
     </span>
     <span class='ocr_line' id='line_1_31' title="bbox 80 3344 1206 3436; baseline -0.003 -19"><span class='ocrx_word' id='word_1_266' title='bbox 80 3370 135 3417; x_wconf 84' lang='lat' dir='ltr'>nes</span> <span class='ocrx_word' id='word_1_267' title='bbox 149 3352 184 3425; x_wconf 86' lang='lat' dir='ltr'>iu</span> <span class='ocrx_word' id='word_1_268' title='bbox 198 3350 375 3436; x_wconf 85' lang='lat' dir='ltr'>Hispaniam</span> <span class='ocrx_word' id='word_1_269' title='bbox 391 3349 600 3435; x_wconf 87' lang='lat' dir='ltr'>praemiserat,</span> <span class='ocrx_word' id='word_1_270' title='bbox 618 3349 655 3411; x_wconf 90' lang='lat' dir='ltr'>ad</span> <span class='ocrx_word' id='word_1_271' title='bbox 671 3344 716 3411; x_wconf 90' lang='lat' dir='ltr'>Vl</span> <span class='ocrx_word' id='word_1_272' title='bbox 731 3348 812 3412; x_wconf 86' lang='lat' dir='ltr'>milia</span> <span class='ocrx_word' id='word_1_273' title='bbox 826 3349 938 3414; x_wconf 84' lang='lat' dir='ltr'>auxilia</span> <span class='ocrx_word' id='word_1_274' title='bbox 952 3352 1101 3435; x_wconf 91' lang='lat' dir='ltr'>peditum,</span> <span class='ocrx_word' id='word_1_275' title='bbox 1125 3352 1206 3435; x_wconf 90' lang='lat' dir='ltr'>equi·</span> 
     </span>
     <span class='ocr_line' id='line_1_32' title="bbox 80 3451 1207 3537; baseline -0.002 -18"><span class='ocrx_word' id='word_1_276' title='bbox 80 3464 144 3520; x_wconf 88' lang='lat' dir='ltr'>tum</span> <span class='ocrx_word' id='word_1_277' title='bbox 158 3452 207 3519; x_wconf 92' lang='lat' dir='ltr'>lll</span> <span class='ocrx_word' id='word_1_278' title='bbox 220 3455 320 3531; x_wconf 87' lang='lat' dir='ltr'>milia,</span> <span class='ocrx_word' id='word_1_279' title='bbox 344 3474 420 3537; x_wconf 89' lang='lat' dir='ltr'>quac</span> <span class='ocrx_word' id='word_1_280' title='bbox 442 3452 579 3516; x_wconf 82' lang='lat' dir='ltr'>erunibus</span> <span class='ocrx_word' id='word_1_281' title='bbox 599 3451 806 3537; x_wconf 82' lang='lat' dir='ltr'>superioribus</span> <span class='ocrx_word' id='word_1_282' title='bbox 820 3452 907 3516; x_wconf 86' lang='lat' dir='ltr'>bellis</span> <span class='ocrx_word' id='word_1_283' title='bbox 923 3454 1084 3531; x_wconf 86' lang='lat' dir='ltr'>habuerat,</span> <span class='ocrx_word' id='word_1_284' title='bbox 1110 3462 1141 3517; x_wconf 91' lang='lat' dir='ltr'>ct</span> <span class='ocrx_word' id='word_1_285' title='bbox 1154 3472 1207 3537; x_wconf 91' lang='lat' dir='ltr'>pa·</span> 
     </span>
     <span class='ocr_line' id='line_1_33' title="bbox 80 3553 1206 3641; baseline -0.001 -18"><span class='ocrx_word' id='word_1_286' title='bbox 80 3578 144 3623; x_wconf 88' lang='lat' dir='ltr'>rcm</span> <span class='ocrx_word' id='word_1_287' title='bbox 161 3578 202 3621; x_wconf 79' lang='lat' dir='ltr'>ex</span> <span class='ocrx_word' id='word_1_288' title='bbox 218 3553 317 3621; x_wconf 87' lang='lat' dir='ltr'>Gallia</span> <span class='ocrx_word' id='word_1_289' title='bbox 333 3578 499 3634; x_wconf 88' lang='lat' dir='ltr'>numerum,</span> <span class='ocrx_word' id='word_1_290' title='bbox 510 3555 668 3641; x_wconf 89' lang='lat' dir='ltr'>quemipse</span> <span class='ocrx_word' id='word_1_291' title='bbox 684 3565 855 3640; x_wconf 86' lang='lat' dir='ltr'>parauerat,</span> <span class='ocrx_word' id='word_1_292' title='bbox 868 3556 1040 3620; x_wconf 88' lang='lat' dir='ltr'>nominatim</span> <span class='ocrx_word' id='word_1_293' title='bbox 1055 3578 1096 3621; x_wconf 88' lang='lat' dir='ltr'>ex</span> <span class='ocrx_word' id='word_1_294' title='bbox 1111 3557 1206 3622; x_wconf 88' lang='lat' dir='ltr'>omni·</span> 
     </span>
     <span class='ocr_line' id='line_1_34' title="bbox 83 3658 1206 3741; baseline 0.002 -20"><span class='ocrx_word' id='word_1_295' title='bbox 83 3658 139 3723; x_wconf 79' lang='lat' dir='ltr'>bus</span> <span class='ocrx_word' id='word_1_296' title='bbox 162 3659 334 3723; x_wconf 90' lang='lat' dir='ltr'>ciuitatibus</span> <span class='ocrx_word' id='word_1_297' title='bbox 356 3658 541 3722; x_wconf 88' lang='lat' dir='ltr'>nobilissimo</span> <span class='ocrx_word' id='word_1_298' title='bbox 564 3669 596 3722; x_wconf 94' lang='lat' dir='ltr'>et</span> <span class='ocrx_word' id='word_1_299' title='bbox 617 3659 783 3723; x_wconf 88' lang='lat' dir='ltr'>fortissimo</span> <span class='ocrx_word' id='word_1_300' title='bbox 810 3679 926 3741; x_wconf 90' lang='lat' dir='ltr'>quoque</span> <span class='ocrx_word' id='word_1_301' title='bbox 949 3669 1087 3723; x_wconf 90' lang='lat' dir='ltr'>euocato.</span> <span class='ocrx_word' id='word_1_302' title='bbox 1126 3658 1206 3723; x_wconf 86' lang='lat' dir='ltr'>Hinc</span> 
     </span>
     <span class='ocr_line' id='line_1_35' title="bbox 83 3759 1204 3847; baseline 0.001 -22"><span class='ocrx_word' id='word_1_303' title='bbox 83 3762 187 3845; x_wconf 86' lang='lat' dir='ltr'>optimi</span> <span class='ocrx_word' id='word_1_304' title='bbox 209 3763 330 3845; x_wconf 79' lang='lat' dir='ltr'>generis</span> <span class='ocrx_word' id='word_1_305' title='bbox 347 3762 497 3825; x_wconf 88' lang='lat' dir='ltr'>huminum</span> <span class='ocrx_word' id='word_1_306' title='bbox 520 3782 561 3825; x_wconf 87' lang='lat' dir='ltr'>ex</span> <span class='ocrx_word' id='word_1_307' title='bbox 579 3761 740 3846; x_wconf 81' lang='lat' dir='ltr'>Aquitanis</span> <span class='ocrx_word' id='word_1_308' title='bbox 762 3762 987 3846; x_wconf 81' lang='lat' dir='ltr'>montanisque,</span> <span class='ocrx_word' id='word_1_309' title='bbox 1010 3763 1059 3847; x_wconf 93' lang='lat' dir='ltr'>qui</span> <span class='ocrx_word' id='word_1_310' title='bbox 1075 3759 1204 3826; x_wconf 85' lang='lat' dir='ltr'>Galliam</span> 
     </span>
     <span class='ocr_line' id='line_1_36' title="bbox 82 3860 1207 3949; baseline 0.002 -20"><span class='ocrx_word' id='word_1_311' title='bbox 82 3865 268 3949; x_wconf 89' lang='lat' dir='ltr'>prouinciam</span> <span class='ocrx_word' id='word_1_312' title='bbox 284 3865 456 3948; x_wconf 80' lang='lat' dir='ltr'>attingunt’.</span> <span class='ocrx_word' id='word_1_313' title='bbox 489 3860 603 3929; x_wconf 75' lang='lat' dir='ltr'>Onnes</span> <span class='ocrx_word' id='word_1_314' title='bbox 619 3863 667 3928; x_wconf 87' lang='lat' dir='ltr'>hic</span> <span class='ocrx_word' id='word_1_315' title='bbox 684 3864 785 3947; x_wconf 90' lang='lat' dir='ltr'>copias</span> <span class='ocrx_word' id='word_1_316' title='bbox 800 3865 982 3944; x_wconf 84' lang='lat' dir='ltr'>enumerari,</span> <span class='ocrx_word' id='word_1_317' title='bbox 1000 3884 1075 3947; x_wconf 89' lang='lat' dir='ltr'>quas</span> <span class='ocrx_word' id='word_1_318' title='bbox 1090 3861 1207 3931; x_wconf 85' lang='lat' dir='ltr'>Caesar</span> 
     </span>
     <span class='ocr_line' id='line_1_37' title="bbox 82 3964 1206 4053; baseline 0.002 -23"><span class='ocrx_word' id='word_1_319' title='bbox 82 3964 140 4031; x_wconf 81' lang='lat' dir='ltr'>hcc</span> <span class='ocrx_word' id='word_1_320' title='bbox 156 3967 235 4031; x_wconf 87' lang='lat' dir='ltr'>bella</span> <span class='ocrx_word' id='word_1_321' title='bbox 249 3968 281 4031; x_wconf 93' lang='lat' dir='ltr'>in</span> <span class='ocrx_word' id='word_1_322' title='bbox 297 3967 443 4053; x_wconf 86' lang='lat' dir='ltr'>Hispania</span> <span class='ocrx_word' id='word_1_323' title='bbox 458 3966 608 4043; x_wconf 87' lang='lat' dir='ltr'>habuerit,</span> <span class='ocrx_word' id='word_1_324' title='bbox 625 3967 674 4029; x_wconf 94' lang='lat' dir='ltr'>uel</span> <span class='ocrx_word' id='word_1_325' title='bbox 689 3966 757 4030; x_wconf 90' lang='lat' dir='ltr'>idco</span> <span class='ocrx_word' id='word_1_326' title='bbox 771 3968 960 4033; x_wconf 84' lang='lat' dir='ltr'>statuendum</span> <span class='ocrx_word' id='word_1_327' title='bbox 973 3979 1031 4046; x_wconf 87' lang='lat' dir='ltr'>est,</span> <span class='ocrx_word' id='word_1_328' title='bbox 1042 3968 1119 4051; x_wconf 91' lang='lat' dir='ltr'>quud</span> <span class='ocrx_word' id='word_1_329' title='bbox 1135 3989 1206 4033; x_wconf 85' lang='lat' dir='ltr'>snas</span> 
     </span>
     <span class='ocr_line' id='line_1_38' title="bbox 84 4067 1206 4156; baseline 0 -23"><span class='ocrx_word' id='word_1_330' title='bbox 84 4067 186 4154; x_wconf 86' lang='lat' dir='ltr'>copias</span> <span class='ocrx_word' id='word_1_331' title='bbox 202 4091 268 4133; x_wconf 88' lang='lat' dir='ltr'>enm</span> <span class='ocrx_word' id='word_1_332' title='bbox 283 4070 402 4134; x_wconf 78' lang='lat' dir='ltr'>Afranii</span> <span class='ocrx_word' id='word_1_333' title='bbox 418 4081 507 4153; x_wconf 88' lang='lat' dir='ltr'>atquc</span> <span class='ocrx_word' id='word_1_334' title='bbox 521 4067 637 4135; x_wconf 87' lang='lat' dir='ltr'>Petreii</span> <span class='ocrx_word' id='word_1_335' title='bbox 652 4069 744 4153; x_wconf 88' lang='lat' dir='ltr'>copiis</span> <span class='ocrx_word' id='word_1_336' title='bbox 759 4084 921 4156; x_wconf 86' lang='lat' dir='ltr'>comparat.</span> <span class='ocrx_word' id='word_1_337' title='bbox 946 4068 1049 4155; x_wconf 88' lang='lat' dir='ltr'>ltaque</span> <span class='ocrx_word' id='word_1_338' title='bbox 1064 4090 1206 4136; x_wconf 83' lang='lat' dir='ltr'>numerus</span> 
     </span>
     <span class='ocr_line' id='line_1_39' title="bbox 84 4167 1206 4259; baseline 0.003 -27"><span class='ocrx_word' id='word_1_339' title='bbox 84 4170 234 4256; x_wconf 68' lang='lat' dir='ltr'>legionum</span> <span class='ocrx_word' id='word_1_340' title='bbox 250 4193 310 4237; x_wconf 93' lang='lat' dir='ltr'>non</span> <span class='ocrx_word' id='word_1_341' title='bbox 326 4184 445 4258; x_wconf 86' lang='lat' dir='ltr'>poterat</span> <span class='ocrx_word' id='word_1_342' title='bbox 459 4171 568 4237; x_wconf 90' lang='lat' dir='ltr'>omitti.</span> <span class='ocrx_word' id='word_1_343' title='bbox 593 4167 677 4252; x_wconf 81' lang='lat' dir='ltr'>Quot</span> <span class='ocrx_word' id='word_1_344' title='bbox 691 4184 791 4238; x_wconf 89' lang='lat' dir='ltr'>autem</span> <span class='ocrx_word' id='word_1_345' title='bbox 814 4175 949 4259; x_wconf 81' lang='lat' dir='ltr'>legiones</span> <span class='ocrx_word' id='word_1_346' title='bbox 965 4170 1082 4239; x_wconf 90' lang='lat' dir='ltr'>Caesar</span> <span class='ocrx_word' id='word_1_347' title='bbox 1103 4175 1135 4237; x_wconf 92' lang='lat' dir='ltr'>iu</span> <span class='ocrx_word' id='word_1_348' title='bbox 1150 4172 1206 4236; x_wconf 88' lang='lat' dir='ltr'>lli·</span> 
     </span>
     <span class='ocr_line' id='line_1_40' title="bbox 85 4273 1207 4366; baseline -0.004 -25"><span class='ocrx_word' id='word_1_349' title='bbox 85 4275 188 4360; x_wconf 81' lang='lat' dir='ltr'>spania</span> <span class='ocrx_word' id='word_1_350' title='bbox 204 4273 410 4366; x_wconf 55' lang='lat' dir='ltr'>amoenam</span> <span class='ocrx_word' id='word_1_351' title='bbox 425 4276 540 4342; x_wconf 88' lang='lat' dir='ltr'>duobus</span> <span class='ocrx_word' id='word_1_352' title='bbox 555 4275 630 4341; x_wconf 84' lang='lat' dir='ltr'>locis</span> <span class='ocrx_word' id='word_1_353' title='bbox 645 4276 807 4362; x_wconf 76' lang='lat' dir='ltr'>colligitur.</span> <span class='ocrx_word' id='word_1_354' title='bbox 832 4273 872 4342; x_wconf 90' lang='lat' dir='ltr'>C.</span> <span class='ocrx_word' id='word_1_355' title='bbox 890 4277 970 4342; x_wconf 89' lang='lat' dir='ltr'>enim</span> <span class='ocrx_word' id='word_1_356' title='bbox 983 4277 1039 4356; x_wconf 75' lang='lat'>41,</span> <span class='ocrx_word' id='word_1_357' title='bbox 1056 4294 1123 4340; x_wconf 86' lang='lat' dir='ltr'>cum</span> <span class='ocrx_word' id='word_1_358' title='bbox 1137 4293 1207 4358; x_wconf 88' lang='lat' dir='ltr'>prc-</span> 
     </span>
    </p>
   </div>
   <div class='ocr_carea' id='block_1_3' title="bbox 0 0 1355 4694">
    <p class='ocr_par' dir='ltr' id='par_1_4' title="bbox 0 0 1355 4694">
     <span class='ocr_line' id='line_1_41' title="bbox 0 0 1355 4694; baseline 0 0"><span class='ocrx_word' id='word_1_359' title='bbox 0 0 1355 4694; x_wconf 95' lang='lat' dir='ltr'> </span> 
     </span>
    </p>
   </div>
  </div>
 </body>
</html>
