2692 4688
537 181 859 249 ...ΜΟ-...-

146 356 211 442 pius
227 354 356 424 llerdam
370 368 468 422 eastra
484 368 639 430 moueret,
663 356 773 442 tripliei
795 356 860 421 anie
875 357 1022 420 instructa
1037 356 1157 421 tertiam
1173 359 1270 423 aeiem

146 470 247 524 eastra
262 481 280 523 a
295 462 394 525 fronte
408 461 491 524 fossa
506 459 639 523 munisse
653 459 760 523 refert.
791 457 921 524 Postero
937 470 1036 523 autem
1052 460 1111 539 die,
1129 481 1196 525 eum
1212 462 1273 527 tria

146 566 241 630 latera
256 564 414 630 munienda
429 572 632 648 superessent,
642 561 759 648 singula
776 563 871 627 latera
886 563 1014 645 singulis
1028 563 1167 627 attribuit
1176 563 1274 649 legie-

145 667 243 745 nibus,
260 668 390 751 reliquaa
406 667 562 751 expeditas
578 676 682 729 eontra
699 665 811 729 hostem
828 665 994 728 coustituit.
1034 663 1101 729 ldae
1124 675 1186 731 tres
1208 667 1274 732 lue·

144 781 218 834 runt
232 774 281 852 (e.
298 769 375 852 42).
400 765 505 851 ltaque
520 769 642 832 omuino
657 789 714 833 sex
731 767 845 832 babuit.
863 765 944 832 ldem
960 787 1103 831 uumerus
1118 789 1159 831 ex
1174 768 1274 834 altero

145 872 213 936 loeo
233 873 372 936 effioitur.
412 868 492 934 Nam
514 891 582 934 oum
595 870 755 934 Afranium
771 881 859 952 atque
874 868 1028 934 Petreium
1043 870 1080 934 ab
1095 867 1195 935 Ilerda
1211 871 1275 937 dis·

146 975 286 1040 cedentes
305 983 546 1060 persequeretur,
569 994 657 1037 uuam
677 973 825 1059 legionem
841 971 872 1035 iu
887 973 996 1037 eastris
1010 972 1134 1057 reliquit
1142 972 1211 1055 (lid,
1222 974 1272 1058 b),

146 1077 178 1141 iu
192 1078 271 1158 acie,
287 1099 375 1162 quam
391 1087 494 1162 postea
511 1085 616 1139 eontra
631 1073 831 1161 Pompeianos
846 1074 1015 1156 iustruxit,
1031 1076 1163 1161 quinque
1176 1077 1275 1163 legio-

146 1200 201 1244 nes
218 1179 318 1245 babuit
334 1178 402 1262 (83,
419 1178 468 1265 2).
506 1176 569 1242 lam
585 1199 651 1242 oum
667 1177 917 1263 oppugnationem
934 1175 1091 1243 Massiliae
1111 1192 1275 1264 appararet

146 1277 274 1361 Caesar,
292 1305 321 1347 e.
338 1282 380 1347 37
396 1293 458 1348 tres
473 1281 607 1368 legiones
623 1302 688 1345 eum
704 1276 744 1343 G.
761 1277 857 1344 Fabio
871 1281 971 1364 legato
991 1282 1024 1345 iu
1039 1279 1215 1366 llispuuieuu
1237 1304 1274 1349 se

149 1385 338 1468 praemisisse
354 1385 444 1463 dixit,
461 1407 490 1449 e.
507 1395 606 1448 autem
621 1381 676 1462 40,
694 1380 714 1445 3
729 1394 757 1446 et
772 1382 794 1447 7
810 1392 951 1465 quattuor
966 1384 1100 1469 legiones
1114 1382 1275 1451 Fabianae

147 1499 430 1567 commemorantur,
448 1506 543 1570 eoque
558 1485 664 1562 biduo,
682 1505 740 1567 quo
755 1505 810 1563 ea,
827 1505 904 1568 quae
919 1486 975 1549 hoe
990 1507 1018 1551 e.
1035 1484 1079 1551 40
1093 1499 1273 1567 narrantur,

145 1598 232 1673 gesta
247 1598 334 1668 sunt,
351 1591 416 1673 ipse
431 1585 629 1654 Caesareum
645 1586 794 1670 equitibus
810 1589 990 1672 nongentis,
1013 1610 1089 1674 quos
1111 1589 1169 1654 eibi
1184 1611 1274 1674 prae·

147 1689 224 1754 sidio
239 1690 421 1774 reliquerat,
446 1692 567 1756 aduenit
581 1690 721 1754 etstatim
737 1691 859 1776 propius
874 1689 1000 1755 llerdam
1016 1713 1081 1756 eum
1097 1713 1156 1757 sex
1176 1692 1274 1779 legio·

148 1792 249 1871 uibus,
265 1796 401 1859 ulmodo
417 1794 562 1871 uidimus,
580 1793 674 1857 mouit
688 1796 731 1875 (o.
748 1792 817 1875 ll).
856 1791 960 1876 ltaque
976 1814 1043 1857 oum
1058 1795 1192 1878 reliquas
1207 1806 1273 1861 tres

146 1895 281 1981 legiones
303 1897 340 1960 ad
356 1895 481 1961 Fabium
504 1896 677 1982 peruenisse
699 1917 844 1980 nusquam
867 1896 992 1960 relatum
1008 1897 1068 1976 sit,
1095 1898 1187 1962 etiam
1201 1897 1273 1963 inde

146 2010 287 2083 apparet,
310 2000 343 2063 in
360 2001 434 2074 hae,
460 1999 496 2063 de
511 2019 568 2081 qua
584 1999 720 2082 agimus,
744 1999 895 2082 copiarum
910 2000 1138 2064 enumeratione
1152 2020 1212 2065 sex
1228 2001 1273 2066 ls-

145 2101 250 2186 gioues
265 2123 334 2167 sese
349 2102 542 2186 praemisisse
557 2099 722 2166 Caesarem
737 2101 888 2164 retulisse.
926 2100 1020 2184 Atqui
1036 2102 1130 2167 uerba
1147 2103 1198 2166 ‘ad
1212 2124 1272 2169 sex

145 2204 227 2268 milia
241 2205 354 2270 auxilia
370 2206 522 2289 peditum',
545 2203 662 2268 etiamsi
682 2205 725 2268 ita
747 2204 778 2267 in
794 2204 880 2266 eodd.
903 2204 1017 2287 seripta
1038 2214 1161 2284 esseut,
1186 2216 1272 2273 reeta

146 2308 240 2372 uideri
257 2330 317 2372 uon
332 2320 466 2392 possent.
503 2305 583 2372 Nam
608 2328 674 2370 cum
691 2327 794 2370 omues
809 2305 930 2389 copiae,
948 2327 1024 2388 quae
1039 2307 1180 2392 deiueeps
1195 2329 1270 2373 euu-

144 2421 320 2487 merantur,
343 2412 455 2474 auxilia
477 2410 558 2488 siut,
580 2411 654 2474 baeu
670 2429 730 2472 uox
747 2408 919 2472 necessario
935 2392 1021 2472 initio
1036 2420 1104 2473 erat
1116 2412 1266 2493 ponenda.

144 2508 193 2575 De
208 2511 294 2573 uodd.
312 2522 410 2575 autem
427 2508 658 2595 Oudendorpins
674 2511 747 2575 haee
762 2510 887 2574 scribit:
908 2510 1011 2574 ‘nulla'
1027 2513 1077 2575 uel
1091 2512 1205 2578 addunt
1220 2512 1270 2579 uel

144 2634 199 2697 pro
216 2612 319 2676 ‘milia'
335 2613 445 2678 babent
459 2635 533 2678 mss.
555 2612 634 2676 Aah.
653 2609 732 2677 Stat.
749 2609 859 2677 beant.
878 2624 908 2677 et
922 2614 980 2678 mei
995 2612 1132 2699 septem'.
1171 2610 1270 2680 Brau-

146 2716 205 2779 tius
230 2726 327 2780 autem
349 2716 381 2780 in
402 2737 457 2781 suo
480 2728 512 2781 et
534 2711 714 2781 Ciaeoonius
734 2716 767 2779 in
783 2713 872 2781 Statii
889 2717 965 2781 libro
980 2716 1024 2781 ite
1037 2715 1098 2802 legi
1112 2718 1267 2784 releruuts

146 2819 195 2883 ‘ad
210 2817 256 2884 Vl
271 2819 351 2883 milia
365 2820 479 2884 auxilia
495 2819 625 2903 peditum
640 2818 733 2896 unlla,
751 2817 892 2904 equitnm‘
908 2829 980 2884 eett.
1003 2815 1149 2883 Proxime
1163 2819 1201 2884 ad
1216 2842 1270 2886 ue-

144 2943 208 2986 rura
224 2923 340 2987 aenedit
353 2920 425 2986 Par.
443 2943 521 3001 seo,
545 2923 578 2987 iu
601 2943 658 3006 qno
672 2921 714 2985 ita
730 2922 874 3006 seriptum
889 2933 955 2987 ests
974 2921 1024 2986 ‘ed
1039 2919 1085 2986 vl
1099 2922 1163 2986 mil.
1179 2924 1270 2987 auxi·

143 3024 183 3089 lia
205 3025 334 3111 peditum
357 3024 447 3091 mille'
464 3027 521 3089 lroe
541 3034 589 3089 est
605 3022 721 3088 ‘milia'.
755 3021 861 3109 ltaque
881 3046 948 3089 euru
967 3024 1129 3089 relatiuam
1152 3024 1267 3108 ‘quae’,

144 3129 222 3210 quod
246 3128 337 3192 uerba
354 3130 498 3213 ‘equitum
521 3123 567 3190 lll
588 3126 679 3191 milia’
695 3128 850 3210 sequitur,
874 3127 906 3191 iu
927 3126 1009 3191 nullo
1031 3128 1135 3193 oodioe
1149 3138 1270 3212 praeter

144 3226 253 3293 Cuiao.
271 3230 401 3312 legatur,
419 3231 492 3294 liaeo
506 3229 549 3294 ita
563 3228 721 3293 scribenda
736 3248 804 3292 esse
819 3240 958 3313 apparet:
979 3225 1109 3295 ‘Caesar
1130 3228 1268 3314 legiones

142 3331 174 3394 iu
183 3330 356 3415 llispaniam
369 3333 565 3416 praemiserat
572 3330 630 3398 Vl.
640 3331 765 3396 Auxilia
776 3332 907 3416 peditum
922 3377 952 3395 ..
970 3333 1064 3410 milia,
1082 3328 1270 3415 equitumlll

143 3435 223 3498 milia
234 3436 371 3499 omnibus
381 3433 583 3519 superioribus
591 3433 677 3498 bellis
685 3434 851 3499 babuerat’.
869 3433 1037 3499 Extremae
1047 3434 1167 3499 litterae
1180 3433 1269 3501 uerbi

145 3536 364 3621 ‘praemiserat'
373 3537 451 3602 male
465 3536 612 3621 repetitae
627 3536 877 3620 praepositionem
892 3537 952 3601 ‘ad’
967 3548 1149 3624 genuerunt,
1163 3536 1269 3602 ‘milia'

143 3649 240 3704 autem
255 3651 417 3725 peruaguto
433 3660 538 3705 errore
551 3661 568 3702 a
582 3638 704 3703 librario
719 3640 865 3704 adiectum
875 3652 933 3705 est.
950 3639 1068 3706 Deinde
1076 3642 1269 3704 manifestum

142 3753 190 3806 est
199 3742 327 3827 peditum
343 3744 533 3809 auxiliarium
549 3762 703 3807 numerum
718 3743 920 3807 intercidisse.
937 3737 1269 3807 DeauxiliisCaesaris

142 3840 254 3910 Cicero
269 3847 306 3910 ad
322 3846 387 3911 Att.
405 3843 464 3923 lX,
483 3845 535 3924 13,
552 3845 573 3908 d
588 3847 633 3910 sio
648 3845 771 3910 suribits
791 3854 871 3909 ‘uam
895 3867 951 3931 ego
973 3846 1051 3909 buno
1072 3846 1115 3908 ita
1130 3853 1267 3928 paratum

141 3946 231 4011 uideo
246 3949 397 4032 peditatu,
416 3949 568 4030 equitatu,
586 3947 749 4026 elassibus,
774 3947 897 4013 auxiliis
914 3945 1089 4026 Gallorum,
1107 3967 1181 4031 quos
1198 3942 1268 4011 tla-

144 4048 203 4114 tius
218 4044 393 4131 ἰλάιιιζεν,
409 4059 442 4112 ut
456 4058 544 4133 puto,
571 4050 624 4115 sed
647 4061 731 4115 uerte
753 4050 870 4115 dieebat
892 4050 1022 4134 peditum
1045 4050 1147 4115 desem
1169 4048 1267 4129 milia,

142 4153 274 4236 equitum
289 4173 349 4217 sex
364 4149 499 4236 polliceri
514 4162 633 4234 sumptu
647 4174 702 4219 suo
717 4174 813 4218 anuos
829 4152 954 4218 deuem’.
971 4152 1032 4218 Vbi
1047 4174 1113 4217 eum
1129 4152 1167 4216 de
1182 4152 1267 4235 eqni·

142 4266 205 4321 tum
220 4276 346 4323 numere
360 4264 446 4320 reete
460 4254 610 4321 referatur
623 4258 708 4341 (uam
723 4255 850 4336 auxilia,
868 4276 944 4340 quae
959 4255 1097 4321 omuibus
1111 4253 1199 4319 bellis
1215 4252 1268 4319 ba·
