2692 4688
549 184 858 260 curvum-⁸7.
1258 189 1320 258 711

145 360 241 445 pionis
257 361 380 440 milites,
405 382 470 425 cum
493 358 580 426 fidem
597 359 740 428 Caesaris
761 356 963 449 inplorarent,
987 364 1174 448 inspectante
1198 354 1264 450 ipso

147 462 281 531 Caesare
297 475 328 527 et
343 484 359 526 a
375 463 517 527 militibus
529 465 715 547 deprecante,
731 466 776 530 eis
791 467 836 529 uti
851 477 1020 550 parcerent,
1038 466 1074 528 ad
1091 486 1180 529 unum
1195 476 1267 531 sunt

145 570 307 633 interlecti.
341 563 458 631 Caesar
474 566 560 630 trinis
576 567 683 631 castris
699 569 811 651 potitus
827 567 994 650 occisisque
1009 567 1138 632 hostium
1154 579 1175 630 L
1190 567 1321 639 mili-86

146 670 203 733 bus
220 669 387 753 fugatisque
403 669 594 752 conpluribus
616 690 650 733 se
672 671 784 754 recepit
807 669 985 733 Lmilitibus
1001 668 1138 743 amissis,
1164 670 1267 753 paucis

108 786 123 835 a
147 771 259 836 sauciis
280 772 312 834 in
328 780 429 835 castra
450 782 481 835 et
495 772 595 835 statim
612 791 652 835 ex
666 771 776 835 itinere
791 783 860 836 ante
876 772 1012 856 oppidum
1026 769 1178 855 Thapsum
1195 792 1268 834 eou-

142 873 221 938 stitit
236 874 467 956 elephantosque
482 884 530 937 Lx
544 884 667 938 ornatos
682 885 871 956 armatosque
886 895 952 938 cum
963 871 1097 937 turribus
1106 892 1266 937 ornameu·
1280 872 1303 938 2

144 977 241 1058 tisque
257 975 364 1059 [capit]
382 986 483 1058 captos
497 988 567 1040 ante
575 977 710 1061 oppidum
719 975 885 1041 instructos
895 975 1061 1050 constituit,
1078 975 1109 1039 id
1125 974 1180 1039 boc
1195 996 1267 1039 con·

144 1078 223 1154 silio,
241 1077 268 1140 si
284 1088 385 1161 posset
394 1076 545 1161 Vergilius
556 1079 664 1162 quique
673 1098 738 1142 cunr
754 1078 1014 1142 eoobsidcbantur
1023 1077 1066 1140 rei
1076 1077 1153 1140 male
1162 1087 1266 1160 gestae

144 1200 264 1243 suorum
279 1179 389 1242 indicio
405 1201 421 1244 a
437 1180 603 1264 pertinacia
624 1182 740 1246 deduci.
772 1180 889 1246 Deinde
903 1181 968 1264 ipse
984 1178 1151 1262 Vergilium
1166 1178 1266 1264 appel·
1282 1176 1302 1241 3

87 1291 120 1344 to
144 1281 217 1344 lauit
232 1282 429 1364 inuitauitquc
445 1283 480 1344 ad
496 1283 675 1348 deditionem
692 1302 834 1366 suamque
848 1282 1002 1347 lenitatem
1023 1291 1055 1344 et
1076 1281 1264 1345 clementiam

143 1385 398 1448 commemorauit.
430 1380 527 1465 Quem
543 1397 698 1469 postquam
714 1385 924 1451 animaduertit
935 1403 1116 1467 responsum
1131 1381 1187 1446 sibi
1204 1403 1265 1446 uon

144 1486 228 1563 dare,
245 1487 282 1548 ab
297 1487 403 1570 oppido
419 1487 569 1552 discessit.
593 1485 722 1553 Postero
735 1487 784 1552 die
799 1488 902 1552 diuina
917 1506 952 1549 re
968 1488 1046 1549 lacta
1057 1485 1199 1549 contione
1212 1482 1301 1549 art-l

144 1597 250 1651 uocata
266 1589 297 1651 iu
313 1599 475 1671 conspectu
491 1591 703 1675 oppidanorum
718 1591 829 1654 milites
845 1587 994 1654 collaudat
1008 1597 1162 1669 totumque
1174 1584 1272 1651 exer?

144 1691 233 1755 citum
251 1702 424 1755 ueteranum
441 1693 584 1771 donauit,
608 1693 740 1777 praemia
756 1692 920 1756 fortissimo
936 1685 1045 1773 cuique
1059 1710 1095 1753 ac
1110 1687 1187 1753 bene
1202 1709 1265 1753 me·

87 1804 120 1857 ld
141 1794 220 1857 renti
237 1815 290 1877 pro
306 1806 449 1878 suggestu
464 1794 569 1857 tribuit
583 1816 619 1868 ac
634 1795 733 1857 statim
755 1794 823 1858 inde
839 1793 997 1877 digressus
1008 1789 1118 1855 Rebilo
1132 1813 1260 1876 procou·
1277 1789 1298 1854 5

140 1896 204 1960 sule
227 1916 293 1957 cum
316 1905 349 1956 tlt
372 1895 408 1957 ad
423 1892 574 1979 'l'bnpsum
599 1895 765 1981 legionibus
788 1907 820 1959 et
835 1892 895 1958 Cn.
913 1892 1047 1959 Domitio
1068 1914 1134 1957 eum
1150 1893 1263 1958 duabus

140 1995 300 2073 Thisdme,
319 1994 368 2057 ubi
383 1991 545 2060 Considius
562 2007 711 2081 praeerat,
729 1997 766 2060 ad
780 1997 971 2061 obsidendum
986 1997 1101 2061 relictis
1115 1993 1163 2059 M.
1180 1993 1264 2061 Mes·

143 2098 206 2164 sala
222 2097 342 2163 Vticam
359 2109 427 2160 ante
444 2101 609 2182 praemisso
630 2120 695 2164 cum
716 2100 848 2183 equitatu
871 2100 937 2182 ipse
959 2100 1062 2163 eodem
1085 2099 1143 2163 iter
1163 2099 1264 2163 lacere

142 2201 306 2267 contendit.

85 2308 119 2368 2ο
228 2302 352 2386 Equites
367 2303 488 2368 interim
504 2299 669 2389 Scipionis,
693 2298 744 2389 qui
760 2326 801 2369 ex
815 2302 928 2388 proelio
945 2305 1097 2386 lugerent,
1113 2322 1179 2365 cum
1198 2302 1263 2368 vui·
1275 2303 1321 2373 87

142 2427 206 2470 cam
231 2426 337 2468 uersus
359 2407 419 2470 iter
438 2407 590 2485 facerent,
615 2409 793 2489 perueniunt
807 2407 844 2472 ad
861 2407 998 2491 oppidum
1014 2403 1171 2468 Paradam.
1203 2404 1264 2471 Vbi

141 2529 207 2571 cnm
224 2507 260 2570 ab
276 2507 381 2571 incolis
398 2530 457 2572 non
473 2509 698 2593 reciperentur,
721 2510 789 2574 ideo
805 2510 881 2593 quod
898 2510 975 2573 lama
990 2509 1026 2572 dc
1041 2508 1168 2571 uictoria
1183 2504 1264 2573 Gae-
1319 2547 1322 2592 3

143 2610 222 2674 saris
240 2611 507 2696 praecucurrisset,
525 2613 555 2675 ui
571 2613 678 2697 oppido
693 2613 777 2696 potiti
793 2613 825 2675 iu
839 2613 936 2676 medio
953 2613 1018 2675 lero
1033 2611 1122 2695 lignis
1138 2630 1263 2675 coacer-

143 2713 220 2776 ualis
236 2714 431 2796 omnibusque
446 2714 536 2778 rebus
552 2734 655 2779 eorum
666 2715 817 2798 congestis
830 2715 929 2797 iguem
938 2710 1089 2787 subiciunt
1100 2706 1187 2795 utque
1199 2711 1263 2775 eius
1338 2753 1341 2757 -

84 2822 120 2879 25
142 2816 239 2900 oppidi
255 2817 369 2883 incolas
384 2819 528 2903 cuiusque
543 2817 664 2901 generis
680 2815 845 2897 aetatisque
866 2815 954 2878 uiuos
972 2814 1211 2896 constrictosque
1232 2814 1264 2876 in

142 2917 287 2982 dammam
303 2923 455 2985 coniciunt
470 2933 558 3005 atque
569 2920 612 2984 ita
622 2915 1138 3000 acerbissimoadliciuutsupplici03
1156 2912 1263 2977 deinde

140 3021 276 3103 protinus
293 3020 411 3086 Vticam
428 3025 619 3107 perueniunt.
644 3018 807 3106 Superiora
823 3032 957 3102 ternpore
971 3017 1017 3082 Μ.
1032 3013 1123 3094 Calo,
1140 3016 1216 3099 quod
1231 3016 1263 3081 in
1277 3013 1308 3080 2'

142 3117 335 3185 Vticensibus
358 3135 480 3207 propter
502 3125 677 3187 beneficium
704 3122 780 3207 legis
802 3118 898 3185 luliae
919 3140 1022 3205 parum
1044 3119 1108 3184 suis
1130 3116 1262 3203 partibus

141 3222 281 3307 praesidii
304 3241 376 3288 esse'
387 3226 634 3300 existimauerat,
658 3224 772 3309 plebem
794 3225 950 3290 inermem
956 3216 1067 3308 ,oppido
1081 3221 1212 3286 eiecerat
1232 3213 1262 3285 et

84 3332 118 3387 3⁰
142 3335 211 3387 aute
234 3336 349 3409 portam
372 3327 508 3391 bellicam
531 3327 640 3391 castris
657 3328 795 3410 fossaque
811 3326 935 3411 paruula
951 3319 1099 3389 duntaxat
1113 3324 1264 3387 munierat
1294 3352 1298 3363 ¹

140 3426 239 3508 ibique
254 3428 398 3493 custodiis
415 3429 605 3495 circumdatis
620 3427 755 3494 babitare
770 3436 929 3512 coegeratq
947 3438 1083 3492 senatum
1097 3437 1196 3491 antem
1209 3444 1262 3509 op·

250 3564 261 3615 l
277 3565 438 3631 inplorarent
451 3583 477 3619 u.
587 3568 602 3618 3
616 3583 630 3618 c
642 3582 701 3633 ego,
714 3581 733 3618 x
745 3565 821 3617 codd.
835 3567 865 3618 P.
881 3566 941 3622 226.
1047 3565 1153 3617 milibus
1165 3580 1218 3615 om.
1233 3580 1260 3614 c.

202 3674 204 3679 «
247 3643 264 3692 l
276 3643 444 3708 conpluribus
457 3660 484 3695 c.
652 3646 707 3695 bet
719 3643 807 3694 stetim
820 3658 881 3709 ego,
894 3643 1028 3695 calatinus
1043 3643 1075 3705 b,·
1088 3658 1120 3693 uc
1132 3641 1220 3692 statim
1232 3656 1260 3691 a.

248 3720 379 3773 Tbebsnm
393 3740 419 3774 c.
534 3725 549 3775 li
563 3739 595 3775 un
608 3737 667 3790 ego,
681 3738 741 3775 cxiv
753 3723 830 3774 codd.
845 3723 875 3773 Ρ.
889 3723 950 3775 226.
1063 3721 1162 3788 leupit
1173 3721 1262 3771 delec-

140 3800 203 3849 dum
216 3801 288 3852 uidit
301 3802 495 3866 Glanderpius.
609 3805 668 3854 bct
678 3802 694 3854 2
706 3799 806 3866 Vergil.
820 3816 846 3865 a,
862 3798 955 3864 Virgil.
969 3816 997 3850 u.
1113 3799 1220 3865 bipsuru
1234 3799 1259 3850 b.

249 3879 458 3945 ldincituuitque
473 3880 497 3930 b.
604 3894 676 3931 suam
690 3881 713 3931 b.
822 3878 987 3930 lidiscessit
998 3876 1039 3928 ab
1052 3877 1070 3929 l
1081 3873 1159 3941 dett,
1174 3892 1262 3928 reces-

140 3953 310 4005 sitAldusu.
417 3957 597 4022 eoneicnclc).
706 3953 910 4006 lebabsumc.
1017 3953 1260 4018 legionibusoma,

139 4030 288 4082 cohortibus
303 4033 326 4081 d.
435 4034 466 4085 li
475 4031 604 4085 Tbisdrae
618 4049 644 4097 c,
653 4032 764 4085 l'isdrac
778 4048 805 4084 u.
910 4029 1023 4083 llesmla
1037 4030 1086 4096 (a),
1097 4028 1224 4084 Messalla
1231 4047 1257 4080 c.

247 4111 277 4164 21
289 4110 405 4162 Paradae
419 4112 495 4163 codd.
506 4113 535 4162 P.
547 4112 588 4165 l8.
693 4112 882 4168 ddcciclunta.
988 4111 1113 4163 udllciunt
1123 4127 1149 4163 a.

138 4186 171 4240 27
184 4188 210 4237 in
221 4195 286 4254 post
296 4190 362 4255 quod
374 4189 614 4255 poscstherccs,
625 4195 690 4256 post
702 4203 790 4256 perum
803 4187 858 4253 (28)
869 4194 977 4255 ponuat
988 4188 1065 4239 codd.
1173 4187 1206 4237 ao
1219 4201 1260 4234 cu-

142 4266 204 4314 stris
218 4282 270 4316 om.
286 4267 312 4317 d.
421 4264 771 4334 descriptionalem.
819 4278 822 4285 '
876 4266 1076 4320 tununnensis.
