2692 4688
487 188 808 255 „102-

83 374 203 443 cuntur,
227 363 281 427 scd
296 363 476 447 superiores.
509 358 639 426 Praeter
653 362 705 424 illa
731 361 802 424 ‘sctl
818 362 864 424 et’
887 357 1039 424 Wbittius
1054 361 1143 423 etiarn
1159 360 1207 424 in·

83 467 196 531 ieriora
220 473 329 548 ‘atque
344 461 494 527 euocatis‘
511 463 597 526 nucis
619 462 743 527 inclusit
760 462 955 546 interpretem
981 461 1151 539 Graccum,
1176 463 1208 525 ni

83 568 184 646 fallor,
207 578 340 632 secutum.
373 563 527 628 Euocatos
549 565 581 628 in
603 565 668 630 acie
690 574 772 628 certe
792 564 876 647 equis
892 565 936 628 uti
952 586 1012 628 non
1028 564 1161 648 potuisse
1176 572 1209 626 ct

82 691 133 735 res
148 670 213 754 ipsa
228 671 326 740 docet,
344 679 388 738 et,
404 666 430 730 si
447 667 592 750 exemplis
607 688 682 749 opus
698 678 757 743 est,
779 664 873 731 Caes.
890 667 972 730 deb.
991 668 1049 731 eiu.
1067 663 1133 742 lll,
1149 664 1205 729 bt.

84 769 145 854 Qui
158 772 253 856 igitur
268 771 360 834 uerba
375 770 425 833 illa
439 770 600 834 defendere
615 770 715 847 uolet,
738 769 767 833 ei
788 790 825 832 co
841 780 890 832 est
903 769 1152 853 ccnlugiendum,
1174 779 1209 831 ut

83 875 209 938 honoris
222 893 314 937 causa
330 873 390 936 illis
406 871 572 935 bominibus
587 892 764 935 concessum
782 872 874 935 luisse
896 881 1027 947 statuat,
1052 881 1085 935 ιιι
1104 871 1135 933 iu
1158 870 1209 933 iti-

83 976 207 1040 neribus
222 996 299 1058 eqno
315 975 516 1052 ucberentor,
540 974 721 1055 eosdemque
743 973 780 1036 ad
796 972 942 1056 reliquum
958 972 1105 1057 priuatum
1121 991 1208 1035 usum

83 1097 177 1161 equos
193 1076 345 1142 babuisse.
390 1074 508 1139 Temen
530 1075 605 1139 nibil
626 1095 751 1160 nsquam
773 1075 811 1139 dc
833 1075 890 1138 bac
904 1095 939 1139 re
953 1073 1118 1160 significari
1133 1074 1209 1137 adeo

83 1181 191 1243 mirum
206 1190 268 1257 est,
283 1189 317 1243 ut
331 1180 397 1242 iere
411 1173 571 1242 assuesare
588 1183 689 1259 ‘atquc
701 1177 818 1259 legatis’
833 1178 977 1260 scriptum
989 1197 1058 1241 csse
1072 1175 1206 1239 credam.

83 1279 165 1345 Nam
187 1280 432 1363 quemadmodum
454 1278 630 1368 interpolari
652 1279 726 1343 baec
747 1278 840 1343 uerba
863 1279 1033 1362 potuerint,
1057 1299 1119 1341 non
1141 1296 1210 1362 per·

83 1403 190 1468 sprcro.

170 1482 209 1549 C.
227 1483 283 1564 tto,
298 1486 321 1549 4
336 1485 574 1568 Vercingetorix
588 1486 759 1568 praefectos
772 1485 902 1568 equiturn
919 1484 1044 1560 edocet,
1068 1483 1211 1565 quemod-

85 1589 207 1652 modum
224 1586 380 1651 llo-anos
400 1588 460 1651 iter
482 1587 626 1650 iacientes
647 1597 803 1669 premant,
825 1606 903 1669 qnae
921 1585 1017 1649 uerbo
1036 1585 1069 1647 in
1090 1586 1211 1670 optimis

86 1689 173 1755 codd.
196 1690 242 1753 ite
261 1689 375 1773 scripta
395 1698 483 1752 eunte
517 1686 663 1753 ‘Proinde
684 1689 804 1771 agmine
826 1689 982 1773 impeditos
1003 1687 1209 1753 adorirentur.

86 1788 122 1857 Si
137 1793 253 1876 pedites
267 1791 331 1856 suis
346 1789 491 1854 auxilinm
507 1791 618 1866 lerant,
635 1790 697 1854 iter
711 1792 814 1853 lacere
829 1811 889 1854 non
905 1811 1015 1875 posse,
1030 1790 1070 1868 si,
1086 1790 1116 1856 id
1132 1791 1212 1874 quod

84 1895 183 1978 magis
203 1896 336 1958 futurum
352 1893 502 1965 conlidst,
527 1891 644 1956 relictis
666 1892 885 1975 impedimentis
908 1912 982 1958 snae
996 1893 1086 1957 saluti
1101 1913 1211 1958 mnen-

85 1996 161 2073 isnt‚
177 2005 208 2058 et
222 2016 279 2058 usn
294 2016 394 2059 rerum
411 1994 653 2058 necessariarum
667 2004 699 2057 et
713 1994 859 2076 dignitate
874 1994 1029 2078 spoliatum
1046 1993 1106 2059 iri'.
1152 1993 1211 2060 llic

86 2097 126 2161 ob
139 2098 211 2162 illas
236 2097 276 2161 ‘si
291 2099 406 2162 relictis
422 2096 640 2182 impedimentis
655 2116 727 2159 suae
743 2096 832 2159 saluti
848 2098 1017 2160 conculaut'
1043 2096 1211 2161 dubitatum

87 2210 145 2277 est,
163 2220 233 2263 num
248 2212 332 2265 recte
347 2201 494 2264 baberent
507 2199 663 2282 superiora
679 2199 771 2262 uerba
794 2199 839 2262 ‘si
855 2200 968 2283 pedites
983 2198 1048 2263 suis
1063 2199 1211 2264 auxilium

86 2300 214 2367 lerant'.
246 2301 300 2366 Ex
321 2303 381 2367 illis
405 2301 483 2365 enim
506 2320 652 2383 apparere
673 2301 767 2363 uisum
790 2310 840 2364 est
855 2299 1134 2386 Vercingetorigem
1150 2322 1211 2367 nou

88 2404 269 2481 bominibus,
286 2405 339 2467 scd
354 2403 572 2486 impedimentis
587 2403 733 2467 auxilium
749 2403 864 2466 laturos
880 2424 949 2466 esse
963 2403 1119 2467 Romanos
1135 2404 1212 2468 iudi·

87 2507 218 2570 cauisse.
249 2502 430 2588 Itaqueiam
453 2504 484 2566 in
501 2501 590 2567 Leid.
614 2524 659 2588 pr.
682 2505 825 2588 scriptum
849 2516 897 2569 est
921 2505 969 2568 ‘si
991 2504 1212 2589 impedimentis

86 2607 151 2671 suis
167 2606 312 2671 auxilium
327 2605 448 2683 ierant’,
466 2607 497 2669 in
513 2607 579 2668 edd.
597 2606 770 2689 quibusdam
788 2618 878 2681 uett„
894 2618 927 2670 ut
944 2606 1125 2687 Vasoosani‚
1144 2615 1213 2674 ‘re-

87 2708 154 2772 bus’
169 2718 238 2792 post
253 2707 390 2794 ‘pedites'
405 2709 564 2772 adiectum.
606 2707 714 2790 Neque
730 2711 803 2774 boec
818 2711 962 2773 relutsuit
977 2707 1136 2775 Clarkius.
1161 2711 1212 2794 qui

88 2811 264 2895 pronomine
285 2812 385 2877 ‘suis’
409 2822 441 2876 et
455 2812 591 2875 homines
607 2822 637 2875 et
652 2832 702 2875 res
718 2812 828 2876 includi
844 2813 1050 2877 existimauit:
1072 2833 1110 2877 eo
1131 2813 1213 2877 enim

87 2924 208 2998 praeter
219 2914 354 2979 homines
369 2915 443 2979 nibil
459 2914 506 2978 bic
520 2914 685 2995 significari
700 2923 810 2998 potest.
832 2913 930 2979 Recte
942 2915 1110 2981 bominibus
1124 2916 1213 2981 anni

88 3017 162 3080 lium
176 3019 294 3082 laturos
308 3020 365 3082 dici
382 3017 536 3084 Romanos
550 3018 621 3081 inde
635 3017 857 3102 conprobetur,
875 3019 951 3100 quod
974 3018 1106 3101 ‘agmine
1119 3018 1213 3101 impe·

88 3118 196 3197 ditos'‚
221 3143 280 3184 non
303 3121 512 3206 impedimenta
532 3118 769 3206 Vercingetorix
790 3120 905 3203 equites
934 3120 1044 3183 adoriri
1066 3121 1210 3184 iusserat.

88 3217 192 3302 ltnque
210 3222 345 3304 ‘pedites'
362 3225 449 3306 psulo
464 3224 552 3288 aliter
566 3225 597 3288 in
613 3225 709 3308 prima
723 3222 869 3288 enuntiati
885 3233 969 3306 parte
984 3222 1059 3299 dici,
1077 3223 1167 3287 aliter
1179 3221 1213 3286 iu

88 3321 183 3385 altera
198 3321 332 3405 intellegi
348 3327 537 3389 statuendum
554 3336 614 3389 est.
658 3324 738 3391 Nam
760 3325 822 3390 illic
838 3345 873 3388 es
889 3346 958 3410 pars
974 3325 1103 3409 peditum
1118 3324 1214 3409 signi·

88 3424 206 3502 beatur,
224 3444 299 3505 quae
314 3423 352 3487 ab
367 3426 491 3490 incursu
507 3427 634 3491 bostium
650 3427 744 3491 libera
759 3428 828 3504 crit,
845 3427 893 3490 bic
908 3448 1024 3492 omnes.
1055 3425 1119 3491 lam
1135 3448 1214 3510 qnae

89 3536 265 3607 sequuntur,
284 3547 325 3591 cx
340 3526 528 3610 interpolatis
544 3528 630 3590 codd.
646 3529 690 3591 ita
700 3529 780 3593 edita
793 3538 882 3591 sonte
909 3527 1003 3593 ‘Nam
1014 3531 1050 3595 de
1062 3530 1214 3614 equitibus

90 3626 231 3704 bostium,
249 3628 318 3710 quin
330 3648 418 3692 nemo
434 3649 537 3692 eorum
552 3629 692 3711 progredi
708 3631 796 3694 nrodo
811 3641 899 3694 extra
915 3653 1022 3715 agmen
1037 3633 1156 3709 undeet,
1174 3653 1214 3697 rte

89 3727 172 3813 ipsos
188 3729 303 3810 quidem
320 3731 429 3795 debere
444 3731 593 3795 dubitare.
639 3728 673 3794 Id
688 3752 747 3815 quo
761 3733 876 3798 maiore
891 3736 1004 3799 faciant
1018 3737 1137 3814 animo,
1162 3757 1214 3801 eo·

88 3829 154 3911 pias
168 3850 203 3894 se
219 3852 323 3895 omnes
339 3853 391 3917 pro
407 3834 516 3898 castris
533 3833 701 3898 habiturum
722 3845 754 3899 et
774 3838 883 3901 terrori
904 3838 1039 3902 hostibus
1056 3838 1212 3903 lnturunr'.

89 3927 126 3998 ln
143 3932 198 3995 bac
213 3933 358 3997 orationis
381 3936 474 3998 lormn
497 3938 590 4002 uerbo
613 3945 671 4002 ‘ne
692 3939 774 4022 ipsos
794 3941 912 4023 quidem
935 3941 1044 4005 debere
1064 3940 1213 4005 dubitare’

90 4033 173 4097 nutu
187 4046 312 4118 possunt
334 4035 394 4099 nlla
416 4041 566 4105 sententio
586 4041 740 4129 intellegi,
765 4064 854 4126 quern
867 4041 1075 4108 Romanorum
1095 4043 1214 4130 equites

90 4146 152 4199 tam
166 4136 278 4201 nullius
293 4138 435 4205 momenti
457 4159 544 4220 esse,
569 4155 602 4207 ιιι
622 4166 660 4209 ne
683 4166 748 4210 cum
765 4144 918 4211 Gallorum
940 4148 1058 4230 quidem
1079 4146 1213 4228 equitatu

89 4238 233 4323 congredi
254 4241 412 4307 cuderent.
448 4238 554 4325 ltaque
574 4265 646 4312 euos
666 4248 731 4334 ipse
753 4250 869 4335 equites
889 4247 1128 4335 Vercingetorix
1150 4269 1213 4315 non
