2692 4688
478 177 802 244 ...ιω-

85 360 132 445 qui
149 356 263 445 proelio
278 350 481 437 congreditur,
506 351 583 434 quoti
598 350 765 416 inauditnm
780 363 839 430 cst,
856 363 956 417 tamen
971 351 1027 416 hoc
1044 350 1150 417 Bibulo
1166 375 1208 420 ne

84 464 116 528 in
132 472 260 526 mentem
275 456 394 540 quislenr
409 453 515 518 uenire
530 464 664 538 poterat,
687 477 755 520 enm
775 455 885 541 ipsein
900 456 997 521 classe
1012 467 1095 521 esset
1108 477 1210 541 nque

85 573 245 629 terrestres
260 559 361 643 copiae
376 556 517 634 haberet,
540 551 682 622 Canentis
698 578 791 622 naues
813 558 955 623 abessent
976 558 1062 642 isque
1076 560 1108 623 in
1124 571 1210 626 terra

84 676 177 730 esset.
207 661 326 729 Deinde
341 660 409 744 quil
424 669 510 735 erat,
535 680 591 723 cur
606 656 734 722 Bibulas
755 660 919 724 subsidium
935 672 1131 745 expectaret,
1156 664 1210 747 qni

82 768 243 833 maximam
258 765 385 829 classem
401 761 547 827 baberet?
578 758 776 825 Scribendnm
792 774 841 827 est
864 769 922 827 ‘ue
944 765 1021 847 quel
1042 763 1210 831 subsidium

84 868 256 953 expectanti
272 864 399 932 Caesari
414 865 446 928 in
461 874 655 947 conspectum
671 864 775 928 uenire
790 863 915 949 posset'.
961 862 1079 932 Similia
1094 868 1154 932 iare
1171 868 1211 934 ab

83 973 150 1037 aliis
166 970 316 1056 proposita
333 978 423 1046 sunt,
447 966 500 1031 sel
516 985 619 1049 parurn
634 976 720 1031 recte
734 970 932 1031 conformata.
964 965 1027 1035 snt
1050 990 1106 1049 en,
1129 992 1210 1055 qnae

83 1073 292 1160 supraposui,
317 1090 423 1135 manca
446 1088 515 1133 esse
534 1069 599 1151 ipsa
624 1069 711 1133 coll.
735 1070 885 1153 scripturn
901 1072 1106 1153 demonstrate
1129 1074 1210 1157 qued

82 1177 225 1241 indicium
247 1196 267 1239 a
288 1173 400 1238 criticis
422 1172 465 1236 ita
488 1171 678 1235 obscuratum
694 1182 760 1250 est,
788 1182 822 1237 ut
838 1172 1029 1239 ‘excubabat'
1045 1186 1207 1259 ponerent.

83 1277 152 1364 Quo
168 1280 248 1343 lacto
263 1297 337 1341 saue
353 1275 426 1339 hnec
441 1274 533 1339 uerba
548 1274 637 1358 plena
651 1285 741 1349 sunt,
766 1277 819 1339 sel
842 1298 920 1364 quae
944 1277 1086 1362 deinceps
1101 1279 1209 1363 lequa-

83 1394 152 1460 tur,
177 1381 286 1446 unllam
308 1378 430 1441 omniuo
454 1397 520 1440 oum
542 1378 594 1442 his'
610 1375 851 1442 coniunctionem
875 1379 996 1444 hahent.
1043 1377 1209 1466 Superinre

87 1484 261 1549 enimhuins
269 1479 476 1545 commentarii
492 1488 576 1562 parte
592 1478 735 1543 derebus
750 1477 909 1546 aCaesare
924 1484 955 1546 in
970 1483 1045 1548 urbe
1059 1484 1149 1564 actis,
1166 1485 1205 1549 oe

82 1588 177 1673 ipsius
192 1596 283 1668 atque
298 1581 433 1666 Pompeii
447 1579 553 1664 copiis,
570 1580 607 1644 de
622 1580 749 1645 traiectu
764 1580 1087 1666 exercitnsCaeearis,
1102 1586 1141 1651 le
1155 1582 1210 1651 Di-

83 1690 146 1754 buli
169 1689 201 1753 in
223 1687 366 1751 remissas
389 1704 483 1748 naues
505 1681 670 1747 acerbitate
693 1684 787 1771 deque
809 1686 908 1750 studio
929 1688 1063 1753 eiusdem
1077 1688 1210 1775 reliquae

84 1788 228 1856 Caesaris
243 1790 344 1874 copias
359 1785 534 1871 probibendi
548 1785 674 1849 relatum
691 1797 749 1850 est.
776 1784 837 1851 lam
853 1810 881 1851 c.
895 1786 916 1851 ll
928 1789 1001 1854 baec
1014 1790 1206 1857 inferuntur

86 1893 244 1958 ‘Discenen
258 1889 462 1954 Liburnarum
478 1908 520 1951 ex
534 1885 655 1972 illyrico
671 1887 718 1952 tt.
735 1885 880 1955 Octauius
896 1912 963 1955 curn
986 1893 1042 1972 iis,
1066 1914 1140 1977 qnas
1154 1895 1211 1961 h.

83 1995 192 2073 hebet,
211 1993 336 2057 nauibus
352 1989 481 2057 Salonas
496 1991 656 2077 peruenit',
674 1992 864 2076 sequiturque
881 1997 1013 2059 narratio
1029 1998 1065 2061 de
1081 1994 1209 2062 Salona-

83 2120 148 2163 rum
165 2101 385 2181 oppugnatione
402 2094 438 2158 ab
455 2091 583 2159 Octauio
600 2104 762 2179 temptata,
779 2117 836 2178 qna
852 2097 965 2162 emissa
979 2094 1140 2163 Octauium
1156 2120 1209 2185 ap-

84 2202 300 2287 propinquante
323 2199 420 2263 hieme
434 2195 656 2282 Dyrrhachium
677 2199 715 2262 al
729 2196 905 2283 Pompeium
924 2220 959 2266 se
978 2202 1130 2287 recepisse
1151 2221 1209 2267 ex·

83 2313 179 2367 tremo
195 2324 223 2365 c.
240 2300 261 2364 9
277 2301 419 2365 retertur.
464 2298 546 2364 Tum
569 2300 640 2365 inde
661 2321 680 2364 n
704 2320 733 2364 e.
752 2297 794 2364 1⁰
817 2298 934 2367 Caesar
947 2324 1055 2369 rursus
1069 2326 1142 2371 snae
1156 2326 1208 2371 res

84 2417 199 2490 gestas,
217 2424 292 2487 qnae
307 2424 333 2468 c.
350 2402 372 2467 8
386 2402 560 2485 reliquerat,
578 2402 780 2487 persequitur,
799 2400 964 2469 Vibullium
979 2428 1013 2471 se
1027 2409 1064 2472 erl
1079 2406 1208 2493 Pompe·

85 2508 145 2572 inm
162 2506 281 2569 misisse
303 2515 409 2568 namet
429 2504 591 2590 uerbisque
606 2526 634 2568 c.
654 2502 713 2583 ll,
736 2502 758 2567 3
775 2506 884 2572 ‘atille
899 2510 1045 2593 expositis
1061 2511 1207 2576 militibus

86 2611 190 2676 eorem
206 2608 255 2672 lie
270 2605 394 2673 Dricum
410 2606 623 2690 proticiscitnr’
646 2608 683 2672 ad
703 2628 757 2685 ea,
779 2630 856 2692 qnae
878 2610 965 2675 initio
987 2634 1017 2676 c.
1041 2612 1062 2677 8
1084 2622 1209 2683 narrata

86 2721 191 2790 eraut,
208 2710 297 2775 restit.
335 2708 488 2773 Liburnae
504 2720 603 2773 antem
623 2710 654 2773 in
668 2707 789 2796 Illyrico
807 2713 899 2777 luisse
913 2713 1015 2798 ibique
1028 2716 1208 2799 qnaetlama

85 2812 275 2899 Pompeianis
289 2822 373 2896 gesta
389 2831 459 2875 esse
474 2831 617 2894 nusquam
633 2823 722 2878 antea
736 2813 863 2879 relatum
878 2826 936 2880 est.
974 2814 1039 2881 lam
1054 2818 1135 2883 illam
1150 2814 1210 2884 Se·

84 2918 219 2982 tanarum
236 2915 498 3000 oppugnationem,
516 2914 552 2979 tle
566 2934 624 2998 qna
640 2910 757 2980 Caesar
771 2938 799 2981 c.
816 2914 966 2994 Drelert,
987 2920 1108 2999 statim,
1125 2932 1210 3004 poet·

85 3039 171 3104 qnam
187 3015 226 3084 C.
242 3019 394 3083 Antonius
409 3039 428 3081 a
442 3015 632 3103 Pompeianis
648 3018 679 3081 iu
693 3016 815 3104 Illyrico
830 3031 935 3105 captns
949 3032 1044 3101 esset,
1062 3023 1098 3086 ab
1114 3019 1209 3087 Dota-

84 3124 135 3188 nio
150 3123 317 3187 institutam
332 3141 400 3187 esse
415 3140 457 3184 ex
472 3115 559 3184 Cass.
579 3119 671 3185 Dion.
688 3119 800 3200 xtlt,
826 3119 863 3185 ll
887 3134 1030 3209 apparet,
1054 3124 1113 3189 uisi
1128 3124 1209 3208 qnol

86 3225 113 3288 is
128 3244 233 3289 errore
247 3226 307 3289 iana
332 3236 392 3287 tum
408 3219 568 3286 Gabinium
589 3223 621 3287 iu
637 3221 789 3311 illyricum
812 3226 933 3293 acuisse
953 3226 1060 3292 scribit
1080 3237 1112 3292 et
1134 3228 1209 3293 baec

86 3348 153 3392 cum
169 3326 262 3390 altera
277 3324 468 3409 expeditione
477 3319 597 3389 Octauii
612 3326 779 3412 coniungit,
796 3340 961 3414 qnampnet
976 3350 1102 3415 pugnam
1109 3328 1210 3395 Phar·

86 3429 206 3495 salicam
229 3429 338 3491 iactam
361 3427 496 3491 narrauit
511 3426 593 3492 ilict.
611 3427 638 3490 b.
654 3428 746 3493 Alex.
763 3431 806 3497 43
818 3468 857 3483 -
873 3430 927 3497 ⁴8.
973 3430 1081 3497 Gaium
1104 3444 1209 3498 auteur

85 3530 252 3595 Antonium
281 3538 313 3592 et
331 3525 368 3591 P.
394 3524 568 3593 Cornelium
598 3528 783 3597 Dolabellam
805 3535 887 3599 illnm
911 3533 1067 3621 Corcyrae
1088 3534 1209 3621 Nigrae

85 3643 214 3718 captum,
234 3632 311 3695 hune
326 3626 447 3715 illyrico
463 3632 589 3697 eiectum
604 3654 673 3699 esse
687 3635 724 3698 ab
739 3637 842 3699 eodem
856 3635 984 3702 Octauio
1000 3648 1031 3703 ct
1046 3634 1209 3703 Scribonio

85 3735 202 3800 Libone
217 3732 276 3798 Dio
291 3730 389 3812 XLl,
414 3731 456 3798 ⁴0
471 3735 616 3799 narrauit.
661 3735 754 3819 Atqui
771 3735 919 3805 Libonem
941 3752 1031 3826 atque
1047 3737 1209 3806 Octauium

87 3833 204 3901 Caesar
218 3859 246 3899 c.
264 3835 296 3914 5,
314 3834 335 3900 3
349 3835 533 3903 Liburnicae
548 3850 635 3923 nque
650 3838 801 3905 Achaicae
815 3841 908 3907 classi
923 3846 1109 3927 praefuisse,
1130 3854 1164 3909 et
1176 3866 1207 3909 e.

87 3936 139 4015 15,
155 3936 178 4001 ti
193 3935 340 4002 Libonem
355 3960 389 4004 se
404 3961 470 4004 eum
486 3937 597 4004 Bibulo
612 3942 806 4009 coniunxisse
822 3946 947 4023 scribit,
966 3958 1000 4010 ut
1013 3967 1081 4011 eum
1095 3948 1210 4011 aluisse

85 4052 117 4106 et
130 4041 246 4107 redisse
261 4040 330 4106 item
346 4064 362 4106 a
380 4039 515 4109 Caesare
529 4045 656 4109 relatum
671 4046 765 4111 inisse
780 4059 915 4133 apertum
930 4048 982 4113 sit.
1019 4045 1125 4132 ltaque
1140 4068 1209 4113 can

86 4154 221 4208 extrema
236 4165 266 4208 c.
282 4144 304 4207 8
318 4145 522 4228 imperfectam
538 4146 669 4213 babeant
684 4151 829 4215 orationis
844 4153 983 4225 lerinam,
1003 4150 1161 4234 sequentia
1176 4172 1205 4215 c.

85 4244 187 4312 Deum
203 4246 408 4332 superioribus
423 4269 483 4314 non
498 4252 693 4331 cohaereant,
710 4272 769 4316 uun
786 4262 885 4336 potest
900 4254 1047 4333 dubitari,
1064 4253 1137 4337 quin
1151 4253 1208 4318 hoc
