2692 4688
79 190 143 257 532
505 184 563 253 llll
586 184 731 255 BELLO
753 183 888 256 ClVlLl

137 381 296 443 magnum,
322 368 355 421 ut
375 377 428 420 eos
443 358 647 441 superioribus
662 361 838 444 perterritos
854 358 976 445 proeliis
991 358 1022 422 lu
1038 358 1164 424 medium
1182 361 1261 425 reei-

139 472 245 548 pcreut
267 480 374 543 agmen
397 460 533 542 ultroque
554 479 606 524 eos
630 471 807 540 tuerentur,
838 483 964 544 quorum
987 460 1059 525 nulli
1081 483 1121 525 ex
1149 463 1260 528 itinere

81 567 131 637 80
139 564 288 628 excedere
303 561 425 639 licebat,
441 561 513 644 quiu
529 561 566 624 ab
582 563 715 645 equitatu
726 559 869 627 Caesaris
886 563 1088 646 exciperetur.
1105 562 1173 629 Tali
1191 566 1258 629 dum

137 675 288 752 pugnatur
302 664 409 739 modo,
435 664 514 727 lente
537 674 627 746 atquc
650 665 789 748 paulatim
807 667 996 748 proceditur,
1021 666 1204 750 crebroque,
1230 679 1262 732 ut

101 769 200 833 2sint
214 765 329 832 auxilio
345 765 421 842 suis,
439 765 624 845 subsistunt3
644 777 675 829 ut
691 777 751 829 tum
768 767 885 830 accidit.
907 766 992 830 Milia
1008 768 1086 832 enim
1103 771 1258 854 progressi
1281 784 1297 834 ⁵

139 881 186 935 llll
202 867 465 949 uehementiusque
488 869 645 952 peragitati
661 869 697 932 ab
714 869 849 953 equitatu
865 880 992 932 montem
1010 873 1163 935 excelsum
1180 872 1261 956 eapi-

138 983 193 1036 unt
208 971 307 1054 ibique
324 993 382 1034 uua
398 972 495 1034 ironte
512 982 617 1033 contra
634 971 751 1035 bostem
767 982 867 1036 castra
882 972 1021 1036 muniunt
1035 993 1132 1055 neque
1144 973 1260 1038 iumen-

104 1073 179 1140 dtis
202 1094 295 1137 onera
317 1036 477 1158 depdount.
512 1070 570 1135 Vbi
594 1071 737 1138 Caesaris
768 1084 867 1138 castra
890 1075 985 1158 posita
1009 1075 1260 1158 tabernaculaque

139 1177 302 1242 constituta
325 1184 355 1238 et
377 1175 515 1239 dimissos
539 1174 655 1257 equites
680 1175 837 1260 pabulandi
860 1197 951 1240 eausa
977 1177 1107 1241 animum
1123 1179 1262 1242 aduerte·

138 1288 230 1352 runt,
253 1297 323 1341 sese
344 1275 442 1340 subito
463 1276 630 1361 proripiunt
650 1277 723 1342 bora
748 1278 869 1343 circiter
891 1289 977 1343 sexta
1001 1279 1133 1343 eiusdem
1157 1280 1215 1344 diei
1231 1292 1263 1346 ct
1284 1292 1317 1346 tt

139 1401 220 1465 spem
237 1381 318 1444 nacti
333 1400 434 1444 morae
444 1379 577 1443 discessu
594 1390 763 1444 nostrorum
774 1381 902 1463 equitum
919 1381 977 1443 iter
990 1381 1087 1444 iacere
1101 1381 1261 1466 incipiunt.

103 1482 126 1547 lc
141 1479 209 1565 Qua
226 1502 259 1545 re
274 1481 402 1545 animum
419 1482 548 1544 aduersa
564 1475 680 1546 Cacsar
693 1485 716 1567 †
731 1482 843 1546 relictis
864 1480 1031 1563 legionibus
1055 1483 1261 1565 subsequitur,

141 1583 291 1668 praesidio
315 1582 535 1666 impedimentis
559 1603 668 1668 paucas
691 1583 823 1648 cohortis
844 1583 1002 1666 relinquit3
1028 1585 1100 1649 bora
1116 1596 1142 1647 X
1156 1585 1264 1649 subse·

141 1686 192 1768 qui
208 1685 396 1769 pabulatores
413 1685 588 1772 equitesque
603 1685 740 1750 reuocari
756 1684 848 1749 iubet.
893 1680 1044 1750 Celeriter
1058 1687 1208 1768 equitatus
1224 1690 1264 1752 ad

106 1787 320 1851 bootidianum
344 1786 461 1850 itineris
485 1788 612 1850 officium
634 1788 811 1852 reuertitur.
842 1786 999 1871 Pugnatur
1021 1788 1133 1852 aeriter
1154 1789 1191 1852 ad
1208 1810 1262 1854 no·
1288 1802 1317 1855 tt

141 1889 295 1953 nissimum
312 1910 439 1971 agmen,
465 1889 540 1953 adeo
564 1900 595 1952 ut
616 1911 711 1975 paene
727 1900 812 1975 terga
827 1901 1018 1969 conuectant,
1036 1891 1263 1974 compluresque

141 1991 264 2067 milites,
282 1991 370 2053 ctiam
382 1990 516 2054 nonnulli
525 1993 730 2070 centuriones,
748 1994 982 2057 interficiuntur.
1008 1990 1263 2078 Instabatagmeu

85 2090 125 2162 81
145 2088 288 2157 Caesaris
303 2103 391 2175 atquc
407 2093 577 2158 uniuersum
593 2094 778 2158 imminebat.
811 2095 891 2160 Tum
908 2118 980 2162 uero
996 2117 1091 2178 oeque
1107 2098 1142 2159 ad
1159 2095 1264 2180 explo-

141 2196 266 2259 randum
282 2195 420 2260 idoneum
444 2198 540 2261 locum
563 2195 671 2260 castris
696 2216 792 2278 neque
815 2199 850 2261 ad
873 2198 1120 2282 progrediendum
1136 2199 1202 2261 data
1219 2200 1264 2261 la-

142 2298 254 2361 cultatc
269 2297 438 2363 consistunt
461 2299 633 2361 necessario
656 2307 687 2361 et
711 2301 814 2381 procul
837 2300 874 2365 ab
896 2321 973 2382 aqua
996 2311 1026 2364 et
1042 2312 1148 2364 natura
1163 2300 1265 2384 iniquo
1285 2311 1318 2366 tt)

107 2400 208 2464 ttoco
226 2409 324 2463 castra
340 2410 465 2483 ponunt.
498 2395 557 2462 Sed
573 2399 667 2463 isdem
684 2402 833 2466 decausis
850 2397 976 2481 Caesar,
996 2424 1071 2485 quac
1087 2425 1176 2487 supra
1194 2413 1265 2466 sunt

143 2504 373 2578 demonstratae,
394 2501 508 2586 proelio
525 2522 585 2563 uon
601 2500 722 2565 lacessit
737 2514 767 2567 et
783 2525 819 2568 eo
828 2506 875 2568 die
888 2504 1080 2568 tabernacula
1090 2505 1180 2568 statui
1196 2525 1265 2585 pas-

143 2624 194 2666 sus
211 2624 269 2664 oon
286 2614 350 2679 cst,
375 2623 432 2684 quo
457 2602 624 2686 paratiores
649 2617 750 2668 esseut
769 2607 804 2668 ad
821 2607 1033 2689 insequendum
1050 2624 1170 2679 omues,
1195 2604 1263 2667 siue

107 2702 127 2770 3
143 2716 232 2768 noctu
249 2705 313 2768 siue
327 2704 458 2769 interdiu
473 2717 675 2789 erumperent.
707 2704 754 2771 Illi
776 2709 982 2771 animaduerso
1006 2707 1079 2769 uitio
1095 2716 1264 2768 castrorum

143 2817 206 2870 tota
224 2818 311 2872 nocte
326 2807 506 2871 munitiones
523 2810 678 2892 proferunt
693 2809 969 2891 castraquecastris
986 2818 1179 2871 conuertunt.
1199 2805 1266 2870 lloc
1287 2818 1321 2873 25

141 2910 221 2973 idcm
237 2920 356 2994 postero
373 2911 420 2973 die
436 2932 454 2974 a
470 2909 563 2994 prima
578 2911 645 2975 luce
661 2913 772 2973 iaciunt
787 2920 939 2994 totumque
954 2910 985 2973 in
1001 2931 1037 2974 ca
1052 2930 1086 2973 re
1101 2909 1178 2972 diem
1192 2930 1264 2971 con·

143 3023 275 3075 sumunt.
308 3009 367 3076 Sed
392 3022 530 3095 quantum
554 3033 644 3097 opere
667 3022 878 3097 processerant
901 3023 931 3076 et
951 3023 1049 3076 castra
1065 3011 1263 3096 protulerant,

145 3123 228 3176 tanto
244 3114 369 3177 aberant
384 3115 420 3178 ab
437 3135 513 3198 aqua
529 3115 661 3198 longius,
678 3124 709 3178 et
724 3115 875 3198 praesenti
892 3115 968 3179 malo
984 3114 1051 3179 aliis
1068 3113 1153 3177 unalis
1169 3133 1266 3178 reme-

108 3212 129 3276 4
145 3213 192 3276 dia
208 3214 364 3277 dabantur.
396 3213 498 3281 Prima
520 3227 607 3280 noete
630 3217 759 3298 aquandi
782 3239 872 3282 eausa
888 3239 975 3283 nemo
991 3218 1145 3300 egreditur
1160 3238 1200 3279 ex
1216 3237 1265 3280 ca·

143 3315 236 3392 stris3
261 3317 397 3400 proximo
414 3318 461 3381 die
478 3317 626 3402 praesidio
642 3317 672 3379 in
688 3319 797 3381 eastris
813 3320 918 3382 relicto
935 3321 1091 3383 uniuersas
1108 3321 1143 3382 ad
1160 3339 1266 3401 aquom
1289 3329 1322 3380 ³0

109 3414 130 3480 5
145 3417 246 3501 copias
262 3418 403 3496 educunt,
421 3421 588 3505 pabulatum
605 3418 750 3483 emittitur
765 3440 863 3483 nemo.
907 3420 964 3484 llis
980 3441 1032 3485 cos
1050 3420 1189 3504 supplicis
1206 3441 1266 3482 ma-

144 3519 181 3584 lis
198 3518 309 3584 babere
325 3515 441 3585 Caesar
462 3534 493 3587 et
514 3521 717 3588 necessariam
733 3521 835 3586 subire
851 3523 1032 3589 deditionem
1049 3545 1136 3608 quam
1152 3524 1266 3607 proelio

255 3778 269 3829 3
283 3780 468 3846 exciperentur
480 3781 530 3831 bu.
642 3780 782 3832 decimum
796 3781 969 3833 aduerterunt
981 3780 1021 3845 (a)
1031 3780 1054 3842 b,
1069 3795 1120 3830 non
1135 3779 1268 3830 animadu.

256 3858 287 3911 12
301 3859 412 3908 animum
426 3858 537 3908 aduersa
551 3857 600 3921 ab,
616 3874 669 3910 nou
682 3859 814 3911 cainaea.
918 3858 1090 3924 †relictisP.
1101 3857 1158 3909 tlt.

147 3929 179 3984 13
193 3933 307 3982 cebortis
320 3949 336 3982 o
347 3936 371 3983 b.
478 3933 584 3999 reliquit
597 3935 622 3985 b.
741 3935 772 3987 14
786 3934 960 4003 celeriterque
975 3936 999 3987 b.
1117 3934 1148 3986 lb
1162 3948 1228 3999 pene
1240 3947 1267 3981 o.

257 4006 286 4058 17
301 4008 467 4059 centuriones
480 4026 533 4061 om.
549 4012 573 4060 b.
679 4011 713 4065 20
727 4021 819 4062 natura
833 4029 886 4063 orn.
902 4016 925 4064 b.
1030 4015 1059 4067 21
1078 4013 1158 4063 isdem
1172 4029 1198 4074 o,
1216 4028 1269 4062 non

146 4082 248 4134 iisdem.
353 4084 386 4132 22
400 4084 509 4150 proelio]
524 4086 635 4152 amplius
647 4087 712 4138 odd.
729 4090 802 4138 ‘mea
817 4089 876 4139 b'o.
982 4091 1063 4143 ttitti
1077 4090 1143 4140 euim
1156 4088 1269 4136 aduerso

146 4177 163 4212 o
174 4162 220 4211 bc.
349 4160 379 4211 al
395 4162 524 4227 supplices
538 4165 613 4214 malis
628 4165 724 4217 babere
738 4166 867 4216 Daulotos
881 4166 1016 4232 (supplicio
1032 4164 1248 4232 Oudendorpior)
1257 4183 1266 4228 ‚-

147 4236 280 4308 suppliciis
294 4237 361 4288 male
374 4236 465 4287 baberi
477 4254 493 4287 o
503 4239 527 4303 b,
542 4241 674 4306 supplices
687 4242 753 4292 male
767 4241 862 4293 bebere
875 4241 926 4292 od.
