2692 4688
464 196 929 271 nonuncium-so.
1124 287 1128 291 ,
1247 200 1311 271 no

133 371 204 438 belli
226 380 398 454 unumque
420 371 558 436 omnibus
581 374 768 438 uoluntatem
791 375 1053 440 eommuhtionem
1075 377 1194 453 attulit,
1218 386 1254 440 nt

134 484 257 562 praeter
269 472 413 538 Haeduos
428 484 458 539 et
472 472 598 554 Remos,
616 497 690 559 quos
705 477 866 563 praecipuo
881 498 1001 562 semper
1015 474 1253 544 lionoreCaeaar
1283 508 1285 513 ·

133 578 256 657 habuit,
281 577 393 642 alteros
416 597 470 662 pro
491 586 595 642 uetere
617 600 653 643 ao
675 590 820 664 perpetua
842 600 915 665 erga
931 580 1066 664 populum
1081 579 1252 645 Romanum

133 681 201 759 lide,
219 680 332 744 alteros
348 680 588 765 proterentibus
604 677 712 746 Gallici
728 683 797 746 belli
813 683 937 761 officiis,
961 684 1043 747 nulla
1066 685 1129 748 lere
1144 683 1253 747 ciuitas

97 797 113 850 t
136 783 226 849 luerit
240 804 302 847 non
317 792 456 865 suspecta
470 783 569 847 uobis.
607 780 701 867 ldqne
716 786 792 849 adeo
808 786 883 848 liaud
900 785 963 849 noio
978 786 1184 850 mirandumne
1198 785 1250 865 sit,
1266 781 1289 848 5

133 907 199 951 cum
215 885 418 970 compluribus
433 885 500 948 aliis
516 884 552 948 de
567 885 679 962 causis,
697 897 757 951 tum
765 888 906 966 maxime,
925 889 1000 970 quod
1017 888 1056 965 ei,
1074 887 1125 971 qni
1138 889 1254 953 uirtute

132 988 203 1054 delli
218 987 356 1052 omnibus
371 987 513 1070 gentibus
535 987 800 1071 praeferebantur,
826 1001 940 1054 tantum
961 1011 996 1054 se
1018 992 1083 1055 eins
1105 989 1253 1075 opinionis

134 1089 353 1176 deperdidisse,
372 1098 405 1153 ut
420 1110 437 1152 a
453 1091 562 1174 populo
577 1087 714 1155 Romano
730 1092 855 1176 imperia
870 1095 1057 1177 perferrent,
1075 1093 1254 1178 grauissime

134 1193 286 1258 dolebant.
324 1190 456 1257 Treueri
478 1213 553 1256 uero
568 1201 657 1275 atque
671 1190 894 1260 lndutiomarus
911 1196 1002 1259 totius
1019 1195 1124 1258 hiemis
1139 1195 1251 1259 nullum
1265 1192 1310 1265 55

78 1308 112 1363 tu
136 1307 250 1382 tempus
263 1294 504 1372 intermiserunt,
522 1295 592 1378 quin
607 1303 693 1359 nans
707 1294 847 1360 Rhenum
862 1299 979 1383 legatos
996 1299 1160 1376 mitterent,
1179 1296 1254 1361 ciui·
1337 1326 1341 1333 ·

133 1409 211 1463 tetes
226 1396 443 1475 sollicitarent,
461 1398 602 1481 pecunias
618 1397 848 1483 pollicerentur,
875 1421 982 1484 magna
998 1407 1083 1484 parte
1099 1399 1252 1464 exercituo

133 1501 230 1567 nostri
243 1500 405 1564 interfecta
419 1499 513 1564 multo
528 1500 674 1564 minorem
688 1521 849 1586 superesse
864 1502 1000 1566 dicerent
1014 1513 1139 1587 purtem.
1184 1497 1289 1566 Ite-2

132 1623 189 1688 pne
203 1613 304 1668 umen
318 1600 370 1666 ulli
386 1601 504 1666 ciuitati
520 1599 736 1668 Germanorum
751 1605 924 1688 persuaderi
940 1606 1048 1690 potnit,
1065 1615 1099 1669 nt
1111 1602 1252 1668 Rhenum

133 1705 290 1783 tmueiret,
306 1725 372 1769 eum
387 1723 423 1769 ec
437 1704 484 1768 bis
498 1716 641 1790 expertos
656 1707 802 1784 dicerent,
818 1706 969 1771 Ariouisti
984 1706 1061 1770 bello
1076 1717 1108 1770 et
1121 1705 1252 1770 Tencte-

76 1819 110 1874 tt
133 1827 234 1872 rorum
251 1806 398 1871 transitos
416 1826 477 1870 uon
491 1827 561 1871 esee
576 1808 701 1890 amplius
717 1810 867 1873 inmunem
883 1818 1090 1895 temptaturus.
1118 1804 1184 1871 llac
1198 1806 1286 1892 epod

133 1909 234 1994 lapsus
249 1905 470 1973 Indutiomarus
485 1909 578 1973 nihilo
593 1910 692 1974 minus
707 1911 808 1994 copias
824 1931 947 1995 cogere,
965 1930 1124 1985 exercerc,
1152 1930 1170 1975 ι
1186 1907 1252 1972 dni-

133 2011 226 2075 tumis
241 2029 334 2094 equos
347 2031 472 2096 perure,
489 2010 597 2075 exules
613 2011 827 2094 damnatosque
842 2022 904 2075 totu
918 2010 1018 2077 Gallia
1033 2013 1149 2097 magnis
1165 2031 1252 2096 prae·

133 2111 205 2177 miis
219 2111 258 2177 ad
272 2132 306 2177 se
319 2112 438 2178 allicere
454 2113 564 2198 coepit.
603 2112 651 2177 Ao
665 2125 778 2177 tanmm
794 2113 851 2178 eibi
862 2114 923 2189 ¹iam
939 2116 985 2191 his
1000 2116 1090 2179 rebus
1105 2116 1136 2179 in
1153 2112 1288 2178 fluunt

133 2214 343 2280 auctoritatem
357 2217 595 2301 comparancrut3
612 2227 644 2280 ut
660 2206 790 2300 nudique
805 2217 844 2281 ud
859 2237 925 2281 cum
941 2215 1106 2299 legationes
1125 2235 1253 2293 concur·

75 2330 110 2386 2⁰
132 2327 253 2397 rerem,
284 2319 414 2405 gratiam
443 2305 532 2403 etq'ue
554 2319 714 2384 amicitiam
738 2320 853 2404 publice
875 2319 1071 2404 priuatimque
1100 2326 1251 2402 peterent.

134 2418 196 2486 vti
207 2419 360 2485 intellexit
373 2420 459 2485 ultro*
468 2423 505 2485 ad
520 2443 555 2487 se
569 2423 685 2502 ueniri,
709 2422 805 2487 alteru
820 2444 859 2487 ex
876 2432 961 2506 parte
976 2419 1115 2487 Senones
1131 2415 1251 2484 Carnu·
1263 2417 1308 2489 56

133 2523 433 2608 uspneeouscientia
448 2525 589 2589 iocinoris
604 2525 754 2610 instigari,
772 2527 868 2590 alteru
875 2525 1011 2591 Neruios
1018 2525 1252 2608 Aduatucosque

131 2624 241 2691 bellum
257 2623 404 2691 Romanis
418 2647 543 2711 parare,
568 2648 665 2711 neque
685 2629 744 2693 sibi
766 2629 1001 2694 uoluntariorum
1017 2630 1117 2711 copiae
1134 2629 1250 2707 defore,

132 2727 160 2792 oi
173 2748 216 2793 ex
229 2728 339 2792 linibus
354 2730 419 2793 suis
435 2731 574 2816 progredi
590 2731 757 2815 coepisset,
781 2743 931 2797 armatum
952 2731 1110 2794 concilium
1133 2730 1248 2793 indicit.

77 2838 110 2895 to
131 2827 199 2895 lioo
212 2851 299 2896 more
313 2828 469 2897 Gallorum
492 2844 542 2899 est
560 2834 678 2898 initium
691 2834 780 2899 belli:
805 2857 864 2919 quo
885 2834 953 2918 lege
975 2832 1124 2896 communi
1145 2828 1288 2895 omnent

132 2931 259 3019 mom
273 2934 382 3000 armati
396 2936 559 3002 conuenire
572 2922 775 3018 consuetum
801 2937 853 3021 qui
874 2957 915 3005 ex
929 2937 967 3000 iis
981 2932 1163 2999 nouissimus
1178 2952 1251 2997 oon·

132 3186 196 3244 tutti
207 3191 234 3244 B
245 3192 320 3245 ‘stoa
329 3190 475 3262 plerique’,
488 3193 553 3247 belli
565 3192 697 3248 inferendi
710 3194 748 3259 (e)
761 3210 789 3245 u.
893 3193 906 3247 l
920 3187 1082 3259 tentumque]
1094 3196 1214 3258 tunquam
1224 3188 1250 3245 d.

241 3271 358 3323 omnibns
372 3273 534 3324 uoluntatem
546 3272 629 3339 A(u)
640 3273 662 3325 C
673 3272 850 3337 (uoluntatem
870 3276 898 3322 et
915 3272 1075 3340 uoluptatem
1088 3275 1117 3321 e'n
1129 3270 1196 3321 olta's
1209 3273 1251 3322 tn-

132 3350 212 3398 ueae't
223 3346 314 3413 Orod),
330 3349 441 3401 omnium
454 3349 597 3403 uoluntatis
610 3351 693 3401 odae
704 3350 885 3402 Fledoardoe.
1023 3349 1251 3401 commutetioeu

131 3426 171 3492 A,
185 3428 464 3497 mutationemque
475 3429 513 3481 1).
617 3429 945 3485 tilednosFtodoordue.
1048 3425 1252 3483 tGaltioilnelll

131 3506 179 3573 (B)
193 3507 267 3558 ‘nra
282 3507 391 3572 omnee’,
405 3508 470 3560 belli
483 3507 578 3560 Gelliei
590 3508 772 3562 Flodoordue.
922 3508 938 3560 o
952 3508 1018 3574 qnod
1032 3507 1067 3571 ei,
1081 3506 1125 3572 qui
1136 3505 1161 3555 B
1173 3509 1203 3553 et
1211 3506 1253 3553 eie

134 3581 191 3634 ‘ud
201 3583 228 3634 tl
240 3583 327 3649 uelli,
340 3584 385 3651 qui
396 3583 522 3650 reliqut’5
534 3584 603 3651 quod
616 3585 660 3651 qui
675 3584 737 3637 bed
744 3601 767 3636 e.
873 3585 890 3635 8
902 3600 917 3634 a
929 3583 1023 3651 populo
1036 3582 1149 3635 llonaeo
1161 3580 1252 3632 Anu

132 3664 173 3726 et,
187 3664 239 3728 pud
249 3674 280 3712 ιι
289 3674 343 3728 pro
356 3675 382 3726 ι,
398 3662 437 3725 0,·
450 3661 657 3728 populi'homuni
671 3679 684 3712 e
696 3662 793 3714 Aldus.
898 3662 914 3714 l
927 3661 1036 3713 Treueri
1049 3660 1082 3710 B.
1184 3671 1251 3711 uero

131 3756 184 3792 on.
200 3740 225 3791 d.
330 3738 521 3792 Indutiomarus
535 3738 592 3805 (B),
606 3739 800 3791 induciomarus
814 3756 841 3791 u.
953 3739 985 3790 ld
998 3737 1095 3788 Renum
1108 3736 1142 3787 B.

132 3815 161 3870 ll
175 3831 271 3883 ιιιςιι
282 3830 316 3868 ιι
327 3824 403 3885 parte
417 3817 446 3869 0.
555 3817 587 3869 1⁴
600 3814 819 3868 Thieetherorum
830 3818 855 3868 B
865 3821 893 3868 et
903 3820 944 3868 ete
955 3820 1006 3866 out
1019 3812 1252 3866 ‘Teneatherorum

131 3898 193 3947 cett.
207 3892 285 3946 Μ)
388 3895 420 3948 ld
434 3896 633 3962 temptaturusB
645 3901 672 3946 ot
683 3900 725 3945 sie
736 3897 782 3946 uel
794 3903 939 3947 tentaturos
952 3912 967 3946 e
979 3899 1006 3945 et
1018 3893 1135 3959 reliqui,
1149 3899 1253 3946 tentam

131 3972 273 4024 denode.
377 3986 469 4040 coepe
481 3972 515 4024 B.
620 3972 855 4026 ldlndutiomorns
868 3973 925 4040 (B),
939 3973 1135 4025 induciomarus
1148 3987 1176 4023 u.

131 4046 393 4116 enereere]exmre
403 4050 440 4102 D.
544 4049 748 4103 finitumisAD.
875 4051 1068 4103 lentescunt.
1079 4054 1204 4118 priores,
1218 4048 1252 4100 iio

130 4127 321 4181 Ηιιιϋιι
332 4143 361 4181 ι.
465 4128 499 4183 22
512 4127 639 4193 instigare
650 4130 707 4181 Ae.
811 4131 1031 4187 ttlndinitde.'
1117 4128 1252 4184 ttinitum

132 4204 227 4257 butten
238 4204 276 4259 D.
381 4204 581 4274 prodiente.
686 4206 987 4272 adpotoresemotio,
1002 4201 1252 4274 puberesetuemett

133 4276 310 4339 B‘nretsn’.
432 4286 605 4348 consuerunt]
615 4289 744 4350 eoguntur
755 4300 792 4337 e·-
900 4283 1025 4337 conuenit
1035 4281 1122 4333 Aue
1135 4281 1161 4334 ‘⁹
1173 4278 1249 4344 ottt',
