2692 4688
479 237 549 307 LL.
568 239 623 304 ott
641 234 869 304 ANALOGIA
1228 236 1291 306 755

113 415 276 481 Albenses.
307 412 381 477 Non
402 413 539 495 quoniam
562 411 731 475 nescientes
753 429 840 472 unam
862 407 1078 472 deriuationem
1094 430 1162 475 csse
1178 411 1234 479 hoc

71 545 77 558 ·
115 521 260 592 lecerunt,
280 512 396 579 Caesar
412 515 466 576 ltoc
482 515 575 591 dixit,
599 513 652 576 sed
668 523 701 575 ut
717 514 850 576 lacerent
865 510 1074 575 discretionem
1090 512 1169 575 inter
1184 536 1234 578 co-

115 622 214 697 lonos,
226 620 306 680 inter
320 619 387 681 illos
404 629 434 679 et
450 618 536 679 istos.

204 720 286 783 Gall.
305 719 395 782 XIX
397 767 406 797 ,
424 718 462 781 82
488 713 525 779 C.
545 711 706 779 Caesario
722 715 825 793 libris,
848 735 922 797 quos
937 714 975 778 ad
989 712 1035 778 Μ.
1055 710 1233 780 Ciceronem

78 837 93 886 a
118 826 152 886 de
169 822 305 904 analogia
322 820 511 904 conscripsit,
525 819 653 881 harenas
668 818 846 882 uitioscdici
859 816 1234 899 existimat,qnodl1arena

115 945 273 1007 numquam
289 923 486 987 multitudinis
502 941 625 984 numero
641 921 813 1005 appellanda
831 921 888 998 sit,
907 921 993 983 sicuti
1011 941 1105 1003 neque
1121 922 1235 986 coelum

113 1048 210 1110 neque
227 1027 358 1090 triticum
370 1052 378 1105 3
390 1036 494 1088 contra
509 1035 608 1086 alutem
623 1024 794 1107 quadrigas,
805 1023 921 1086 etiamsi
936 1044 1041 1086 currus
1054 1044 1129 1087 unus
1143 1046 1234 1107 equo·

112 1151 177 1192 rum
194 1140 335 1210 quattuor
349 1128 515 1191 iunctorum
532 1145 638 1209 agmen
654 1146 743 1187 unum
759 1125 809 1202 sit,
821 1124 969 1208 pluratiuo
981 1145 1099 1208 semper
1109 1147 1233 1191 numero

114 1230 254 1293 dicendus
278 1240 379 1313 putat,
404 1231 483 1291 sicut
505 1249 588 1291 arma
610 1238 641 1290 et
662 1227 778 1289 moenia
804 1237 834 1289 ct
856 1226 974 1290 comitia
997 1237 1027 1290 ct
1048 1228 1231 1293 inimicitias.

59 1344 90 1395 tt
113 1331 202 1395 Tunc
218 1332 331 1416 prolato
348 1332 424 1394 libro
440 1332 476 1393 de
492 1329 631 1413 analogia
646 1329 742 1411 primo
758 1327 850 1391 uerba
868 1327 939 1391 haec
955 1348 1045 1391 exeo
1062 1351 1157 1413 pauca
1172 1353 1234 1395 me-

114 1435 228 1498 moriae
243 1434 392 1497 mandnui.
416 1432 497 1495 Nam
514 1454 579 1495 cum
595 1452 686 1514 supra
703 1431 830 1493 dixisset
841 1450 937 1512 neque
950 1431 1063 1494 caelum
1074 1452 1170 1513 neque
1181 1431 1234 1496 tri·

114 1538 204 1599 ticum
228 1556 322 1618 neque
339 1535 480 1597 harenam
497 1534 692 1597 multitudinis
708 1532 952 1617 significationem
969 1534 1046 1617 pati,
1066 1531 1161 1596 ‘Num
1174 1534 1232 1615 tu',

112 1639 226 1721 inquit,
247 1636 362 1700 ‘larum
385 1657 485 1700 rerum
503 1648 609 1700 natura
626 1636 762 1698 accidere
778 1635 953 1713 arbitraris,
978 1635 1052 1717 quod
1071 1657 1157 1699 uuam
1174 1647 1234 1700 ter·

113 1761 176 1804 ram
193 1751 223 1804 et
239 1740 337 1824 plures
353 1751 450 1803 terras
473 1750 504 1801 et
519 1739 622 1801 urbem
639 1748 669 1800 et
684 1737 773 1799 urbes
790 1747 819 1797 et
834 1736 987 1819 imperium
1004 1748 1035 1799 et
1050 1738 1173 1821 imperia
1190 1738 1233 1800 di·

58 1852 89 1904 ts
113 1862 232 1918 camus,
258 1863 353 1924 neque
375 1840 532 1922 quadrigas
548 1839 578 1901 iu
594 1861 682 1902 unam
700 1839 828 1901 nominis
844 1839 967 1921 liguram
983 1840 1121 1923 redigere
1137 1860 1234 1922 neque

113 1945 254 2008 harenam
271 1941 467 2004 multitudinis
483 1940 680 2022 appellatione
697 1950 877 2004 conuertere
893 1940 1080 2024 possimusi'

543 2063 626 2104 aaran
641 2060 800 2102 secvunvs.

203 2146 328 2210 Charis.
343 2166 379 2228 p.
397 2140 459 2206 104
475 2141 533 2205 P.:
559 2138 598 2206 C.
616 2138 733 2206 Caesar
753 2142 789 2204 de
805 2141 942 2224 analogia
957 2146 1118 2208 secundo:-
1132 2146 1230 2230 lagos,

113 2250 251 2336 populos,
270 2248 376 2309 ulmos.

53 2363 87 2418 2⁰
196 2350 281 2412 Idem
293 2373 327 2434 p.
348 2346 427 2412 1092
455 2346 553 2411 Lacer
572 2368 611 2410 an
634 2346 764 2410 laceris?
786 2344 829 2410 Vt
843 2355 949 2425 tener,
974 2367 1057 2428 puer.
1090 2347 1232 2414 Vltimam

112 2453 189 2515 enim
207 2451 339 2513 uocalem
355 2452 382 2513 si
398 2450 544 2514 ablatiuus
560 2472 578 2512 o
593 2450 718 2525 miserit,
731 2449 816 2512 dubit
829 2449 922 2527 scire,
932 2450 1028 2533 qualis
1045 2471 1111 2514 essc
1127 2453 1234 2518 debeat

111 2554 325 2618 nominatiuus.
358 2551 502 2617 Ouidius:
526 2550 611 2616 dlille
632 2552 715 2615 lacer
734 2573 877 2635 spargere
893 2553 978 2617 locis.
1012 2551 1100 2634 Quod
1116 2555 1158 2619 ita
1174 2557 1237 2621 diet

111 2658 204 2720 docet
217 2652 334 2719 Caesar
353 2657 388 2718 de
404 2655 541 2739 analogia
558 2653 634 2717 libro
649 2656 780 2718 secundo
796 2675 852 2718 nec
868 2678 927 2720 non
944 2666 975 2719 et
990 2654 1116 2739 Valgius
1133 2658 1169 2721 de
1183 2680 1233 2722 re·

109 2759 164 2822 bns
181 2781 234 2844 pcr
249 2760 404 2842 epistolam
421 2757 576 2840 quaesitis.

54 2872 87 2925 2⁵
196 2863 352 2926 Priscian.
363 2886 399 2946 p.
417 2859 480 2924 707
496 2857 554 2922 P.:
579 2855 615 2921 In
630 2857 658 2921 is
674 2856 842 2922 desinentia
858 2861 994 2944 longam,
1019 2861 1231 2946 cuiuscumque

109 2964 228 3046 generis
244 2965 321 3038 sint,
338 2962 451 3027 Latina
465 2963 562 3027 ablata
578 2983 593 3025 s
610 2962 708 3024 addita
723 2962 759 3024 tis
776 2963 889 3025 faciunt
903 2963 1084 3045 gaudinum,
1112 2972 1144 3026 ut
1159 2963 1232 3029 haec

113 3065 150 3126 lis
172 3066 233 3127 litis
248 3075 321 3127 cett.
346 3064 406 3126 llic
428 3075 459 3127 et
481 3065 554 3127 haec
572 3060 694 3127 Samnis
710 3063 797 3127 huius
814 3060 970 3127 Samnitis.
996 3061 1048 3128 Sic
1063 3061 1180 3130 Caesar
1194 3068 1230 3133 de

110 3166 259 3247 analogia.
409 3165 411 3169 ’

195 3267 280 3331 Idmn
295 3266 392 3329 1·t1·d.=
417 3264 472 3329 Illa
494 3287 608 3349 quoque
630 3279 690 3332 tam
712 3268 744 3331 in
768 3269 794 3332 is
817 3289 903 3352 quam
918 3270 949 3332 in
965 3290 999 3333 er
1014 3271 1096 3335 linita
1112 3274 1233 3337 nomina

53 3381 92 3434 δυ’
109 3370 241 3454 regulam
258 3381 382 3433 seruant
396 3370 427 3432 in
442 3391 476 3433 er
492 3355 719 3434 terminatorum
734 3371 763 3433 id
780 3382 826 3435 est
841 3383 964 3457 accepta
979 3373 1006 3436 is
1022 3374 1135 3438 iaciunt
1147 3376 1231 3457 geni·

111 3473 215 3548 linum,
229 3483 261 3535 ut
277 3472 323 3534 luic
340 3472 435 3555 puluis
452 3482 483 3536 ct
498 3472 602 3555 puluer
618 3473 763 3556 pulueris,
776 3475 823 3538 hic
838 3477 968 3538 cucumis
985 3486 1017 3538 et
1032 3497 1170 3539 cucumer
1181 3499 1232 3540 cu·

110 3577 257 3653 cumeris,
282 3574 329 3636 hic
354 3575 430 3637 cinis
447 3587 478 3639 et
493 3576 577 3638 ciner
592 3575 721 3655 cineris,
749 3577 795 3640 laic
811 3578 906 3641 uomis
922 3589 954 3641 et
965 3597 1070 3641 nomer
1083 3578 1227 3644 nomenis.

217 3826 364 3891 Squattuor
376 3840 428 3874 om.
442 3829 546 3889 regius.
646 3888 649 3893 y
661 3824 764 3890 taient]
774 3826 844 3875 circa
856 3825 919 3876 add.
932 3829 1034 3893 regius.
1148 3827 1176 3879 ll
1188 3843 1232 3879 ne·
1308 3864 1310 3871 ,

109 3917 159 3968 qne
172 3901 287 3950 triticum
300 3904 400 3965 regius,
410 3902 560 3951 triticumue
574 3901 746 3967 reliquisses
759 3917 860 3951 omnes.
967 3903 1179 3956 llimultitudinia
1189 3920 1234 3973 ap·

109 3979 250 4046 pellationc
263 3983 366 4041 regius,
380 3979 406 4028 in
420 3980 593 4029 multitudinis
607 3980 805 4046 appellationem
817 3980 929 4046 reliqui.
1057 3984 1089 4037 21
1103 3998 1118 4034 o
1130 3984 1233 4036 miserit

108 4080 168 4130 ego,
177 4065 293 4115 omiserit
304 4063 363 4114 cdd.
470 4066 550 4115 uerti
561 4065 632 4115 dabit
645 4065 713 4115 duae
721 4068 830 4130 priores
844 4066 955 4118 litterae
967 4071 996 4119 in
1008 4068 1100 4120 codice
1112 4069 1170 4134 tegi·
1177 4084 1232 4121 non

105 4150 229 4210 possuntt.
370 4146 402 4198 23
417 4145 493 4196 docet
504 4145 661 4196 Bondamus
669 4182 678 4209 ,
693 4145 762 4196 solet
775 4145 853 4196 edd„-
867 4149 896 4196 iu
908 4146 968 4198 cod.
981 4148 1057 4199 locus
1068 4146 1166 4197 adesus
1178 4151 1230 4197 cst.

217 4220 442 4286 tornatum.
560 4221 662 4275 2dsint
673 4221 777 4286 generis
790 4222 947 4275 Pactoliue.
1063 4221 1248 4272 allamma

110 4300 198 4352 addim
209 4302 366 4353 Putscdt'us.
472 4299 569 4368 2011).
583 4297 694 4356 lillis.
1054 4371 1124 4435 w
1223 4307 1229 4314 '
