2692 4688
441 232 631 303 conducti
645 232 910 304 111Ρῶ243.
1250 230 1314 299 555

135 409 263 475 fuciunt.
294 404 401 472 Vosne
421 428 496 472 uero
519 406 559 471 L.
585 406 770 485 Domitium,
792 427 830 471 au
854 426 909 470 uos
930 404 1082 472 Domitius
1103 404 1292 471 deseruiti8

135 511 250 577 Nonne
265 520 431 573 nucinam
452 510 513 593 pati
536 511 686 573 somonam
710 520 831 594 paratos
846 510 973 594 proiecit
985 510 1058 574 ittet
1078 529 1179 573 nonne
1198 509 1256 573 citt

136 614 213 679 ciam
228 611 316 677 uobis
329 611 456 675 sulutem
474 613 544 693 tuga
558 611 686 695 petiuitt
706 632 808 675 noune
823 611 932 695 proditi
947 611 1095 695 perillum
1112 608 1256 676 Caesaris

136 714 284 781 beneflcio
298 713 374 777 estis
388 715 584 777 conseruati?
605 710 804 778 Sacramcuto
819 714 934 797 quidum
951 735 1006 777 uos
1022 725 1126 778 tenere
1140 713 1189 795 qui
1205 708 1293 798 ιιι-9

99 829 117 881 s
138 818 215 893 tuit,
238 837 306 880 enm
321 814 464 901 proiectis
481 814 611 879 fascibus
626 826 657 879 et
671 816 945 900 deposito-imperio
960 816 1095 901 priuatus
1109 826 1141 879 et
1154 826 1261 900 captus

136 919 248 1005 ipsein
263 917 391 981 alienam
407 918 542 980 uenisset
556 920 755 1001 potestatem?
784 917 979 1001 Relinquitur
993 939 1072 982 noua
1087 918 1206 1003 religio,
1224 927 1258 981 nt

139 1041 177 1086 co
190 1019 329 1107 neglecto
342 1029 544 1096 sacramanto,
562 1040 621 1101 quo
636 1019 790 1098 tenemini,
807 1019 1070 1103 respiciatis'iHud,
1088 1020 1166 1107 quod
1178 1018 1260 1082 dedi-

138 1121 221 1187 ticne
236 1122 320 1186 ducis
335 1132 366 1185 et
379 1120 488 1204 capitis
502 1121 706 1187 deminutione
719 1121 866 1185 sublatum
875 1133 933 1187 est
958 1124 1012 1201 At,
1027 1123 1132 1200 credo,
1148 1122 1174 1185 si
1182 1117 1260 1185 Cae·
1277 1117 1318 1184 10

140 1245 240 1289 sarem
254 1223 398 1308 monetis,
416 1223 447 1286 in
463 1243 510 1286 mo
525 1222 686 1288 offenditis.
712 1221 773 1306 Qui
788 1225 825 1288 de
839 1225 914 1288 meis
929 1226 1031 1289 iuuos
1046 1222 1163 1288 meritis
1174 1242 1262 1309 prac-

83 1336 118 1390 tu
140 1326 294 1390 dicaturus
308 1346 369 1389 non
384 1346 470 1402 sum,
493 1346 570 1408 quae
591 1328 663 1390 suut
684 1328 779 1391 adhuc
801 1337 831 1391 et
853 1348 919 1392 mea
942 1328 1096 1392 uoluntate
1108 1337 1142 1389 ot
1157 1337 1261 1391 uestra
1303 1356 1310 1369 ·

141 1428 352 1512 expectatione
367 1426 503 1505 leuiora3
521 1427 574 1490 sed
589 1438 688 1492 tamen
703 1430 751 1493 sui
765 1428 877 1493 laboris
891 1429 1003 1493 milites
1017 1448 1137 1512 semper
1149 1440 1262 1493 euentu

139 1529 210 1595 tutti
226 1528 357 1614 praemia
371 1528 553 1614 petitorum,
569 1531 619 1612 qui
634 1531 732 1613 quadis
746 1533 788 1596 sit
801 1533 931 1611 tuturus,
949 1552 989 1596 ne
1003 1552 1057 1594 uos
1073 1530 1191 1615 quidem
1206 1532 1260 1594 du·

140 1630 260 1695 ditatis:
279 1631 463 1715 diligentiam
478 1630 595 1717 quidem
612 1643 745 1697 nostram
761 1645 825 1711 aut,
842 1653 929 1717 quero
945 1634 982 1695 ad
998 1633 1086 1697 finem
1101 1632 1196 1696 adhuc
1209 1652 1261 1697 res
1277 1630 1316 1696 11

141 1733 311 1818 processit,
336 1734 484 1797 iortumm
499 1754 555 1798 cur
569 1738 775 1819 praeteream?
804 1736 855 1799 Δι
869 1737 1004 1820 poenitet
1018 1754 1092 1812 uos,
1109 1735 1186 1819 qnod
1201 1732 1319 1798 sai-12

87 1846 120 1899 1⁵
143 1852 213 1899 uutn
234 1846 325 1919 atque
345 1835 522 1899 incolumem
547 1838 714 1901 exercitum
737 1838 819 1902 nulia
841 1839 962 1902 omnino
985 1857 1063 1902 naue
1092 1837 1262 1899 desiderata

142 1936 354 2000 traduxerimi
368 1937 443 2021 quod
456 1939 583 2003 classem
600 1939 727 2003 hostium
743 1940 837 2024 primo
852 1941 963 2023 impetu
977 1939 1142 2003 adueniens
1161 1937 1262 2021 prodi-

143 2036 279 2122 gaucrim
290 2038 306 2100 d
319 2039 395 2122 quod
409 2037 457 2103 itis
472 2062 525 2125 per
538 2041 657 2105 biduum
674 2041 806 2125 equestri
822 2042 934 2124 proelio
946 2041 1168 2124 superauerim?
1183 2039 1261 2123 quod

143 2160 185 2203 ex
209 2150 296 2224 portu
317 2142 443 2225 mumque
465 2143 707 2207 aduersariorum
729 2154 887 2206 conones
909 2142 1064 2204 onerarias
1087 2142 1262 2203 adduxerim

144 2261 241 2325 eoque
254 2242 324 2307 ilios
337 2243 552 2328 compulerim,
578 2256 613 2308 ut
635 2264 733 2328 neque
754 2244 885 2328 pedestri
900 2243 1011 2306 itinere
1024 2261 1121 2323 neque
1137 2241 1263 2304 nauibus

84 2354 121 2409 2⁰
143 2355 309 2409 commeatu
322 2345 427 2409 iuuari·
439 2346 577 2430 possint?
619 2344 685 2410 Hac
701 2368 756 2411 uos
773 2348 892 2410 iomuuu
908 2355 998 2427 atquc
1013 2343 1059 2406 his
1075 2342 1198 2406 ducibus
1213 2362 1264 2406 re·
1278 2339 1319 2405 13

143 2442 499 2529 pudiatiuCoriiuiensem
514 2448 719 2531 ignominium,
736 2447 840 2512 ltaii'ao
856 2450 969 2533 sugam,
988 2445 1196 2530 Hispaniarum
1212 2444 1264 2508 de·

145 2548 305 2628 ditionem,
321 2549 420 2613 Africi
435 2550 504 2615 belii
520 2552 700 2634 praeiudicia
715 2552 891 2634 sequiminit
905 2554 908 2561 '
922 2549 1070 2634 Equidem
1086 2570 1133 2614 mn
1147 2544 1262 2613 Caesu-
1278 2544 1321 2612 tt

143 2649 188 2713 ris
203 2650 326 2716 militem
342 2652 401 2716 dici
425 2652 523 2730 nolui,
549 2673 602 2716 uos
624 2674 671 2717 me
694 2653 884 2737 imperatoris
903 2654 1024 2716 nomine
1047 2651 1261 2736 appellauistis.

146 2746 241 2816 Cuius
256 2754 283 2816 si
299 2774 354 2817 uos
369 2754 514 2837 poenitet,
531 2766 666 2819 uestrum
681 2755 767 2818 uobis
782 2755 955 2818 beneticium
971 2754 1104 2824 remitto,
1121 2753 1191 2813 mihi
1203 2770 1264 2813 mc·

84 2864 121 2919 2⁵
144 2873 195 2916 nm
210 2875 319 2918 nomen
332 2857 502 2936 restituite,
525 2878 566 2921 ne
588 2858 627 2921 ad
649 2858 857 2921 contumelium
873 2858 1015 2920 honorem
1033 2852 1150 2917 dedisse
1164 2850 1265 2912 uideu-

144 2955 237 3019 mini'.
267 2955 334 3039 Qua
350 2959 488 3024 orations
509 2961 633 3044 permoti
657 2961 766 3024 milites
790 2959 897 3023 crabro
918 2958 1006 3022 etiam
1022 2951 1264 3035 interpellabant,
1279 2949 1323 3019 33

257 3131 268 3181 1
284 3145 365 3181 noane
379 3147 441 3183 uero
454 3133 542 3184 deleto
556 3149 587 3183 ne
600 3148 633 3195 c,
648 3147 694 3182 uos
708 3147 770 3180 nero
785 3132 810 3181 d.
939 3128 1097 3178 Domitiuso
1113 3126 1186 3174 ιιιιιι.
1199 3123 1267 3174 mu!-

150 3206 195 3272 tt',
210 3204 240 3257 L.
254 3206 381 3259 Domitius
394 3226 421 3260 ιι.
527 3212 641 3265 2uonue
654 3211 704 3260 sibi
718 3211 767 3273 cd,
783 3225 832 3259 non
847 3206 896 3258 sibi
909 3222 937 3258 ιι.
1043 3206 1059 3258 3
1074 3221 1156 3254 noune
1169 3202 1266 3270 proditi

148 3288 200 3351 od,
216 3303 264 3337 non
278 3289 372 3354 proditi
385 3305 412 3339 ιι.
518 3290 713 3341 tresernatib.
818 3285 1086 3349 dreiigioom.ado.
1192 3282 1266 3347 iqno

148 3380 166 3415 a
175 3364 200 3423 b,
215 3381 264 3431 quo
278 3381 344 3415 cunc
358 3381 385 3414 ιι.
507 3373 532 3416 te
546 3367 649 3417 memini
662 3381 688 3416 ιι.
821 3364 836 3415 9
851 3364 875 3412 in
890 3378 929 3411 me
942 3363 1119 3422 Petaur'orruc,
1136 3360 1184 3408 iam
1198 3373 1238 3408 me
1251 3374 1268 3408 a

151 3442 226 3489 ‘mse
237 3440 381 3507 plerique&
485 3442 682 3507 praedicaturus
695 3440 862 3505 Stephanus,
876 3439 1103 3504 praeindicatum
1117 3452 1157 3487 oc
1171 3438 1184 3485 5
1198 3435 1267 3484 dett.

261 3519 287 3571 11
304 3520 485 3587 expectatione
498 3537 525 3569 u.
632 3520 663 3571 ts
676 3533 780 3569 rosum.
792 3533 814 3567 c.
921 3516 952 3568 tt
963 3515 1092 3565 fortunam
1106 3514 1198 3575 oder,
1216 3511 1269 3561 ior-

150 3602 331 3662 tunamqneu.
436 3603 612 3662 proetereco.
719 3595 816 3660 penitet
829 3608 856 3643 o.
975 3591 1005 3643 to
1019 3591 1161 3640 adueniens
1174 3604 1226 3639 om.
1243 3589 1268 3638 t.

259 3675 291 3727 18
304 3682 484 3726 onoratasoe.
590 3675 623 3725 20
636 3680 744 3740 possent
758 3673 783 3721 t.
890 3669 1065 3737 trepidutisb.
1171 3668 1200 3718 tt
1220 3665 1271 3715 tm-

149 3750 203 3803 Hne
217 3751 312 3816 iopam,
326 3752 507 3819 Hispaniarum
521 3752 688 3813 deditionem,
703 3750 784 3800 Africi
798 3749 860 3800 beiti
874 3748 1034 3815 praeiudicia
1051 3746 1228 3807 ciacconius,-
1242 3744 1268 3794 iu

149 3826 242 3878 ltcHse
257 3828 334 3894 iugo,
358 3830 383 3878 in
399 3828 581 3894 Hispaniarum
596 3827 751 3877 deditionem
764 3863 770 3887 ,
785 3826 809 3876 iu
825 3825 906 3876 Africi
921 3824 1014 3875 beilum
1029 3821 1189 3892 pracindicio
1202 3838 1219 3872 o
1231 3828 1269 3888 ct,

150 3907 201 3972 qui
212 3904 343 3956 deditione
358 3911 386 3955 et
399 3904 518 3966 dicione,
541 3905 727 3970 Upi-aeterra
742 3902 808 3953 Oud.
824 3904 891 3951 doec
903 3902 934 3952 do
948 3899 1022 3952 codd.
1039 3898 1139 3963 tradit,
1157 3905 1267 3950 cunctos

149 3987 249 4037 dedere
262 3987 288 4035 iu
302 3984 393 4036 italice
409 3984 478 4049 fuga,
489 3984 636 4050 plerosque
649 3997 681 4032 au
696 3981 720 4031 in
735 3980 766 4030 H.
781 3981 911 4031 deditione
925 3982 950 4031 in
963 3980 1010 4030 uel
1020 3995 1052 4030 an
1067 3978 1143 4030 tout.
1156 3980 1181 4030 b.
1196 3996 1269 4046 proe-

150 4063 265 4127 iudicio;
284 4061 333 4112 sed
353 4061 509 4112 deditionem
528 4075 638 4111 soruorc
651 4075 666 4108 c
678 4062 706 4107 et
717 4057 732 4109 3
745 4058 813 4108 dero.
833 4062 863 4107 et
878 4058 945 4108 duos
958 4074 993 4107 cu
1006 4060 1049 4107 dir
1067 4056 1162 4109 scoto.
1182 4072 1241 4105 rum
1256 4056 1270 4105 b

149 4139 339 4206 praeiudiciu);
359 4155 390 4188 an
406 4138 497 4189 ituiiue
512 4137 614 4202 sugam,
633 4152 664 4187 an
679 4135 858 4201 Hispruinrum
873 4135 1046 4200 deditionem,
1065 4151 1096 4186 an
1111 4133 1193 4197 strici
1208 4133 1269 4183 betti

152 4217 313 4283 praeiudicio
326 4216 415 4268 Aldus
428 4230 455 4266 ιι.
560 4216 595 4269 21
607 4214 706 4280 penitet
719 4226 745 4261 o.
855 4212 889 4261 25
903 4226 994 4261 nomen
1008 4213 1140 4264 restituito
1154 4226 1180 4273 o,
1195 4207 1271 4259 resti-

153 4297 219 4348 tuite
234 4311 325 4347 nomen
338 4292 399 4346 edd.
504 4294 538 4349 2d
551 4293 629 4345 erton
642 4308 659 4342 o
668 4293 691 4357 d,
707 4292 785 4343 ctiam
799 4291 928 4343 dicentem
941 4306 969 4342 ιι.
