2692 4688
55 222 121 293 stu
483 221 541 290 nte
562 220 704 290 nutus
727 220 861 292 crunt
914 232 917 236 ’

78 396 100 461 4
115 395 240 482 pedibus
256 395 452 459 Adrumetum
470 396 654 479 peringenst.
686 393 720 460 ld
735 396 873 480 oppidum
889 392 928 461 C.
940 392 1101 461 Considius
1109 394 1238 484 Longus

116 498 204 562 nnius
220 496 347 581 legionis
363 497 512 580 praesidio
526 496 675 562 tuebatur.
695 548 698 552 .
722 495 870 580 Reliquae
886 494 1029 562 Csessris
1052 520 1147 563 naues
1172 503 1240 566 eius

79 598 186 682 tinga
208 619 241 661 se
256 598 454 662 Adrumetum
477 610 667 684 reoeperunt.
712 598 802 663 Hune
831 611 954 663 monins
976 597 1113 665 blaseius
1140 599 1240 667 liuius

115 711 259 784 quaestor
274 700 399 764 unuibus
413 711 482 778 itti,
507 722 580 784 quus
601 701 751 784 praesidio
772 701 921 766 onerariis
945 703 1070 767 nunibns
1085 700 1182 768 Curio
1199 725 1240 769 ex

116 799 220 866 Sieilia
236 802 403 879 eduxerat,
429 811 584 886 postquem
606 802 638 866 iu
657 803 747 865 litore
766 802 901 866 relietum
924 825 1033 868 nauem
1055 806 1236 890 conspexit,
1261 818 1277 869 t

60 904 106 975 24
121 904 198 969 hune
213 903 345 967 remuloo
360 903 526 981 absterriti
548 904 611 988 ipse
626 904 663 966 ad
679 900 844 970 Curionem
859 925 928 970 oum
944 905 1043 969 olssse
1056 906 1147 971 redit.
1177 905 1242 973 (ln-

116 1006 163 1071 rio
178 1004 329 1070 Muroium
345 1004 464 1070 Vtinam
481 1006 606 1070 nnnibus
623 1007 804 1090 praemittite
821 1010 885 1091 ipse
900 1008 1007 1072 eodem
1022 1029 1089 1073 uum
1101 1009 1240 1074 exercitu

117 1108 317 1192 proboisuitur
324 1108 463 1191 biduique
478 1108 538 1172 iter
552 1128 730 1192 progressus
745 1107 782 1170 sd
791 1108 898 1172 llumen
907 1106 1076 1193 Bagradam
1089 1111 1238 1196 peruenit.

81 1205 398 1274 murocinetum
420 1207 560 1272 Rebilum
580 1209 712 1293 legatum
734 1229 799 1272 oum
821 1211 990 1295 legionibus
1012 1211 1153 1295 reliquitq
1176 1212 1243 1296 ipse

119 1332 185 1376 oum
202 1312 336 1394 equitatu
351 1312 503 1375 antecedit
517 1311 554 1375 sd
569 1321 670 1374 nostru
685 1309 871 1394 exploranda
886 1309 1089 1391 Corneliana,
1113 1315 1191 1396 quod
1214 1315 1242 1378 is
1266 1324 1297 1378 to

82 1411 103 1477 3
119 1412 202 1478 loons
217 1414 397 1498 peridoneus
414 1413 523 1477 uestris
539 1413 712 1477 hebebatur.
751 1409 787 1475 ld
802 1424 901 1478 sutem
917 1426 962 1479 est
975 1415 1078 1498 iugum
1094 1415 1241 1479 direotusu

118 1516 254 1579 eminens
269 1515 301 1579 in
321 1535 424 1591 unare,
449 1526 576 1597 utruque
597 1535 637 1577 ex
659 1524 742 1597 perte
764 1529 954 1601 praeruptum
976 1528 1065 1600 stqus
1086 1536 1237 1600 asperum,

118 1616 171 1680 sed
187 1626 285 1679 tumen
301 1616 388 1700 paulo
404 1616 519 1681 leniore
534 1615 654 1699 fastigio
669 1615 706 1678 ub
721 1636 757 1679 en
774 1628 870 1701 perte,
891 1639 967 1701 qune
980 1619 1018 1681 ud
1035 1616 1154 1682 Vtinsm
1170 1638 1241 1682 uer·

83 1715 173 1801 igit.
206 1717 305 1783 Abest
326 1719 441 1782 direoto
463 1718 573 1782 itinere
596 1718 632 1781 sb
649 1716 738 1782 Vtion
760 1719 848 1803 peulo
868 1720 994 1803 emplius
1016 1739 1122 1803 possus
1144 1718 1237 1782 mille.

120 1815 183 1885 Sed
198 1819 254 1884 boo
269 1821 377 1884 itinere
392 1831 440 1885 est
453 1821 533 1897 lons,
550 1842 608 1904 quo
624 1842 706 1885 mere
721 1822 855 1886 suooedit
868 1822 997 1909 lougius,
1018 1823 1137 1904 lsteque
1151 1819 1179 1885 is
1194 1821 1239 1884 lu·
1264 1830 1298 1884 ¹5

119 1942 172 1985 ons
186 1932 360 2006 restagnntq
378 1943 465 2006 quem
481 1923 508 1986 si
523 1924 573 2006 qni
589 1924 687 1988 uitare
702 1925 845 2004 uoluerit,
865 1947 922 1990 sex
936 1925 1050 1990 milium
1066 1922 1195 1987 nireuitu
1208 1921 1241 1985 in

60 2022 104 2093 25
120 2023 255 2107 oppidum
272 2026 421 2110 peruenit.
459 2023 527 2090 lloo
550 2027 708 2110 explorato
724 2027 791 2091 loeo
806 2023 900 2092 Curio
916 2037 1015 2090 uestro
1032 2024 1106 2090 Vsri
1122 2023 1242 2107 eouspi·

119 2124 163 2189 uit
176 2147 262 2189 muro
277 2128 441 2211 oppidoque
456 2129 617 2193 coniuncte
632 2129 668 2193 sd
685 2139 818 2212 portem,
843 2148 918 2214 quse
939 2127 1105 2212 sppellstur
1119 2126 1238 2203 bellice,

120 2229 276 2293 sdmodnm
292 2231 405 2295 nunitn
420 2241 529 2295 netnrs
544 2231 614 2309 loei,
632 2251 691 2294 unu
707 2250 748 2294 ex
762 2240 848 2315 purte
863 2232 928 2317 ipso
943 2229 1050 2314 oppido
1065 2226 1174 2305 Viles,
1197 2225 1241 2289 ul·

119 2341 186 2395 turs
200 2352 218 2395 n
234 2332 373 2409 tbestro,
392 2333 468 2414 quod
484 2343 530 2395 est
544 2343 615 2395 unte
630 2332 788 2416 oppidum,
803 2331 1075 2397 substructionibus
1092 2331 1155 2394 eius
1171 2347 1242 2412 ope·
1264 2337 1300 2392 20

82 2433 162 2501 2rio
178 2433 328 2508 maximis,
345 2433 428 2495 aditu
443 2432 479 2495 nd
495 2444 594 2496 eostre
608 2431 719 2495 diffioili
734 2443 765 2496 et
779 2445 920 2517 angusto.
944 2431 1040 2498 Simul
1055 2431 1242 2497 animaduer-

120 2534 158 2596 tit
171 2533 263 2596 multe
278 2532 408 2614 undique
423 2534 535 2614 portari
550 2542 640 2615 utque
655 2533 704 2618 ogi
721 2534 901 2616 plenissimis
917 2535 989 2612 uiis,
1006 2553 1082 2617 quoe
1093 2531 1241 2614 repentini

84 2633 262 2699 itsmnltus
286 2634 392 2698 timore
414 2654 456 2697 ex
474 2635 556 2719 sgris
578 2635 607 2698 in
631 2635 733 2699 urbem
756 2640 961 2702 conterantur.
995 2633 1061 2697 llus
1074 2630 1240 2713 equititum

119 2737 222 2816 mittit,
240 2747 274 2800 nt
287 2735 430 2821 diriperet
445 2747 533 2818 utque
549 2736 672 2801 baberet
689 2738 910 2821 loeoprnedue3
929 2736 1088 2817 eodemque
1105 2742 1241 2815 tempore

120 2841 167 2906 bis
183 2840 273 2905 rebus
288 2838 420 2905 subsidio
436 2849 479 2904 00
495 2840 610 2922 equites
625 2837 776 2902 Numidae
791 2861 832 2902 ex
847 2838 953 2922 oppido
968 2836 1141 2920 peditesque
1154 2844 1240 2896 cccc
1262 2845 1298 2900 25

120 2946 277 3008 mittuntur
290 2964 308 3006 s
323 2941 429 3020 Vero,
458 2962 532 3024 quos
547 2940 655 3006 auxilii
669 2961 758 3005 onusn
774 2960 830 3003 rex
845 2936 918 3003 lube
933 2938 1035 3022 psuois
1051 2935 1155 3000 diebus
1171 2947 1242 2999 ente

85 3044 107 3109 4
122 3044 239 3110 Vticam
255 3047 389 3111 miseret.
422 3042 500 3109 linio
515 3055 547 3108 et
559 3053 716 3129 paternum
731 3042 891 3128 bospitinm
913 3063 982 3109 oum
995 3037 1138 3123 Pompeio
1154 3046 1186 3101 et
1199 3037 1241 3102 si·

231 3287 241 3338 l
259 3286 410 3353 perfugeret
422 3305 438 3338 u
449 3289 473 3351 b,
489 3287 640 3352 profugeret
652 3301 679 3336 ιι.
802 3286 930 3353 oppidium
944 3300 969 3334 a.
1088 3279 1103 3330 3
1116 3294 1145 3328 ιι
1158 3275 1241 3327 Adru-

61 3409 64 3417 .
121 3363 557 3426 netnmmdrumetumseedd.
640 3364 850 3414 bunnensi-su.
939 3364 1093 3413 consecutus
1108 3356 1133 3405 b.

121 3437 236 3490 blsreius
249 3456 308 3506 ego,
324 3439 358 3490 ll.
375 3442 451 3490 codd.
468 3442 499 3491 P.
516 3442 574 3493 lli.
678 3441 851 3492 lbonersriis
864 3457 892 3492 ιι.
1005 3435 1149 3497 dremulgo
1163 3433 1188 3494 b,
1204 3446 1243 3480 re-

120 3517 199 3580 milpo
212 3533 239 3567 u.
379 3519 410 3568 sd
425 3518 454 3569 C.
470 3519 608 3569 Curionem
622 3523 675 3568 esi
687 3522 786 3569 omisso
800 3521 832 3569 ud
845 3536 872 3574 a.
1017 3516 1033 3568 7
1047 3512 1172 3565 blsreium
1186 3526 1203 3560 ιι
1216 3515 1243 3560 st

123 3591 255 3646 ‘lisrtium
269 3608 332 3644 mss.
343 3594 491 3661 pleriqus’,
507 3595 620 3646 nereum
632 3596 664 3647 P.
678 3595 821 3647 Μιιιιιιίιιι
833 3612 861 3646 ιι.
1029 3589 1201 3653 ΒΒιιςιιιιιιι
1218 3588 1243 3638 b.

229 3673 245 3724 0
259 3671 367 3736 reliquit
381 3666 454 3725 ‘mse
469 3673 503 3736 ι’,
519 3672 630 3737 reliquid
643 3688 677 3734 u,·
693 3673 817 3740 relinquit
830 3672 987 3739 Stephanus
998 3684 1026 3719 ιι.
1147 3664 1179 3715 10
1194 3662 1244 3713 Cu-

123 3746 231 3798 iudisns
244 3748 307 3813 (sic)
319 3764 345 3812 u,
361 3747 493 3798 Csndisns
507 3749 531 3812 b,
547 3748 691 3799 Csnidinns
705 3763 729 3798 ι.
891 3749 930 3799 bis
944 3749 1017 3799 loeus
1028 3741 1201 3811 perbidoneus
1214 3756 1242 3791 ιι.

233 3827 262 3878 ll
277 3828 407 3876 detectum
422 3827 468 3876 usi
478 3827 613 3877 desectum
627 3841 644 3875 u
656 3825 742 3890 (puto
756 3824 910 3889 derectum).
1032 3821 1064 3873 13
1078 3818 1178 3868 Ιιιιίοιι
1189 3832 1206 3867 ιι
1216 3818 1240 3867 b.

232 3904 264 3955 ll
277 3904 381 3955 derecto
396 3907 446 3956 ub.
553 3918 646 3970 psssus
661 3904 735 3953 ‘mss.
750 3901 789 3961 t'.
803 3901 859 3969 psi.
873 3918 907 3964 s‚·
921 3914 1042 3968 psssuunr
1055 3913 1092 3947 es:
1104 3895 1167 3947 Vrs.
1182 3893 1240 3944 eod.

122 3979 251 4044 sentem
262 3995 290 4029 ιι.
429 3981 485 4030 mil.
498 3996 526 4044 ιι,
539 3980 610 4030 milis
624 3979 650 4029 b.
767 3979 797 4029 lb
811 3994 861 4044 quo
873 3977 1034 4039 Vossianus,
1049 3973 1116 4040 qnod
1130 3971 1242 4036 reliqui.

231 4059 262 4109 lb
275 4071 318 4107 res
330 4065 435 4120 snrgunt
446 4073 474 4108 ιι.
581 4058 604 4107 si
617 4058 660 4121 qni
674 4057 691 4107 2
703 4056 772 4107 test.
785 4072 803 4105 u
816 4055 931 4121 (jussui
942 4056 963 4107 si
974 4053 1059 4122 qnis);
1072 4050 1124 4102 sibi
1137 4065 1164 4112 u,
1179 4049 1202 4098 si
1215 4048 1241 4098 b.

229 4135 370 4185 uoluerunt
385 4135 408 4185 b.
528 4135 559 4187 ll
573 4135 721 4200 peruenitur
732 4135 756 4198 b,
772 4135 908 4201 perueniet
921 4151 949 4186 ιι.
1064 4132 1097 4186 20
1112 4144 1126 4178 Ι
1139 4129 1242 4179 lbeslto

121 4230 139 4267 u
152 4215 218 4266 ‘ussi
229 4210 339 4274 omissi,
355 4212 457 4262 thestro
469 4227 498 4263 ιι.
621 4210 842 4262 substrstionibus
854 4212 924 4263 nbc.
1047 4210 1081 4265 tt
1094 4206 1202 4258 dimittit
1216 4205 1240 4255 b.

229 4289 450 4349 tinuuitisea.
556 4286 724 4344 2strrus.
