2692 4688
50 184 115 255 428
448 178 506 249 ΒΕ
530 177 675 248 uentu
698 177 891 249 GALLIGO

109 355 206 434 uero',
224 354 320 438 inquit
333 353 396 431 ille,
415 352 546 416 ‘consilii
562 353 603 417 sit
616 372 679 431 res,
696 376 731 418 ac
747 375 807 417 uon
824 373 949 417 necesse
964 353 1003 418 sit
1020 352 1233 439 nobisGergo·

73 457 95 525 8
111 459 190 525 uiam
205 457 385 521 contendere
400 465 511 520 etcum
527 453 677 520 Aruernis
693 468 811 520 nosmet
825 457 1021 539 coniungere·
1049 456 1100 520 An
1116 458 1233 522 dubita·

108 581 188 638 utus,
205 558 276 642 quin
293 558 408 623 nelarie
424 558 698 623 facinorcadmisso
705 557 834 622 Romani
852 559 909 621 iam
925 561 962 623 ad
978 580 1034 623 nos
1050 559 1234 626 interlicien-

109 662 164 727 dos
179 661 382 727 concurrant?
399 657 540 738 Proinde,
558 660 584 724 si
600 660 669 744 quid
685 660 716 724 in
733 660 818 725 nobis
834 661 926 725 animi
941 672 1000 737 est,
1017 682 1234 745 persequamur

108 784 211 829 eorum
227 774 366 840 mortem,
383 762 430 846 qui
446 762 653 847 indignissime
667 763 850 827 interierunt
863 775 952 847 atque
968 764 1173 829 bos'latrones
1185 765 1230 829 io·
1253 779 1270 831 b

72 864 314 933 bttrliciamus’.
345 862 487 931 Ostendit
502 866 584 928 ciues
600 863 773 941 Romanos,
799 865 848 948 qui
871 868 937 931 eius
961 868 1102 950 praesidii
1126 867 1233 933 fiducia

108 990 169 1035 uua
191 979 297 1034 erantz
327 988 466 1052 magnum
497 987 653 1030 numerum
678 967 817 1031 frumenti
840 980 1080 1052 commeatusque
1110 970 1231 1054 diripit,

53 1069 95 1138 1⁰
108 1071 190 1157 ipsos
206 1071 368 1136 crudeliter
381 1069 575 1133 excruciatos
591 1068 743 1132 interficit.
774 1067 908 1135 Nuntios
930 1082 990 1136 tota
1013 1071 1136 1137 ciuitate
1150 1071 1233 1137 llae-

108 1174 234 1239 duorum
250 1173 389 1250 dimittit,
414 1172 517 1236 eodem
534 1171 690 1234 mendacio
711 1172 748 1235 de
763 1173 856 1236 caede
870 1174 1002 1256 equitum
1018 1185 1050 1237 et
1064 1175 1231 1260 principum

108 1287 287 1361 permonet,
305 1275 455 1350 bortatur,
473 1284 505 1337 ut
519 1274 609 1337 simili
625 1275 755 1352 ratione,
772 1285 861 1357 atque
875 1275 940 1360 ipse
957 1277 1081 1354 lecerit,
1097 1298 1169 1341 suas
1184 1278 1230 1341 in·
1256 1289 1289 1342 to

51 1375 97 1449 32
112 1377 205 1443 iurias
221 1387 446 1462 persequantur.
471 1374 663 1460 Eporedorix
671 1375 826 1452 Haeduus,
843 1399 959 1441 summo
973 1378 1040 1441 loco
1055 1389 1144 1443 natus
1159 1381 1232 1444 adu·

107 1481 226 1545 lescens
242 1491 273 1544 et
287 1500 419 1544 summae
436 1479 512 1542 domi
529 1479 693 1563 potentiae,
710 1490 742 1544 et
752 1500 809 1543 una
818 1478 1039 1555 Viridomarus,
1056 1476 1230 1565 pariaetate

108 1592 140 1646 et
153 1583 270 1667 gratia,
287 1581 340 1647 sed
354 1601 468 1666 genere
483 1582 613 1665 dispari,
638 1603 725 1665 qoem
742 1580 858 1648 Caesar
872 1582 909 1646 ab
926 1581 1079 1649 Diuitiaco
1094 1584 1153 1649 sibi
1168 1594 1230 1648 tra·

108 1684 202 1750 ditum
217 1706 258 1749 ox
273 1683 375 1749 humili
391 1683 458 1747 loco
473 1684 509 1747 ad
525 1704 668 1749 summam
684 1685 857 1768 dignitatem
874 1687 1076 1769 perduxerat,
1100 1687 1131 1750 in
1146 1686 1229 1769 cqui-

71 1784 94 1851 2
108 1795 170 1851 tum
185 1808 310 1853 numero
325 1797 531 1851 conuenerant
547 1787 720 1851 nominatim
736 1787 773 1851 nb
788 1809 826 1850 co
842 1789 972 1852 euocati.
1000 1787 1054 1852 llis
1070 1799 1136 1853 erat
1151 1788 1231 1852 inter
1254 1799 1286 1852 tu

106 1889 192 1953 sede
208 1890 374 1974 principatu
389 1891 560 1967 contentio,
588 1900 619 1953 et
639 1890 671 1954 in
693 1890 743 1954 illa
768 1891 995 1973 magistratuum
1020 1889 1228 1955 controuersia

107 1990 185 2055 altcr
199 2012 252 2075 pro
269 1988 522 2072 Conuictolitaui,
546 1993 624 2057 alter
647 2014 700 2077 pro
716 1988 794 2056 Coto
816 1992 941 2056 summis
957 1993 1063 2077 opibus
1077 2012 1228 2078 pugnaue-

70 2090 189 2157 3rant.
218 2092 271 2158 Ex
286 2094 323 2159 iis
337 2093 531 2179 Eporedorix
545 2096 666 2181 cognito
683 2093 814 2160 Litauici
831 2096 957 2159 consilio
981 2096 1078 2160 media
1093 2098 1159 2161 lere
1175 2116 1228 2159 no·

106 2204 155 2261 cte
169 2215 232 2261 rem
257 2197 293 2262 ad
310 2195 473 2264 Caesarem
490 2198 605 2277 delert3
631 2208 716 2275 orat,
742 2219 779 2261 ne
802 2199 933 2282 patiatur
953 2198 1105 2262 ciuitatem
1128 2197 1227 2282 prauis

105 2298 341 2365 adulescentium
357 2301 493 2368 consiliis
510 2300 547 2365 ab
563 2301 693 2364 amicitia
710 2302 807 2385 populi
824 2300 953 2365 Romani
977 2301 1124 2380 delicere,
1149 2299 1225 2382 qood
1248 2309 1283 2364 tu

104 2400 235 2467 futurum
251 2404 422 2486 prouideat,
446 2403 472 2466 si
495 2424 530 2468 se
546 2414 590 2467 tot
605 2404 754 2468 bominum
771 2403 933 2468 miliacum
950 2404 1085 2469 hostibus
1101 2403 1226 2468 coniun-

104 2503 220 2581 xerint,
238 2526 362 2585 quorum
378 2506 504 2570 salutem
521 2528 617 2588 neque
632 2505 787 2590 propinqui
804 2507 982 2590 neglegere,
1006 2528 1103 2589 nequo
1119 2507 1227 2569 ciuitas

48 2601 95 2672 40
110 2602 171 2669 leui
186 2618 335 2670 momento
351 2608 511 2673 aestimare
526 2620 638 2693 posset.
681 2605 794 2691 Magna
815 2608 940 2671 allectus
956 2607 1156 2671 sollicitudine
1172 2608 1227 2671 boc

105 2707 212 2772 uuutio
228 2706 361 2786 Caesar,
384 2712 461 2793 quod
484 2732 603 2795 semper
617 2710 808 2775 Haeduorum
826 2708 942 2774 ciuitati
957 2709 1117 2793 praecipue
1131 2710 1227 2774 indul·

104 2819 208 2885 serat,
231 2812 312 2875 nulla
334 2813 512 2897 interposita
534 2814 718 2878 dubitatione
740 2813 874 2897 legiones
897 2812 1055 2905 expeditas
1084 2822 1226 2897 quattuor
1247 2822 1281 2875 25

66 2907 90 2977 2
107 2911 329 2999 equitatumque
345 2937 462 2980 omnem
479 2937 519 2980 ex
535 2918 643 2982 castris
659 2915 779 2992 edocit,
797 2937 853 2980 uec
869 2916 925 2979 luit
938 2916 1068 3000 spatium
1085 2915 1134 2978 tali
1152 2925 1225 2978 tem·

104 3032 179 3098 pore
195 3017 230 3080 ad
246 3020 451 3084 contrahenda
466 3030 584 3094 castra,
613 3021 690 3103 qood
706 3040 757 3082 res
773 3018 869 3101 posita
885 3018 915 3082 in
931 3020 1088 3084 celeritate
1102 3017 1222 3081 uideba-

67 3112 171 3198 3tur3
195 3116 302 3184 Gaium
318 3119 444 3186 Fabium
467 3123 596 3207 legatum
620 3144 687 3185 cum
703 3120 869 3207 legionibus
886 3121 1000 3186 duabus
1016 3120 1122 3186 castris
1138 3140 1224 3204 prae-

214 3261 224 3312 l
240 3262 286 3313 ille
300 3278 353 3314 om.
369 3264 401 3316 0.
548 3266 564 3316 l
577 3265 633 3332 quit
646 3265 679 3316 B.
837 3263 863 3314 in
877 3260 951 3313 nobis
966 3261 1045 3311 salnai
1057 3267 1100 3311 est
1111 3259 1135 3310 B
1147 3263 1175 3309 et
1186 3273 1227 3307 rc·

103 3335 189 3404 liqut,
209 3348 250 3391 cst
262 3341 288 3392 in
301 3343 375 3394 nobis
393 3343 472 3394 animi
486 3344 501 3394 b
513 3344 585 3395 And.
602 3344 688 3395 Onon.
703 3359 731 3394 a.
769 3368 777 3393 a
921 3341 936 3391 5
950 3347 1027 3406 atque
1040 3353 1070 3389 os
1083 3339 1115 3389 B.

105 3413 220 3468 lerant:
235 3433 355 3484 magnum
368 3420 391 3471 B
406 3421 539 3486 ‘reliquit
555 3429 644 3473 erant:
661 3419 784 3471 continuo
797 3434 914 3483 magnum
929 3417 1025 3468 bcde.
1172 3413 1225 3465 lru·

101 3496 181 3545 nentt
195 3511 247 3547 cm.
264 3497 289 3547 b.
350 3499 594 3566 -siorerce'pttm
698 3500 894 3551 baatoeodem
906 3495 1116 3549 oddinbede.

104 3569 136 3623 td
149 3582 285 3639 permonet
297 3575 344 3641 (Β)
358 3582 385 3628 et
398 3582 453 3628 tres
465 3579 544 3643 dett,
560 3586 694 3646 permonet
705 3579 816 3644 reliqui.
977 3576 1005 3628 ll
1021 3575 1177 3625 adolescens
1191 3574 1222 3624 Β.

210 3650 242 3703 13
255 3652 288 3703 ab
301 3651 431 3706 Diuitiaco
445 3654 495 3705 sibi
508 3656 533 3706 Β
546 3658 627 3707 ‘man
646 3655 796 3721 pleriqua’,
812 3654 862 3705 sibi
875 3654 908 3705 ob
921 3652 1051 3703 Diuitiaco
1064 3665 1114 3700 su.

104 3725 206 3780 llloco
218 3746 272 3783 om.
288 3734 313 3783 b.
423 3734 452 3785 lb
466 3733 634 3797 magistratus
648 3735 673 3785 b.
780 3733 811 3785 li
825 3729 1026 3785 Conuictolitaui
1036 3728 1069 3790 A,
1084 3726 1223 3778 Conuicto·

101 3805 190 3876 lituae,
204 3811 283 3863 ‘man
295 3812 336 3877 4⁹3
359 3812 568 3864 Conuictolitauo
581 3814 652 3876 BC,
671 3812 874 3864 conoieaottmio
895 3813 945 3873 bo,·
965 3805 1174 3859 Conuictolitttne
1195 3820 1222 3854 tt·

211 3887 389 3942 cotaoAltt.
495 3885 1031 3958 pugnauerant-ABCD,pu'goaucrata.
1140 3881 1224 3935 lsti-

100 3964 196 4016 tauicci
209 3967 241 4017 B.
365 3966 487 4019 let-eom.
503 3969 527 4019 b.
650 3968 683 4021 20
696 3966 903 4018 adolescentium
916 3965 949 4016 Β.
1054 3962 1085 4015 2Ι
1102 3960 1222 4028 prouide-

102 4048 146 4094 τοι
155 4059 179 4095 c.
301 4044 336 4111 ai]
351 4061 382 4096 ae
396 4047 420 4097 B
434 4047 507 4098 ‘man
523 4033 573 4099 ld'.
705 4047 739 4101 22
753 4045 890 4110 neglegere
900 4049 1014 4112 practer
1024 4043 1048 4094 B
1060 4046 1141 4093 ettam
1155 4041 1181 4092 A
1190 4042 1221 4091 ί’.

209 4119 309 4175 231οηί
323 4122 348 4172 b.
487 4122 521 4175 tt
534 4122 610 4195 quod]
625 4122 668 4190 qui
681 4122 755 4175 bdo.
912 4119 1068 4189 praecipuas
1082 4120 1115 4170 B.

101 4200 134 4254 25
148 4208 271 4267 quattuor
282 4200 316 4257 Β,
330 4216 382 4251 non
396 4208 515 4267 quatuor.
665 4200 699 4254 2⁶
714 4199 794 4253 luerit
807 4217 830 4253 e.
981 4200 1014 4253 28
1028 4197 1120 4252 Galo·
1133 4214 1186 4252 om.
1201 4200 1225 4251 Β

104 4280 177 4330 ‘anan
192 4277 294 4343 multi',
311 4276 340 4328 C.
356 4294 382 4329 u.
