2692 4688
504 216 815 288 curvata-ca.
1213 212 1279 285 677

100 399 180 461 lacto
204 416 270 461 eum
286 391 415 456 Labieni
432 403 463 455 et
480 391 590 455 Potrcii
606 390 700 474 copiis
720 409 753 454 se
775 388 946 473 coniungit,
970 398 1059 471 atque
1080 390 1149 453 unia
1171 411 1221 454 ca·

101 499 174 561 stris
192 496 280 561 lactis
296 506 331 557 tlt
346 495 429 557 milia
444 513 585 576 passuum
601 493 689 576 longe
706 492 876 556 considunt.
921 488 1085 573 Equitatus
1099 490 1258 559 iuterim2

101 620 204 663 eorum
221 598 331 661 circum
340 591 482 659 Caesaris
497 595 679 658 munitiones
693 593 798 679 uagari
814 604 903 676 atque
918 613 983 671 eos,
1000 592 1050 675 qui
1066 592 1223 675 pabulandi

101 711 153 763 aut
175 699 303 782 aquandi
326 699 423 781 gratia
446 706 535 760 extra
556 697 667 759 uallum
683 694 835 779 progressi
849 705 970 769 essent,
996 693 1157 779 excipere3
1181 695 1224 760 ila

66 814 81 864 5
104 822 210 865 omues
234 798 424 864 aduersarios
447 801 527 862 intra
548 799 728 862 munitiones
751 796 918 860 continere.
964 790 1087 877 Quare
1109 793 1260 862 Caesa-3

101 902 179 966 mani
203 903 288 985 graui
312 922 431 964 annona
454 911 524 965 suut
545 899 727 974 conflictati,
750 899 819 964 ideo
834 896 912 982 quod
927 899 1059 962 noudum
1074 899 1223 982 nequead

102 1001 206 1068 Sicilia
222 1024 319 1086 neque
335 1004 371 1065 ab
389 999 529 1066 Sardinia
545 999 726 1066 commeatus
742 1001 933 1086 subportatus
948 1010 1033 1078 erat,
1058 1018 1155 1084 neque
1171 1020 1225 1085 per

102 1109 172 1170 anni
188 1117 304 1191 tempus
329 1105 448 1167 inmari
465 1105 578 1168 classes
594 1104 662 1168 sine
676 1104 809 1188 periculo
824 1102 929 1186 uagari
945 1112 1101 1187 poterautq
1126 1122 1224 1188 neque

102 1209 227 1291 amplius
248 1206 331 1269 milia
353 1226 493 1289 passuum
507 1216 543 1269 vl
565 1217 665 1271 tera-ae
679 1203 802 1268 Africae
824 1225 940 1287 quoque
958 1224 1066 1268 uersus
1081 1205 1225 1270 tenebant

46 1318 79 1372 lt
102 1309 256 1392 pabulique
280 1308 380 1391 inopia
402 1308 624 1391 premebantur.
671 1303 739 1388 Qua
761 1306 942 1371 necessitate
967 1307 1064 1369 coacti
1088 1307 1260 1370 ueterauil

104 1411 213 1473 milites
235 1410 427 1492 equitesque,
452 1410 501 1493 qui
524 1411 616 1474 mulla
638 1420 720 1474 terra
736 1409 870 1492 marique
885 1408 962 1472 bella
978 1408 1178 1472 coniecissent
1193 1419 1226 1472 et

103 1512 243 1596 periculis
262 1513 421 1597 inopiaque
444 1512 494 1575 tali
514 1532 604 1595 saepe
619 1522 722 1577 esseut
736 1511 918 1589 conflictati,
942 1511 1010 1596 alga
1025 1530 1043 1574 e
1057 1510 1148 1575 litore
1162 1511 1224 1575 eol·

103 1612 181 1677 lecta
203 1624 234 1676 ct
256 1635 331 1696 aqua
355 1613 432 1678 dulei
455 1615 535 1677 elula
558 1615 651 1679 etita
673 1613 814 1677 iumentis
830 1607 1032 1677 esurientibus
1048 1613 1117 1676 data
1133 1613 1224 1678 uitam

103 1735 205 1778 eorum
230 1716 464 1799 producebant'
496 1712 573 1780 (lum
597 1717 670 1780 baec
693 1716 736 1779 ila
758 1717 883 1793 fierent,
915 1736 971 1779 rex
997 1710 1069 1779 luba
1091 1715 1221 1801 coguitis
1235 1715 1281 1786 25

48 1828 79 1880 lb
103 1812 246 1881 Caesaris
268 1816 487 1881 difficultatibus
510 1818 720 1902 copiarumque
743 1817 893 1900 paueitato
907 1838 968 1880 uou
983 1829 1032 1881 est
1047 1817 1143 1882 uisum
1159 1819 1223 1883 dari

103 1920 230 2001 spatium
254 1920 482 1984 conualesceudi
502 1918 763 2004 augendarumque
786 1921 850 1983 cius
872 1940 971 2004 opum.
1017 1916 1121 2002 ltaque
1144 1940 1224 1983 oom-

103 2020 217 2105 paratis
240 2021 372 2104 equitum
394 2023 510 2105 maguis
526 2022 714 2104 peditumque
737 2021 830 2104 copiis
851 2021 984 2085 subsidio
1002 2022 1066 2086 suis
1082 2040 1224 2106 masas

103 2138 237 2206 ereguo
259 2122 304 2186 ire
320 2124 484 2187 contendit.
530 2122 568 2186 P.
587 2119 694 2187 Sittius
717 2123 838 2186 iuterim
861 2133 891 2186 et
913 2143 969 2186 rex
985 2121 1126 2188 Bocchus
1150 2124 1259 2187 eon-2

103 2223 212 2288 iuuetis
237 2225 301 2288 suis
324 2226 417 2310 copiis
440 2226 561 2309 cognito
584 2224 665 2309 regis
684 2222 776 2288 lubae
797 2242 922 2310 egressu
944 2224 1066 2307 propius
1089 2224 1154 2287 eius
1175 2244 1224 2288 re·

44 2333 80 2386 td
103 2346 192 2409 guum
209 2327 310 2411 copias
325 2349 395 2392 suas
411 2329 583 2406 admouere,
604 2324 791 2410 Cirtamque,
814 2325 952 2410 oppidum
968 2324 1223 2410 opulentissimum
1239 2327 1259 2391 3

106 2427 170 2489 eius
193 2431 287 2512 regni,
307 2431 430 2494 adortus
446 2432 550 2516 paucis
566 2431 670 2495 dicbus
681 2430 837 2514 pugnando
852 2428 932 2515 cupit
946 2438 977 2492 et
992 2438 1151 2514 praeterea
1165 2429 1223 2494 duo

104 2528 209 2610 oppida
231 2528 446 2614 Gaetulorum
478 2535 584 2617 quibus
606 2554 674 2598 eum
698 2533 903 2597 condicionem
925 2534 1037 2609 ferret,
1063 2542 1095 2595 ut
1117 2532 1224 2617 oppido

105 2634 289 2699 excederent
310 2636 399 2718 idque
421 2636 477 2699 sibi
500 2658 624 2700 uacuum
649 2637 819 2713 traderent,
852 2635 1114 2716 condicionemque
1136 2655 1224 2718 repu-

105 2736 255 2815 diassent,
280 2748 384 2822 postea
401 2737 437 2801 ab
453 2758 488 2801 co
505 2741 582 2822 capti
597 2738 805 2819 interfectique
820 2747 892 2800 aunt
905 2755 1019 2798 omnes.
1066 2732 1139 2798 lude
1155 2756 1224 2821 pro-
1240 2738 1258 2800 d

46 2846 80 2899 ts
103 2858 225 2923 gressus
248 2860 337 2922 agros
361 2841 525 2924 oppidaque
549 2860 663 2905 nexare
686 2861 745 2903 non
769 2838 894 2903 destitit.
933 2833 1052 2918 Quibus
1067 2836 1159 2900 rebus
1174 2858 1224 2900 co-

103 2940 195 3024 gnitis
211 2939 303 3017 laba,
328 2962 393 3004 cum
418 2943 476 3006 iam
500 2966 559 3009 non
582 2945 671 3029 longe
694 2943 730 3006 ab
746 2938 888 3026 Scipione
909 2951 998 3022 atquc
1019 2930 1083 3001 eius
1099 2925 1222 3003 ducibus

104 3042 241 3118 abesset,
267 3044 346 3124 capit
370 3047 539 3123 consilium,
564 3047 658 3108 satius
682 3064 750 3109 esse
772 3044 828 3107 sibi
852 3061 965 3124 suoque
980 3060 1074 3126 reguo
1089 3039 1223 3105 subsidio

104 3142 168 3217 ire,
193 3160 299 3222 quam,
325 3143 391 3205 dum
415 3146 491 3210 alios
507 3141 669 3211 'adiuturos
692 3147 950 3231 proficisceretur,
976 3144 1110 3229 ipsesuo
1128 3162 1223 3228 reguo

103 3242 247 3327 expulsus
264 3245 389 3310 forsitan
406 3258 532 3331 utraque
547 3269 582 3313 rc
598 3249 810 3334 expelleretur.
857 3245 962 3330 ltaque
976 3264 1081 3310 rursus
1097 3265 1131 3309 sc
1146 3234 1260 3310 reci-5

212 3419 221 3470 l
236 3419 342 3470 Labieni
357 3430 382 3473 ct
395 3421 489 3473 Petreii
503 3438 529 3487 a,
545 3421 639 3472 Petreii
653 3430 680 3473 ot
692 3422 802 3473 Labieni
815 3419 875 3471 cdd.
980 3416 1074 3486 copiis]
1088 3417 1182 3468 castula
1197 3417 1222 3470 d.

210 3511 238 3546 oc
252 3513 304 3547 om.
319 3515 335 3547 u
350 3500 364 3548 b
377 3515 400 3561 o,
415 3504 478 3549 unta
491 3499 573 3565 copiis
584 3505 691 3564 ponunt
706 3500 779 3549 ‘maa
788 3502 816 3548 at
829 3497 888 3549 cdd.
902 3494 976 3563 qdod)
1102 3494 1221 3562 lgrutia]

102 3574 215 3625 caused.
321 3575 539 3640 bnequeom.b.
661 3576 897 3642 laubportatusu.
1076 3590 1124 3625 nec
1137 3590 1184 3640 per
1197 3576 1221 3625 b.

210 3656 225 3706 9
239 3668 338 3721 quoquc
353 3669 411 3719 ego,
422 3670 522 3720 quoquo
535 3654 577 3721 (a)
590 3654 650 3706 cdd.
665 3653 725 3719 (aad
736 3667 837 3720 quaque
849 3658 914 3703 ante
927 3652 1015 3716 allud).
1028 3653 1059 3703 P.
1069 3653 1113 3705 72.

101 3730 246 3781 tenebat—
255 3729 312 3794 (ld)
322 3732 487 3796 premebatur
499 3748 516 3782 a
526 3733 571 3782 be.
679 3732 711 3784 l2
719 3746 779 3796 sepo
789 3745 816 3780 a.
923 3729 953 3781 ll
961 3729 1019 3781 dum
1033 3728 1110 3780 codd.
1121 3732 1148 3778 ct
1159 3728 1220 3782 cdd.

101 3807 131 3858 P.
148 3808 188 3858 tt.
335 3809 365 3859 17
379 3811 433 3860 suia
446 3826 498 3861 om.
514 3812 538 3862 b.
685 3810 716 3860 18
730 3809 812 3859 Sitiua
824 3807 864 3873 (a)
878 3822 905 3857 u.
1044 3806 1159 3858 llocebua
1171 3808 1221 3874 (ο),

102 3887 213 3937 ‘bochus
226 3893 284 3937 ciue
297 3889 413 3938 bocchus
427 3889 441 3938 b
455 3887 493 3950 c';
508 3888 609 3939 llocbuu
623 3905 651 3938 u.
755 3887 789 3941 20
803 3884 1025 3952 opulentissimum
1039 3884 1096 3935 eiua
1108 3886 1182 3948 regui
1193 3900 1220 3949 u,

100 3968 157 4019 eius
170 3967 244 4030 regni
257 3966 481 4032 opulentissimum
495 3966 555 4017 cdd.
667 3966 699 4018 tt
715 3966 823 4016 adortus
836 3965 980 4029 -capita
992 3965 1030 4026 (ἡ
1042 3963 1155 4027 adortis)
1169 3965 1184 4013 b
1196 3981 1219 4025 c,

101 4043 186 4092 adorti
200 4070 231 4078 -
246 4042 352 4107 capiunt
365 4058 391 4091 u.
405 4042 487 4095 Md.
591 4043 625 4093 22
638 4042 811 4092 conditionem
824 4039 873 4106 (a).
981 4038 1064 4091 iceret
1075 4055 1102 4101 a,
1116 4036 1225 4090 ollerrat

101 4123 132 4186 b‚·
144 4121 242 4172 ferrent
255 4136 282 4171 u.
388 4119 492 4187 oppido]
501 4121 592 4187 oppida
606 4125 670 4172 unta
682 4135 753 4171 corr.
763 4135 791 4170 a.
895 4117 1158 4181 ”conditionemque
1171 4119 1223 4179 (a.)

208 4200 241 4255 tt
255 4216 285 4251 eo
299 4215 315 4249 u
330 4200 356 4263 b,
370 4198 409 4250 cis
422 4215 450 4249 u.
570 4198 703 4251 interlecti
716 4205 779 4250 suut
792 4199 816 4250 d.
929 4212 1082 4265 progressus
1094 4212 1111 4246 a
1124 4196 1150 4260 b,
1163 4209 1224 4259 pro·

101 4278 218 4340 gressio.
325 4276 712 4341 25destititab,deaiotuutat.
817 4275 982 4344 ddpulouab.
1087 4285 1224 4325 acum.
