2684 4694
514 205 815 271 ...19,-

100 371 286 439 ministrare'
307 395 335 438 e.
354 371 407 453 19,
423 374 463 438 2:
491 383 617 440 ‘tantm
639 397 675 441 se
690 376 909 443 multitudinem
924 379 1106 446 auxiliorum
1122 383 1230 450 aduer-

99 476 191 543 sariis
214 474 528 552 subministraturum,
552 490 585 542 ut
605 478 694 543 etiam
710 480 862 544 eaedeudo
875 479 909 544 in
922 481 987 566 ipsa
1002 483 1131 550 uioton'a
1146 486 1230 552 dela·

100 579 188 663 tigati
210 578 435 657 uincerentur'3
460 590 490 644 et
515 580 676 663 ‘prosilire'
698 602 726 645 e.
752 580 806 661 58,
832 581 872 646 22
905 583 983 648 ‘sine
1011 585 1099 651 dubio
1120 589 1230 654 existi-

99 703 187 746 mans
209 682 289 745 ultro
311 682 522 760 aduersarios,
546 704 612 747 oum
631 694 691 748 tarn
708 685 824 768 magnis
839 685 933 769 copiis
948 687 1130 770 auxiliisque
1144 690 1228 775 regis

99 795 204 849 essent
224 783 353 868 praediti
376 784 578 868 promtiusque
600 786 828 867 prosiluissent,
852 798 923 851 ante
945 807 979 851 se
1001 786 1226 871 oonoursurou',

100 897 132 950 et
155 885 359 951 ‘concursare’
373 883 429 965 81,
454 885 472 949 1
498 887 574 970 ‘ipse
591 884 738 972 [Caesar]
763 888 886 970 pedibus
902 891 1014 954 circum
1030 891 1140 956 milites
1156 914 1229 958 eou-

99 988 253 1066 oursans',
279 998 312 1052 et
333 995 469 1072 ‘pauoum
485 990 651 1054 numerum’
673 986 727 1067 68,
745 990 778 1068 2,
802 992 948 1073 quomodo
964 990 1087 1056 Vitruu.
1111 990 1228 1071 1,1,6

101 1095 237 1172 ‘paneam
266 1090 395 1153 manum'
425 1090 521 1170 dixitp
552 1101 584 1155 et
609 1093 676 1156 ‘sub
697 1113 815 1155 manum
839 1093 1024 1157 submittere'
1049 1091 1107 1173 36,
1134 1094 1172 1174 1,
1197 1105 1229 1161 et

100 1191 260 1256 ‘eiusmodi
288 1190 411 1276 genera'
434 1190 488 1271 71,
514 1192 545 1272 1,
578 1194 813 1277 ‘cuiusquemodi
829 1195 959 1278 generis'
987 1195 1039 1274 19,
1058 1194 1090 1259 5.
1118 1196 1224 1274 23,1.

98 1293 159 1370 36,
185 1294 223 1372 1,
255 1315 428 1377 quamquam
459 1295 563 1358 eodem
592 1298 680 1360 modo
710 1294 811 1360 Varro
841 1298 878 1361 de
899 1298 973 1382 ling.
999 1295 1072 1362 Lat.
1097 1296 1158 1378 IX,
1183 1297 1228 1364 20

97 1418 129 1480 p.
154 1396 218 1460 474
238 1393 291 1481 Sp.
314 1407 345 1460 et
368 1394 530 1462 Sallustius
548 1395 618 1463 Cat.
642 1398 685 1463 39
708 1398 869 1477 dixerunt,
894 1399 965 1462 item
983 1401 1106 1464 ‘sauoiis
1122 1401 1225 1465 deoom

99 1499 198 1563 laetis'
218 1497 271 1577 79,
288 1498 322 1574 4,
346 1498 422 1582 quod
448 1499 537 1564 habet
552 1496 630 1564 Cato
645 1522 693 1584 ap.
712 1497 790 1565 Geli.
807 1497 865 1578 111,
885 1499 918 1565 7.
949 1499 1066 1566 Eodem
1081 1503 1222 1585 pertinet,

99 1603 177 1685 quod
200 1612 375 1665 constanter
398 1603 534 1687 ‘plostra'
549 1604 713 1668 seeundum
729 1602 874 1667 rusticam
890 1604 1164 1686 pronuntiationem
1180 1605 1225 1669 di·

97 1701 270 1784 ountur(9,
288 1704 318 1767 1.
353 1703 408 1784 21,
424 1703 459 1768 2.
491 1704 546 1784 75,
563 1705 609 1787 4).
642 1703 744 1783 Idem,
768 1705 897 1788 qnoddo
915 1704 1226 1788 singulisnerbisolt-

98 1806 304 1886 seruauimus,
329 1808 409 1872 eadit
428 1808 460 1872 in
483 1808 740 1891 compositionem.
780 1805 897 1871 ‘Potiri’
920 1807 951 1870 in
974 1807 1030 1870 lroe
1053 1808 1129 1872 libro
1144 1808 1226 1891 posi-

98 1918 164 1971 tum
193 1919 241 1971 est
270 1909 409 1972 adiuncto
438 1909 567 1973 ablatiuo
588 1908 642 1989 51,
666 1909 696 1973 1.
725 1909 778 1988 74,
796 1914 830 1974 2.
861 1907 965 1987 76,1.
989 1906 1044 1987 83,
1060 1909 1093 1974 4.
1118 1909 1222 1989 86,1.

97 2006 154 2088 87,
173 2008 211 2087 13
235 2010 369 2092 genitiuo
386 2009 438 2088 18,
454 2011 487 2073 4.
520 2011 573 2091 59,
590 2011 622 2076 5.
653 2011 756 2097 61,6.
786 2011 896 2089 74,1;
921 2012 1092 2075 aecusatiuo
1116 2010 1170 2091 36,
1186 2012 1220 2077 4.

98 2109 153 2188 39,
172 2111 206 2174 3.
229 2109 284 2188 68,
300 2110 333 2174 2.
357 2111 411 2190 87,
428 2113 460 2177 4.
477 2111 533 2191 89,
551 2114 581 2177 1.
606 2112 721 2177 Hirtius
737 2135 855 2198 semper
870 2134 940 2176 usus
956 2124 1004 2176 est
1019 2116 1113 2197 prima
1129 2116 1223 2179 forma

98 2211 209 2297 (Vlll,
233 2213 265 2290 5,
288 2213 320 2277 4.
351 2214 406 2293 27,
431 2216 461 2279 5.
497 2215 551 2290 36,
574 2216 606 2281 5.
643 2217 675 2279 b.
698 2216 790 2279 Alex.
816 2215 869 2292 11,
894 2214 925 2278 5.
962 2212 1017 2292 29,
1041 2214 1073 2278 4.
1111 2215 1221 2295 33,1.

98 2317 157 2396 42,
176 2316 209 2381 4.
240 2314 294 2396 76,
323 2315 361 2381 3:
395 2325 476 2401 ‘spes
499 2319 670 2401 prouinciae
688 2317 856 2401 potiundae'
872 2315 926 2394 43,
945 2313 1000 2400 5),
1025 2316 1121 2380 altera
1135 2327 1224 2380 extra

99 2430 291 2505 peruagatam
320 2421 478 2485 formulam
509 2429 622 2485 ‘rerum
650 2417 750 2503 potiri‘
781 2440 1001 2502 nonnumquam
1027 2415 1145 2483 Caesar
1166 2418 1221 2505 (lt.

100 2520 181 2586 Gall.
198 2519 225 2600 1,
251 2521 403 2606 3extr.),
428 2520 536 2588 Cicero
559 2523 611 2604 (ad
633 2520 720 2586 Fam.
744 2519 771 2599 1,
795 2520 828 2597 7,
846 2519 878 2584 5.
903 2518 965 2586 off.
983 2518 1112 2600 111,32,
1132 2521 1220 2607 113),

98 2622 206 2708 Nepos
226 2621 318 2708 (Lys.
339 2624 370 2702 1,
393 2625 425 2687 4.
457 2624 552 2690 Dion.
569 2623 602 2702 5,
627 2623 679 2703 5),
707 2620 869 2687 Sallustius
890 2620 976 2706 (Cat.
1002 2623 1057 2686 47.
1082 2622 1148 2708 lug.
1166 2622 1220 2687 25.

97 2725 175 2808 74),
199 2723 308 2791 Liuius
325 2725 449 2808 (XXV,
468 2729 519 2792 14.
547 2727 597 2791 17.
629 2723 785 2803 XXXIV,
802 2725 880 2807 2l):
905 2728 1092 2790 aecusatiuus
1108 2727 1223 2790 anullo

98 2829 203 2892 horum
225 2830 339 2912 positus
359 2840 405 2894 est
427 2832 508 2909 (nam
530 2825 689 2893 Ciceronis
712 2828 788 2906 loei,
813 2828 919 2910 quibus
935 2826 1026 2892 Beier
1045 2829 1082 2892 ad
1099 2827 1160 2892 Off.
1178 2826 1221 2905 11,

99 2930 155 3008 23,
179 2929 220 2996 81
244 2953 316 2995 usus
338 2943 402 3008 est,
428 2934 491 2996 eius
512 2933 557 2996 rei
579 2955 639 2996 non
661 2931 757 3011 magis
782 2931 865 2994 iidem
884 2932 1019 3006 iaciunt,
1044 2951 1131 3011 quarn
1148 2950 1224 3011 quae

99 3034 177 3118 apud
197 3029 293 3098 Corn.
317 3033 398 3118 Nep.
416 3033 506 3097 Eum.
531 3033 600 3109 3,4
620 3032 794 3116 16366166),
819 3054 924 3097 uerurn
940 3031 1109 3112 antiquiore
1125 3040 1224 3094 aetate

99 3136 157 3200 hoo
172 3158 265 3221 genus
281 3139 499 3220 frequentatum
514 3147 581 3211 est,
606 3154 702 3216 neque
718 3132 848 3196 dubitari
863 3135 944 3211 lieet,
969 3134 1039 3215 quin
1055 3135 1124 3197 inde
1141 3140 1223 3217 ‘spes

100 3240 273 3322 prouinciae
301 3238 474 3324 potiundae’
505 3252 537 3301 et
566 3235 674 3299 similia
702 3236 956 3318 repetendasint,
984 3236 1089 3318 quitto
1119 3235 1223 3320 optimi

99 3351 239 3406 amotores
261 3362 321 3405 non
343 3341 561 3405 abstinuerunt.
595 3334 633 3402 C.
652 3337 704 3415 12,
723 3335 740 3399 1
757 3337 885 3420 legimus
902 3338 1010 3421 ‘puluis
1028 3340 1135 3422 ingens
1151 3360 1223 3402 oon·

99 3443 175 3527 spioi
195 3454 319 3526 coeptus
335 3445 389 3508 est’
411 3455 443 3508 et
456 3441 509 3521 82,
527 3441 548 3506 2
574 3448 651 3504 ‘oum
667 3440 743 3505 idern
760 3462 778 3502 a
793 3440 924 3525 pluribus
940 3441 1137 3504 animaduerti
1152 3461 1223 3503 eoe-

100 3555 179 3628 ptum
195 3545 307 3609 esset'a
332 3556 420 3628 atque
436 3547 478 3609 ita
493 3543 611 3609 Caesar
625 3554 657 3607 et
671 3542 789 3607 Hirtius
805 3564 922 3626 semper
933 3543 1087 3622 dixerunt,
1111 3538 1221 3605 Cicero

100 3668 216 3730 quoque
239 3658 360 3732 praeter
375 3669 466 3710 unum
482 3649 577 3711 loeurn
594 3646 686 3710 Tuso.
702 3642 728 3722 1,
749 3643 800 3721 13,
817 3643 860 3708 29
883 3646 946 3708 ‘sed
962 3645 1011 3726 qui
1027 3644 1155 3708 nondum
1173 3664 1220 3719 ea,

99 3770 176 3832 quae
197 3750 299 3814 multis
320 3760 387 3834 post
409 3749 494 3812 annis
516 3750 642 3812 tractari
665 3747 853 3830 coepissent,
876 3746 999 3830 physica
1024 3744 1221 3823 didicissent,

100 3852 139 3915 de
166 3874 223 3935 quo
253 3852 442 3916 dubitandum
466 3851 602 3929 uidetur,
627 3849 684 3914 etsi
706 3849 807 3931 optimi
831 3847 944 3912 codicis
968 3848 1044 3932 regii
1069 3847 1223 3910 ‘tractare’

98 3954 174 4016 ferri
196 3955 308 4037 nequit.
341 3951 401 4018 Sed
427 3954 502 4017 hano
525 3955 649 4016 formam
672 3951 812 4014 habemus
835 3951 882 4012 hio
900 3948 955 4026 27,
978 3949 1000 4012 2
1026 3955 1104 4012 ‘eum
1120 3949 1156 4011 ab
1172 3948 1224 4011 ad-

99 4055 247 4119 uersariis
265 4055 379 4140 lapides
403 4058 480 4120 mitti
503 4050 682 4138 coepissent'
706 4064 736 4115 et
751 4051 804 4128 82,
822 4053 842 4116 4
865 4052 963 4133 ‘signa
977 4050 1008 4112 in
1024 4051 1138 4113 hostem
1155 4071 1223 4114 coe·

66 4201 70 4204 -
99 4178 174 4242 pere
189 4157 325 4239 intoni’,
350 4170 437 4243 atque
457 4160 499 4222 ita
516 4158 702 4239 scripserunt
715 4152 807 4217 Varr.
825 4155 860 4217 de
876 4174 909 4217 re
925 4163 1002 4215 rust.
1019 4149 1078 4232 111,
1097 4151 1149 4228 19,
1170 4152 1220 4216 12.

100 4256 179 4326 sut.
204 4256 274 4325 Cat.
294 4261 345 4326 12.
378 4259 444 4347 lug.
461 4260 515 4326 91.
540 4255 594 4335 96,
619 4255 727 4321 Liuius
752 4266 782 4320 et
796 4255 957 4319 inferiores
969 4275 1073 4417 {sepe
1107 4250 1224 4317 Contra
