2692 4688
469 194 678 268 comvtl
692 197 915 267 CAPAt-fle
1251 199 1316 269 411

139 392 227 436 mnne
251 368 392 434 omnibus
413 371 678 454 pollicitationibus
698 393 735 435 oc
757 372 897 457 preemiis
912 371 1094 457 deponunt,
1115 373 1166 456 qui
1186 373 1259 439 belli

137 473 256 538 initium
272 473 385 535 looiont
400 484 431 536 et
444 475 491 536 sui
507 474 614 558 cupitis
633 475 767 559 periculo
781 473 910 539 Gellium
931 476 963 538 in
977 474 1144 540 libertatem
1160 474 1258 540 uinus

138 587 219 640 cent.
259 573 398 660 inprimis
413 577 559 639 rationem
575 597 645 640 esse
661 577 823 641 babendum
840 578 953 657 dicunt,
969 578 1139 662 priusquam
1155 576 1294 643 cumb

136 677 642 757 clandestinsoonsiliuefferentur,
659 676 818 744 utCoeser
833 680 869 744 nb
877 681 1013 744 exercitu
1028 679 1257 759 intercludatur.

101 792 117 845 t
139 778 174 844 ld
188 800 257 844 esse
272 780 373 855 tacite,
391 781 468 863 quod
485 801 581 866 neque
597 781 731 864 legiones
747 782 876 846 audeaut
890 782 1013 845 absente
1029 782 1260 866 imperatoreos
1273 779 1295 844 7

138 882 273 946 bibernis
287 883 403 968 egredi,
422 903 516 966 neque
531 883 695 967 imperetur
709 885 775 947 sine
785 884 934 967 praesidio
948 885 985 947 etl
1002 884 1136 967 legiones
1151 904 1258 969 perne·

138 986 204 1049 niro
218 985 325 1068 possit.
355 981 514 1048 Postremo
530 986 559 1047 in
575 987 640 1049 nole
656 998 810 1071 praestare
824 986 971 1060 interfici,
994 1006 1082 1068 quem
1098 1008 1158 1049 non
1174 983 1295 1051 notet

137 1108 199 1152 rem
215 1086 285 1150 belli
299 1086 424 1170 glorium
441 1087 677 1171 libertatemque,
695 1109 781 1171 quum
797 1110 815 1151 o
831 1087 993 1151 maioribus
1008 1088 1192 1172 eooepen'nt,
1207 1108 1258 1152 re·

138 1209 294 1273 cuperet-o.
326 1187 383 1252 llis
397 1189 488 1253 rebus
503 1191 624 1274 agitatis
638 1193 818 1275 prolitentnr
832 1186 983 1255 Carnutes
998 1211 1033 1255 se
1048 1190 1161 1254 nullum
1177 1189 1293 1274 perieb

81 1303 115 1356 to
137 1292 234 1355 culum
256 1290 420 1355 communis
443 1291 551 1355 solutis
572 1314 664 1357 censo
680 1314 825 1357 recusare
839 1293 1048 1377 principesque
1063 1313 1104 1356 ex
1119 1292 1258 1363 omnibns

138 1393 245 1457 bellun
261 1393 393 1457 lecturos
409 1393 589 1477 pollicentur
603 1406 644 1473 et,
661 1397 799 1478 quonium
816 1396 1030 1479 inpraesentia
1046 1391 1295 1459 obstulisset

141 1515 212 1560 uere
226 1496 309 1560 inter
322 1516 357 1558 se
372 1516 431 1559 non
447 1497 573 1578 possint,
592 1519 629 1561 ue
644 1518 694 1562 res
710 1498 868 1576 sileretur,
893 1508 926 1560 ut
940 1497 1135 1561 iureiurando
1148 1516 1184 1560 eo
1199 1496 1256 1563 lide

137 1597 301 1676 sentietur,
318 1607 435 1682 petunt,
452 1600 578 1663 conlutis
588 1599 763 1665 militaribus
770 1600 877 1685 signis,
896 1622 954 1683 quo
969 1621 1052 1663 more
1067 1621 1170 1663 eorum
1186 1618 1256 1682 pre·

138 1700 260 1764 dissime
276 1700 459 1764 caerimonia
475 1701 665 1781 continetur,
682 1723 721 1766 ne
736 1704 815 1766 locto
830 1703 917 1766 initio
933 1701 1000 1764 belli
1016 1702 1053 1764 nb
1067 1701 1190 1783 reliquis
1205 1702 1257 1766 to-

81 1814 113 1866 ts
136 1814 287 1867 seruntur.
319 1800 400 1866 Tum
415 1803 600 1868 conlaudatis
616 1800 800 1869 Carnutibus
816 1806 887 1869 dato
902 1803 1094 1868 iureiurendo
1110 1803 1147 1867 ob
1162 1803 1257 1868 omni-
1273 1801 1293 1866 3

138 1906 214 1982 bue,
237 1904 289 1987 qni
304 1904 448 1983 ederent,
465 1906 598 1990 tempore
615 1908 680 1971 eius
696 1908 740 1970 rei
756 1908 919 1970 constituto
933 1907 972 1971 eb
988 1905 1116 1970 concilio
1130 1905 1258 1969 discedi·

139 2018 202 2069 tur.
233 2003 294 2069 vti
307 2025 342 2070 ee
357 2006 422 2071 dies
437 2010 539 2085 uenit,
564 2005 715 2072 Carnutes
730 2004 862 2071 Comoto
886 2021 915 2072 et
933 2004 1153 2073 Conetodunno
1176 2005 1293 2075 dueirb

138 2107 208 2185 bus,
225 2107 389 2193 desperetis
405 2109 587 2186 bominibus,
603 2108 760 2187 Genobum
776 2110 864 2194 signo
880 2110 948 2174 dato
963 2121 1145 2175 concurrunt
1160 2110 1260 2174 oioeev

138 2229 195 2292 qne
209 2207 377 2287 Romanos,
394 2212 445 2295 qui
461 2213 633 2296 negotiandi
648 2232 739 2276 ceusu
755 2212 796 2276 ibi
812 2212 1019 2288 constiterunt,
1040 2213 1072 2274 in
1088 2212 1135 2274 bis
1150 2209 1256 2274 Guium

79 2323 115 2377 to
137 2308 255 2376 Fnlinm
270 2306 383 2391 cium,
401 2313 559 2378 honestum
575 2316 703 2400 equitem
718 2313 900 2392 Romanum,
918 2312 968 2396 qni
983 2313 1028 2376 rei
1047 2311 1259 2376 frumentariae

138 2409 374 2479 ioeequesen‘s
389 2429 539 2501 proceret,
556 2419 739 2483 interlioiunt
754 2417 891 2504 bonoque
905 2435 1008 2480 eorum
1017 2414 1173 2499 diripiunt.
1197 2409 1296 2480 cet

137 2514 242 2580 leuiter
254 2517 293 2581 ed
307 2538 411 2587 omnes
420 2516 538 2585 Galliae
553 2521 691 2586 ciuitates
706 2522 785 2585 loma
801 2521 962 2605 perfertur.
986 2517 1066 2583 Nom
1081 2517 1259 2601 obicumtpe

136 2618 234 2682 maior
246 2629 337 2704 etque
352 2618 513 2686 inlustrior
526 2623 630 2686 incidit
648 2644 718 2699 res,
742 2623 872 2688 elamore
886 2644 940 2708 per
954 2644 1044 2709 egros
1059 2623 1258 2708 regionesque

244 2803 261 2857 2
274 2801 375 2855 initium
390 2804 483 2869 bede,
498 2804 572 2858 initio
585 2806 609 2856 B
624 2805 755 2871 ‘roliput’.
923 2803 1004 2855 locist
1015 2830 1048 2840 -
1061 2804 1176 2857 niudioet
1189 2804 1257 2855 boe.

245 2881 261 2932 3
275 2880 391 2947 inprimis
405 2881 429 2933 B
441 2882 572 2949 ινοὶίᾳιιθ,
588 2884 645 2934 eius
658 2885 775 2951 inprimis
792 2884 875 2934 bede
888 2880 1027 2948 (inprimis
1040 2878 1112 2946 (B)).
1217 2892 1258 2935 rt·

138 2958 234 3009 tionem
247 2972 306 3009 esee
321 2958 463 3010 babendum
476 2959 522 3011 lle
536 2959 697 3027 ‘plerique’,·
718 2961 844 3011 notionem
857 2959 1002 3010 bobendon
1023 2958 1079 3020 bot,
1101 2959 1166 3006 ante
1178 2968 1260 3020 quom

138 3035 338 3085 mentionem
354 3035 494 3085 babendum
509 3051 578 3087 esse.
688 3040 703 3087 5
718 3038 830 3087 endeuot
843 3037 950 3086 obseute
964 3035 1120 3099 imperatore
1132 3031 1258 3094 uene,

137 3113 247 3164 ebsente
260 3115 418 3179 imperatore
431 3116 545 3166 nodeont
557 3131 584 3166 u.
702 3116 716 3166 7
731 3117 815 3180 possit
828 3115 897 3180 (B)e
905 3151 913 3177 ,
927 3120 1016 3181 posset
1029 3113 1102 3161 ‘men
1114 3110 1258 3176 plerique,-

137 3206 190 3242 one.
204 3206 241 3241 ne.
250 3204 299 3259 pr.
314 3193 339 3242 b.
461 3194 478 3246 8
490 3193 642 3262 occeperint
653 3192 736 3258 (Ble,
751 3199 906 3260 occeperunt
920 3192 993 3242 ‘meu
1003 3186 1149 3257 plerique’.
1210 3256 1213 3261 Ι

138 3268 170 3320 10
182 3268 324 3319 communis
338 3282 389 3318 om.
407 3268 432 3319 b.
560 3270 588 3322 ll
605 3285 700 3320 enuere
714 3270 785 3320 luter
796 3285 825 3320 sc
839 3270 883 3320 Be
896 3268 955 3319 edd.
970 3273 1034 3318 unte
1046 3284 1079 3332 u,
1094 3268 1164 3317 inter
1176 3281 1203 3317 so
1215 3278 1259 3315 en·

140 3358 202 3396 uere
217 3343 263 3392 ‘ex
274 3359 339 3394 mss.
353 3345 472 3410 optime?
482 3350 495 3396 i
506 3362 531 3396 u.
615 3346 646 3397 ll
661 3347 761 3412 possint
775 3347 848 3410 bue,
864 3354 969 3411 possent
981 3345 1004 3395 B
1016 3348 1043 3394 et
1055 3344 1166 3407 reliqui.

140 3420 330 3472 ederenturD.
434 3421 736 3489 ut]eotB‘plere'que'.
861 3421 1061 3473 l'dcooletisll.
1179 3418 1258 3483 quob

142 3512 176 3548 ee
184 3535 194 3563 ,
207 3499 275 3565 quod
289 3500 313 3549 lt
326 3500 416 3565 ‘longe
424 3501 544 3567 plurimi
548 3500 565 3551 '.
739 3501 893 3565 grauissimo
906 3501 1063 3551 coerimonie
1077 3496 1261 3550 contineturB

140 3574 231 3642 ‘longe
240 3576 359 3640 plurimi
364 3576 381 3640 ¹,
396 3578 567 3641 grauissimae
580 3578 754 3628 coerimonias
768 3577 933 3627 continentur
948 3577 1004 3625 boe
1017 3572 1257 3642 (ceremoniam).

248 3652 280 3704 lb
293 3654 455 3704 contendetis
468 3655 500 3706 B.
608 3656 668 3704 doto
682 3670 734 3705 om.
749 3655 784 3704 1).
896 3654 926 3704 ll
940 3653 1050 3702 Cotuoto
1062 3653 1093 3701 Ρ.
1108 3652 1151 3703 dl.

139 3726 328 3780 Conetodnneo
341 3746 372 3793 e,·
386 3729 647 3781 Conconnetodumno
660 3730 684 3780 B
697 3732 705 3756 ‘
713 3735 742 3780 et
752 3730 863 3794 eit-sore
878 3730 945 3779 CD’
959 3728 998 3780 W
996 3729 1080 3789 luite,
1095 3728 1260 3781 ‘Conconeto

139 3806 217 3871 duno,
233 3806 330 3870 dunno,
343 3808 436 3857 dornno
448 3823 513 3857 mes.
525 3806 669 3872 plort'pue'5
684 3805 852 3857 conetoduno
866 3822 893 3855 u.
1022 3805 1054 3856 18
1065 3803 1197 3856 Genebum
1211 3806 1260 3872 (B)

140 3886 195 3937 ‘bie
206 3886 263 3937 Ioci
271 3886 364 3937 nullus
378 3902 497 3938 sueorum
510 3888 603 3950 babet,
617 3887 666 3937 sed
675 3887 720 3935 olel
731 3884 846 3935 Gouubin
860 3883 907 3934 uel
920 3881 1044 3934 Genobini
1059 3883 1103 3933 uel
1114 3881 1259 3950 (lenobin’3

137 3961 240 4015 &nebi
253 3978 288 4014 m.
302 3978 356 4014 seo.
372 3965 397 4014 b.
502 3964 576 4028 eiquo
589 3965 648 4013 doto
663 3964 705 4013 Be
721 3964 793 4012 ‘unns
806 3962 924 4026 plurimi
933 3962 948 4023 ⁹,
964 3961 1023 4011 doto
1037 3962 1110 4025 signo
1123 3977 1150 4011 u.

139 4039 171 4094 li
183 4041 337 4105 negociandi
351 4041 383 4090 B.
490 4038 581 4091 Gaium
595 4040 636 4103 B,·
650 4038 681 4089 G.
696 4047 723 4090 et
737 4040 761 4103 b,
776 4038 806 4089 C.
822 4055 849 4090 u.
971 4039 1004 4092 2⁰
1017 4037 1115 4089 Fubum
1131 4038 1185 4090 AB
1195 4036 1259 4099 OD,

138 4113 245 4169 rutum
258 4132 287 4168 u.
378 4115 811 4181 CitomA(B)CDbd,Citone.
919 4113 1261 4178 reilrnmcutorieeJcouen

137 4190 202 4246 add.
216 4195 265 4246 bo.
403 4194 434 4248 ll
450 4195 631 4261 procuranti.
747 4195 781 4247 22
794 4193 949 4261 ubicumque
961 4193 987 4244 1)
994 4231 1003 4257 ,
1018 4193 1113 4260 ubique
1125 4191 1170 4242 Be
1182 4189 1261 4239 etsie

139 4274 197 4327 ‘uel
207 4275 365 4340 ubicumque
377 4289 442 4325 mse.
456 4272 541 4339 qdd.',·
555 4274 598 4324 ubi
610 4288 637 4324 u.
740 4272 773 4325 2³
787 4272 925 4324 inlustrior
936 4272 969 4322 B.
