2692 4688
499 211 819 278 ..195-

98 381 176 446 baeu
190 382 269 443 laeto
286 388 458 458 narrantur,
483 402 581 464 neque
603 383 728 447 excisae
748 405 768 447 n
788 383 963 468 legionariis
984 400 1141 473 repertae,
1166 412 1226 457 non

98 482 210 548 lieebot
225 480 351 546 alterum
368 484 553 567 perticipium
570 506 625 568 pro
640 485 789 549 ndieotiuo
806 506 936 568 ponere,
961 511 1018 572 qua
1034 512 1092 555 uns
1108 494 1226 558 ratione
1240 486 1256 503 ⁸

99 585 272 672 copulativa
287 585 431 668 porticula
445 597 528 650 reete
542 587 744 652 omittebatur.
768 585 803 651 ld
819 591 985 673 perspexit,
1002 593 1051 678 qui
1069 601 1113 657 ‘et
1127 595 1227 678 proie-

98 687 166 753 etls'
180 687 321 770 sempsit,
345 687 423 771 quod
445 688 556 772 legitur
576 690 607 752 in
623 689 796 774 quibusdam
820 691 1018 758 deterioribus
1040 694 1125 758 eodd.
1164 691 1227 760 sm

97 812 165 856 oum
181 790 336 874 complura
351 790 441 854 uerbo
458 803 527 874 post
543 792 678 855 ‘excisis'
693 793 852 857 interiectu
867 805 982 874 essent,
1008 796 1162 879 ‘proiectis
1176 797 1224 861 iis’

98 913 212 979 ponere
227 891 411 975 praestabat

179 991 270 1076 Quae
285 1016 314 1058 e.
331 994 374 1058 33
388 1006 471 1058 extr.
488 996 525 1060 de
540 997 675 1061 disoessn
696 999 734 1062 ab
749 997 938 1062 Alexandria
953 996 1099 1064 Caesaris
1120 1003 1226 1085 legon-

97 1109 163 1162 tnrs
189 1093 265 1161 ‘Sis
286 1095 377 1161 rebus
400 1098 537 1163 omnibns
560 1100 708 1164 conlectis
730 1110 761 1163 et
783 1101 936 1166 oolloentis
959 1103 1023 1187 ipse
1039 1104 1149 1166 itinere
1164 1113 1225 1167 ter·

96 1200 188 1265 nestri
210 1200 366 1282 proiectus
388 1211 436 1264 est
450 1202 481 1264 in
497 1199 644 1286 Syriam’,
661 1203 700 1265 iis
715 1204 869 1267 eontraria
884 1224 968 1279 esse,
993 1225 1070 1288 quse
1084 1226 1110 1269 o.
1125 1202 1186 1283 bil,
1206 1205 1223 1268 l

98 1303 133 1367 de
145 1303 283 1367 eiusdem
299 1302 485 1386 proiectione
499 1324 539 1366 ex
555 1299 648 1387 Syris
671 1306 864 1368 referuntur:
891 1305 972 1388 ‘ipse
990 1307 1095 1370 endem
1111 1307 1222 1385 classe,

98 1426 152 1488 qua
169 1416 310 1483 uenerat,
328 1405 525 1490 prodoisoitur
538 1405 569 1467 in
586 1402 747 1483 Ciliciam',
767 1402 921 1470 Vsserium
939 1408 1066 1491 (annull-
1085 1428 1113 1471 ιι.
1125 1406 1223 1491 3957)

98 1519 218 1572 secutus
249 1508 421 1592 posteriore
448 1507 514 1570 loeo
548 1509 665 1572 notauit
697 1507 841 1573 Dauisius
878 1529 1002 1593 eamque
1033 1511 1222 1575 manifestam

99 1607 187 1674 llislli
210 1608 477 1695 dvouotoloyior
499 1611 669 1694 appellauit.
707 1609 741 1674 Id
764 1613 851 1696 plone
873 1611 1045 1676 incredibile
1068 1624 1126 1692 est,
1151 1612 1222 1676 Hir·

97 1712 180 1791 tinm,
197 1728 287 1796 qoem
302 1711 482 1776 Antioobine
498 1713 573 1796 apud
589 1709 754 1778 Gaesarem
770 1714 863 1778 luisse
878 1732 969 1797 snpra
991 1734 1020 1798 p.
1039 1713 1081 1780 10
1099 1717 1222 1780 demon·

97 1814 202 1893 sinai,
227 1834 288 1879 non
302 1815 397 1879 solum
413 1815 444 1877 iu
460 1816 515 1879 bne
530 1835 563 1878 re
578 1834 710 1894 errasse,
734 1817 787 1879 sed
804 1817 893 1880 etiam
909 1818 1006 1881 altero
1022 1818 1088 1881 loen
1105 1836 1220 1895 uerum,

96 1919 192 1983 atton
206 1918 314 1981 ialsom
326 1918 479 1982 retulisse.
505 1916 574 1981 Nos
589 1936 663 1982 uero
679 1919 800 2000 cognito
815 1920 948 1983 oodieum
964 1940 1077 2003 genere
1093 1939 1153 1983 non
1169 1921 1222 1983 dn·

95 2019 579 2103 litabimssbsnediscrepantiom
589 2020 890 2104 magistronooeptnm
898 2023 1025 2086 ιοΐειτιι
1043 2021 1223 2104 ltsqneuuut

95 2120 341 2207 loseplr.eutiqq.
351 2120 483 2199 xtv‚8‚
493 2121 527 2198 3,
544 2118 863 2195 utmonuitllauisius,
881 2118 1042 2186 Caesonem
1059 2125 1088 2187 in
1105 2122 1223 2208 Syriam

97 2221 1223 2310 nauigasserelerat,eundemquenauibusinCiliciamuenisseexCio.Pl1il.

98 2326 139 2409 ll,
156 2328 211 2407 ll,
229 2325 273 2392 26
287 2338 417 2404 constet,
434 2347 460 2390 e.
476 2326 517 2389 33
534 2327 625 2391 uerbo
643 2327 764 2391 ‘itinere
776 2325 923 2390 terrestri'
940 2326 1072 2389 eiciendo
1092 2327 1221 2390 luerunt.

181 2426 220 2495 C.
239 2426 294 2509 36,
309 2429 329 2493 4
345 2428 419 2493 hoen
434 2430 465 2492 in
480 2429 567 2492 codd.
578 2430 735 2514 leguntur:
755 2424 887 2510 ‘Quibus
898 2449 938 2493 ex
946 2429 1053 2493 eastris
1063 2450 1127 2491 oum
1140 2429 1223 2493 loeus

99 2544 243 2621 angustus
258 2543 349 2616 atque
364 2532 521 2615 impeditus
537 2541 620 2595 esset
635 2533 848 2605 transeundus,
870 2528 1043 2596 Pbarnsnes
1057 2533 1090 2596 in
1105 2530 1223 2595 insidiis

101 2638 229 2703 delectu
244 2635 361 2720 pedites
376 2654 538 2716 omnesque
554 2654 647 2716 paene
662 2634 808 2716 disposuit
824 2635 951 2716 equites,
968 2655 1106 2718 magnam
1121 2646 1221 2699 sutem

101 2739 315 2805 multitudinem
338 2737 454 2820 peeoris
476 2735 556 2800 intra
577 2757 628 2800 eas
651 2739 752 2801 lnuoes
774 2737 913 2821 dissipari
929 2737 1016 2800 iussit
1031 2755 1223 2820 paganosque

100 2851 130 2905 ut
146 2841 314 2926 oppidanos
335 2839 367 2903 in
390 2839 428 2903 iis
451 2839 525 2902 leuis
547 2838 722 2916 obuersari,
748 2850 780 2902 ut
794 2841 860 2903 siue
876 2840 990 2902 amiens
1005 2839 1069 2901 siue
1084 2837 1224 2899 inimicus

100 2940 249 3008 nonium
271 2961 325 3006 ees
348 2941 503 3026 angustius
529 2941 689 3017 transiret,
711 2940 784 3005 nihil
805 2943 841 3004 de
864 2941 981 3005 insidiis
1003 2941 1220 3023 suspiraretnr,

100 3067 160 3110 eum
175 3046 207 3110 in
223 3045 307 3129 agris
322 3054 354 3107 et
369 3064 477 3129 peoora
489 3053 521 3107 et
536 3043 671 3106 homines
682 3042 1061 3106 animaduerteretuersari
1073 3053 1222 3124 tamquam

100 3150 258 3214 nieorum
274 3146 417 3221 aduentu,
442 3146 519 3209 utin
536 3146 665 3209 hostium
680 3145 755 3208 llnes
770 3146 905 3223 ueniret,
931 3145 1040 3228 praeda
1056 3144 1223 3228 diripienda

100 3250 206 3315 milites
221 3248 442 3331 dissiparentur
456 3247 639 3331 dispersique
654 3246 874 3311 caederentur'.
904 3246 985 3311 Nem
1008 3254 1051 3311 ‘ut
1066 3247 1133 3312 siue
1149 3246 1223 3310 ami·

99 3373 148 3416 ιιι
162 3353 231 3417 siue
245 3351 386 3415 inimicus
401 3347 566 3414 Domitins'
587 3351 619 3413 in
635 3350 771 3413 omnibus
787 3351 873 3412 oudd.
896 3351 1037 3434 seriptum
1061 3361 1126 3428 est3
1152 3350 1222 3412 ‘ud-

99 3466 187 3519 uentu
211 3464 244 3517 nt
263 3453 296 3517 in
312 3453 440 3516 bostium
455 3452 546 3516 lines'
562 3463 610 3517 est
625 3452 654 3515 ln
671 3450 743 3515 Per.
761 3473 824 3516 seo.
842 3449 930 3516 Leid.
948 3473 993 3536 pr.
1012 3449 1094 3516 Seal.
1112 3451 1220 3531 Voss,

100 3557 154 3620 uisi
168 3557 250 3641 quod
267 3577 333 3619 oum
346 3554 412 3619 aliis
427 3555 513 3618 codd.
534 3556 701 3619 ‘aduentus'
719 3555 876 3619 exhibent.
900 3553 1009 3618 Editur
1024 3576 1113 3640 snpra
1132 3563 1178 3619 ‘ut
1196 3557 1222 3619 si

98 3661 209 3724 auriens
223 3657 390 3723 Domitius'
406 3669 438 3722 et
451 3658 558 3722 deinde
575 3658 633 3723 ‘sin
650 3678 724 3722 uero
747 3657 824 3720 utin
841 3657 969 3720 bostium
984 3659 1059 3721 lines
1075 3658 1221 3736 ueniret',

98 3783 170 3845 que
201 3783 389 3845 nequaqnam
419 3782 459 3826 ex
488 3761 545 3837 iis,
578 3778 654 3844 quoe
677 3780 767 3843 snpra
791 3760 892 3843 posui,
926 3759 1118 3842 probabiliter
1149 3758 1223 3823 effioi

98 3876 230 3951 apparet.
263 3865 294 3927 Α
317 3864 418 3929 uerbis
443 3863 547 3926 ‘utin
578 3863 705 3926 bostium
736 3861 811 3926 lines
841 3862 976 3926 ueniret'
1006 3864 1131 3927 alterans
1154 3880 1223 3926 sen·

97 3969 208 4033 tentiae
237 3979 351 4052 partem
372 3967 507 4049 incipere
530 3966 616 4048 idque
636 3965 677 4028 ibi
707 3966 932 4050 signibeandunr
956 3967 1066 4043 luisse,
1094 3965 1223 4048 itemque

96 4071 186 4135 uerbs
211 4071 299 4133 ‘siue
318 4068 464 4133 inimicus'
481 4087 591 4151 supra,
613 4066 662 4128 obi
684 4067 715 4129 in
731 4068 818 4131 eodd.
834 4069 994 4152 leguntur,
1017 4068 1116 4153 inepte
1140 4087 1220 4143 esse,

96 4193 159 4236 enm
188 4172 296 4236 eadem
326 4171 477 4235 sententia
507 4167 652 4233 extremis
680 4171 781 4234 uerbis
810 4171 998 4247 declaretur,
1032 4171 1223 4233 manifestum

96 4286 152 4338 est.
183 4272 291 4358 ltaque
315 4294 371 4351 es,
394 4293 470 4357 quae
484 4272 515 4335 in
530 4271 615 4335 codd.
632 4271 788 4355 leguntur,
814 4274 856 4335 its
871 4272 1021 4336 seruanda
1036 4267 1221 4340 existimaui,

953 4370 1015 4433 13*
