<?xml version="1.0" encoding="UTF-8"?>
<!DOCTYPE html PUBLIC "-//W3C//DTD XHTML 1.0 Transitional//EN"
    "http://www.w3.org/TR/xhtml1/DTD/xhtml1-transitional.dtd">
<html xmlns="http://www.w3.org/1999/xhtml" xml:lang="en" lang="en">
 <head>
  <title>
</title>
<meta http-equiv="Content-Type" content="text/html;charset=utf-8" />
  <meta name='ocr-system' content='tesseract 3.04.00' />
  <meta name='ocr-capabilities' content='ocr_page ocr_carea ocr_par ocr_line ocrx_word'/>
</head>
<body>
  <div class='ocr_page' id='page_1' title='image "./civliicaesarisc02hirtgoog_0558.png"; bbox 0 0 2692 4688; ppageno 0'>
   <div class='ocr_carea' id='block_1_1' title="bbox 422 220 1279 293">
    <p class='ocr_par' dir='ltr' id='par_1_1' title="bbox 422 220 1279 293">
     <span class='ocr_line' id='line_1_1' title="bbox 422 220 1279 293; baseline 0.002 -4"><span class='ocrx_word' id='word_1_1' title='bbox 422 220 562 289; x_wconf 78' lang='lat' dir='ltr'>COMM.</span> <span class='ocrx_word' id='word_1_2' title='bbox 578 221 611 289; x_wconf 88' lang='lat'>11</span> <span class='ocrx_word' id='word_1_3' title='bbox 626 220 723 291; x_wconf 76' lang='lat' dir='ltr'>CAP.</span> <span class='ocrx_word' id='word_1_4' title='bbox 737 224 890 292; x_wconf 49' lang='lat'>242427.</span> <span class='ocrx_word' id='word_1_5' title='bbox 1217 226 1279 293; x_wconf 77' lang='grc'>551</span> 
     </span>
    </p>
   </div>
   <div class='ocr_carea' id='block_1_2' title="bbox 42 390 1280 3238">
    <p class='ocr_par' dir='ltr' id='par_1_2' title="bbox 42 390 1280 3238">
     <span class='ocr_line' id='line_1_2' title="bbox 98 390 1223 485; baseline 0.004 -24"><span class='ocrx_word' id='word_1_6' title='bbox 98 395 207 461; x_wconf 86' lang='lat' dir='ltr'>multas</span> <span class='ocrx_word' id='word_1_7' title='bbox 222 416 290 460; x_wconf 88' lang='lat' dir='ltr'>eum</span> <span class='ocrx_word' id='word_1_8' title='bbox 306 390 442 460; x_wconf 79' lang='lat' dir='ltr'>Curione</span> <span class='ocrx_word' id='word_1_9' title='bbox 455 395 672 473; x_wconf 64' lang='lat' dir='ltr'>intercedebat,</span> <span class='ocrx_word' id='word_1_10' title='bbox 689 396 766 478; x_wconf 89' lang='lat' dir='ltr'>quod</span> <span class='ocrx_word' id='word_1_11' title='bbox 782 396 1027 482; x_wconf 80' lang='lat' dir='ltr'>tribunusplebis</span> <span class='ocrx_word' id='word_1_12' title='bbox 1042 400 1138 484; x_wconf 74' lang='lat' dir='ltr'>legen</span> <span class='ocrx_word' id='word_1_13' title='bbox 1153 422 1223 485; x_wconf 86' lang='lat' dir='ltr'>pro-</span> 
     </span>
     <span class='ocr_line' id='line_1_3' title="bbox 99 496 1256 582; baseline 0.004 -20"><span class='ocrx_word' id='word_1_14' title='bbox 99 499 308 582; x_wconf 78' lang='lat' dir='ltr'>mulgauerat‚</span> <span class='ocrx_word' id='word_1_15' title='bbox 338 518 397 580; x_wconf 89' lang='lat' dir='ltr'>qua</span> <span class='ocrx_word' id='word_1_16' title='bbox 418 499 486 582; x_wconf 74' lang='lat' dir='ltr'>lege</span> <span class='ocrx_word' id='word_1_17' title='bbox 508 519 634 582; x_wconf 73' lang='lat' dir='ltr'>regnum</span> <span class='ocrx_word' id='word_1_18' title='bbox 650 496 741 563; x_wconf 87' lang='lat' dir='ltr'>lubae</span> <span class='ocrx_word' id='word_1_19' title='bbox 764 497 980 582; x_wconf 85' lang='lat' dir='ltr'>publieauernt.</span> <span class='ocrx_word' id='word_1_20' title='bbox 1026 497 1256 567; x_wconf 77' lang='lat' dir='ltr'>Coneurruntb</span> 
     </span>
     <span class='ocr_line' id='line_1_4' title="bbox 98 599 1222 684; baseline 0.004 -20"><span class='ocrx_word' id='word_1_21' title='bbox 98 601 216 683; x_wconf 88' lang='lat' dir='ltr'>equites</span> <span class='ocrx_word' id='word_1_22' title='bbox 231 601 313 663; x_wconf 85' lang='lat' dir='ltr'>iuter</span> <span class='ocrx_word' id='word_1_23' title='bbox 328 620 382 676; x_wconf 68' lang='lat' dir='ltr'>seq</span> <span class='ocrx_word' id='word_1_24' title='bbox 399 620 497 683; x_wconf 88' lang='lat' dir='ltr'>neque</span> <span class='ocrx_word' id='word_1_25' title='bbox 513 621 586 664; x_wconf 88' lang='lat' dir='ltr'>uero</span> <span class='ocrx_word' id='word_1_26' title='bbox 601 600 727 684; x_wconf 86' lang='lat' dir='ltr'>primum</span> <span class='ocrx_word' id='word_1_27' title='bbox 741 599 884 683; x_wconf 88' lang='lat' dir='ltr'>impetum</span> <span class='ocrx_word' id='word_1_28' title='bbox 893 613 1064 666; x_wconf 86' lang='lat' dir='ltr'>nostrorum</span> <span class='ocrx_word' id='word_1_29' title='bbox 1071 602 1222 669; x_wconf 85' lang='lat' dir='ltr'>Numidae</span> 
     </span>
     <span class='ocr_line' id='line_1_5' title="bbox 98 700 1222 786; baseline 0.003 -19"><span class='ocrx_word' id='word_1_30' title='bbox 98 705 179 769; x_wconf 80' lang='lat' dir='ltr'>ferre</span> <span class='ocrx_word' id='word_1_31' title='bbox 194 711 370 786; x_wconf 86' lang='lat' dir='ltr'>potuerunt,</span> <span class='ocrx_word' id='word_1_32' title='bbox 387 700 625 783; x_wconf 82' lang='lat' dir='ltr'>sedinterleetis</span> <span class='ocrx_word' id='word_1_33' title='bbox 641 702 845 767; x_wconf 83' lang='lat' dir='ltr'>eireitercttx</span> <span class='ocrx_word' id='word_1_34' title='bbox 852 701 958 785; x_wconf 80' lang='lat' dir='ltr'>reliqui</span> <span class='ocrx_word' id='word_1_35' title='bbox 971 724 1007 768; x_wconf 86' lang='lat' dir='ltr'>se</span> <span class='ocrx_word' id='word_1_36' title='bbox 1022 704 1055 767; x_wconf 91' lang='lat' dir='ltr'>in</span> <span class='ocrx_word' id='word_1_37' title='bbox 1068 717 1169 769; x_wconf 86' lang='lat' dir='ltr'>eastra</span> <span class='ocrx_word' id='word_1_38' title='bbox 1184 706 1222 770; x_wconf 86' lang='lat' dir='ltr'>nd</span> 
     </span>
     <span class='ocr_line' id='line_1_6' title="bbox 62 801 1259 891; baseline 0.001 -21"><span class='ocrx_word' id='word_1_39' title='bbox 62 820 78 870; x_wconf 79' lang='lat'><strong>5</strong></span> <span class='ocrx_word' id='word_1_40' title='bbox 101 805 238 891; x_wconf 85' lang='lat' dir='ltr'>oppidum</span> <span class='ocrx_word' id='word_1_41' title='bbox 267 814 457 887; x_wconf 75' lang='lat' dir='ltr'>receperunt.</span> <span class='ocrx_word' id='word_1_42' title='bbox 495 801 621 868; x_wconf 79' lang='lat' dir='ltr'>Interim</span> <span class='ocrx_word' id='word_1_43' title='bbox 651 805 781 869; x_wconf 87' lang='lat' dir='ltr'>aduentu</span> <span class='ocrx_word' id='word_1_44' title='bbox 802 804 960 888; x_wconf 84' lang='lat' dir='ltr'>longarum</span> <span class='ocrx_word' id='word_1_45' title='bbox 983 807 1103 870; x_wconf 86' lang='lat' dir='ltr'>nauium</span> <span class='ocrx_word' id='word_1_46' title='bbox 1126 803 1259 871; x_wconf 82' lang='lat' dir='ltr'>Curiob</span> 
     </span>
     <span class='ocr_line' id='line_1_7' title="bbox 99 905 1222 993; baseline 0 -21"><span class='ocrx_word' id='word_1_47' title='bbox 99 907 293 993; x_wconf 90' lang='lat' dir='ltr'>pronuntiare</span> <span class='ocrx_word' id='word_1_48' title='bbox 312 905 462 971; x_wconf 83' lang='lat' dir='ltr'>onerariis</span> <span class='ocrx_word' id='word_1_49' title='bbox 484 906 609 970; x_wconf 81' lang='lat' dir='ltr'>nauibus</span> <span class='ocrx_word' id='word_1_50' title='bbox 624 906 724 982; x_wconf 87' lang='lat' dir='ltr'>iubet,</span> <span class='ocrx_word' id='word_1_51' title='bbox 746 926 822 988; x_wconf 87' lang='lat' dir='ltr'>quae</span> <span class='ocrx_word' id='word_1_52' title='bbox 842 907 963 971; x_wconf 83' lang='lat' dir='ltr'>stabant</span> <span class='ocrx_word' id='word_1_53' title='bbox 978 909 1015 971; x_wconf 92' lang='lat' dir='ltr'>ad</span> <span class='ocrx_word' id='word_1_54' title='bbox 1031 906 1150 972; x_wconf 87' lang='lat' dir='ltr'>Vtieem</span> <span class='ocrx_word' id='word_1_55' title='bbox 1167 931 1222 973; x_wconf 85' lang='lat' dir='ltr'>no·</span> 
     </span>
     <span class='ocr_line' id='line_1_8' title="bbox 98 1007 1224 1093; baseline -0.002 -18"><span class='ocrx_word' id='word_1_56' title='bbox 98 1032 181 1075; x_wconf 88' lang='lat' dir='ltr'>mero</span> <span class='ocrx_word' id='word_1_57' title='bbox 195 1008 380 1083; x_wconf 86' lang='lat' dir='ltr'>eireitercc,</span> <span class='ocrx_word' id='word_1_58' title='bbox 397 1028 431 1071; x_wconf 90' lang='lat' dir='ltr'>se</span> <span class='ocrx_word' id='word_1_59' title='bbox 445 1007 476 1071; x_wconf 90' lang='lat' dir='ltr'>in</span> <span class='ocrx_word' id='word_1_60' title='bbox 492 1008 621 1072; x_wconf 83' lang='lat' dir='ltr'>bostium</span> <span class='ocrx_word' id='word_1_61' title='bbox 637 1009 803 1075; x_wconf 83' lang='lat' dir='ltr'>babituram</span> <span class='ocrx_word' id='word_1_62' title='bbox 820 1010 899 1087; x_wconf 84' lang='lat' dir='ltr'>loeo,</span> <span class='ocrx_word' id='word_1_63' title='bbox 917 1010 966 1092; x_wconf 88' lang='lat' dir='ltr'>qui</span> <span class='ocrx_word' id='word_1_64' title='bbox 983 1031 1043 1074; x_wconf 88' lang='lat' dir='ltr'>nou</span> <span class='ocrx_word' id='word_1_65' title='bbox 1059 1031 1077 1075; x_wconf 90' lang='lat' dir='ltr'>e</span> <span class='ocrx_word' id='word_1_66' title='bbox 1092 1010 1224 1093; x_wconf 75' lang='lat' dir='ltr'>uestigio.</span> 
     </span>
     <span class='ocr_line' id='line_1_9' title="bbox 99 1106 1258 1195; baseline -0.002 -18"><span class='ocrx_word' id='word_1_67' title='bbox 99 1114 138 1177; x_wconf 87' lang='lat' dir='ltr'>od</span> <span class='ocrx_word' id='word_1_68' title='bbox 158 1122 260 1177; x_wconf 84' lang='lat' dir='ltr'>eastra</span> <span class='ocrx_word' id='word_1_69' title='bbox 274 1106 459 1177; x_wconf 83' lang='lat' dir='ltr'>Corneliano</span> <span class='ocrx_word' id='word_1_70' title='bbox 481 1111 548 1175; x_wconf 89' lang='lat' dir='ltr'>uela</span> <span class='ocrx_word' id='word_1_71' title='bbox 570 1110 746 1175; x_wconf 82' lang='lat' dir='ltr'>direxisset.</span> <span class='ocrx_word' id='word_1_72' title='bbox 784 1107 853 1192; x_wconf 81' lang='lat' dir='ltr'>Qua</span> <span class='ocrx_word' id='word_1_73' title='bbox 875 1113 1119 1195; x_wconf 67' lang='lat' dir='ltr'>pronuntiatione</span> <span class='ocrx_word' id='word_1_74' title='bbox 1142 1112 1258 1175; x_wconf 86' lang='lat' dir='ltr'>laeta7</span> 
     </span>
     <span class='ocr_line' id='line_1_10' title="bbox 101 1211 1223 1298; baseline 0.001 -21"><span class='ocrx_word' id='word_1_75' title='bbox 101 1214 244 1297; x_wconf 86' lang='lat' dir='ltr'>temporis</span> <span class='ocrx_word' id='word_1_76' title='bbox 259 1224 369 1298; x_wconf 84' lang='lat' dir='ltr'>punoto</span> <span class='ocrx_word' id='word_1_77' title='bbox 389 1212 515 1277; x_wconf 87' lang='lat' dir='ltr'>sublatis</span> <span class='ocrx_word' id='word_1_78' title='bbox 537 1214 658 1277; x_wconf 84' lang='lat' dir='ltr'>auroris</span> <span class='ocrx_word' id='word_1_79' title='bbox 679 1233 783 1277; x_wconf 85' lang='lat' dir='ltr'>omnes</span> <span class='ocrx_word' id='word_1_80' title='bbox 798 1211 917 1277; x_wconf 80' lang='lat' dir='ltr'>Vtinam</span> <span class='ocrx_word' id='word_1_81' title='bbox 932 1215 1103 1297; x_wconf 86' lang='lat' dir='ltr'>relinquunt</span> <span class='ocrx_word' id='word_1_82' title='bbox 1117 1225 1149 1280; x_wconf 91' lang='lat' dir='ltr'>et</span> <span class='ocrx_word' id='word_1_83' title='bbox 1162 1236 1223 1297; x_wconf 94' lang='lat' dir='ltr'>quo</span> 
     </span>
     <span class='ocr_line' id='line_1_11' title="bbox 42 1312 1222 1400; baseline -0.002 -19"><span class='ocrx_word' id='word_1_84' title='bbox 42 1327 78 1381; x_wconf 88' lang='lat' dir='ltr'>tu</span> <span class='ocrx_word' id='word_1_85' title='bbox 101 1317 278 1400; x_wconf 76' lang='lat' dir='ltr'>impes-stom</span> <span class='ocrx_word' id='word_1_86' title='bbox 299 1325 349 1379; x_wconf 88' lang='lat' dir='ltr'>est</span> <span class='ocrx_word' id='word_1_87' title='bbox 362 1324 532 1379; x_wconf 83' lang='lat' dir='ltr'>transeunt.</span> <span class='ocrx_word' id='word_1_88' title='bbox 564 1312 715 1397; x_wconf 79' lang='lat' dir='ltr'>Quaeres</span> <span class='ocrx_word' id='word_1_89' title='bbox 730 1315 860 1379; x_wconf 90' lang='lat' dir='ltr'>omnium</span> <span class='ocrx_word' id='word_1_90' title='bbox 877 1337 976 1381; x_wconf 89' lang='lat' dir='ltr'>rerum</span> <span class='ocrx_word' id='word_1_91' title='bbox 992 1317 1076 1400; x_wconf 88' lang='lat' dir='ltr'>eopia</span> <span class='ocrx_word' id='word_1_92' title='bbox 1092 1317 1222 1398; x_wconf 88' lang='lat' dir='ltr'>eomple-</span> 
     </span>
     <span class='ocr_line' id='line_1_12' title="bbox 101 1414 1278 1502; baseline 0.006 -21"><span class='ocrx_word' id='word_1_93' title='bbox 101 1418 150 1481; x_wconf 86' lang='lat' dir='ltr'>uit</span> <span class='ocrx_word' id='word_1_94' title='bbox 163 1417 341 1481; x_wconf 81' lang='lat' dir='ltr'>exereitum.</span> <span class='ocrx_word' id='word_1_95' title='bbox 373 1415 431 1480; x_wconf 84' lang='lat' dir='ltr'>llis</span> <span class='ocrx_word' id='word_1_96' title='bbox 454 1416 545 1480; x_wconf 87' lang='lat' dir='ltr'>rebus</span> <span class='ocrx_word' id='word_1_97' title='bbox 567 1416 663 1502; x_wconf 76' lang='lat' dir='ltr'>gestis</span> <span class='ocrx_word' id='word_1_98' title='bbox 678 1414 773 1482; x_wconf 85' lang='lat' dir='ltr'>Curio</span> <span class='ocrx_word' id='word_1_99' title='bbox 788 1438 822 1482; x_wconf 88' lang='lat' dir='ltr'>se</span> <span class='ocrx_word' id='word_1_100' title='bbox 837 1418 869 1483; x_wconf 93' lang='lat' dir='ltr'>in</span> <span class='ocrx_word' id='word_1_101' title='bbox 884 1430 984 1483; x_wconf 84' lang='lat' dir='ltr'>eastra</span> <span class='ocrx_word' id='word_1_102' title='bbox 999 1419 1036 1483; x_wconf 85' lang='lat' dir='ltr'>ad</span> <span class='ocrx_word' id='word_1_103' title='bbox 1051 1416 1219 1502; x_wconf 76' lang='lat' dir='ltr'>Bagradam</span> <span class='ocrx_word' id='word_1_104' title='bbox 1234 1414 1278 1488; x_wconf 66' lang='lat'>23</span> 
     </span>
     <span class='ocr_line' id='line_1_13' title="bbox 101 1518 1222 1606; baseline 0.002 -23"><span class='ocrx_word' id='word_1_105' title='bbox 101 1518 211 1603; x_wconf 81' lang='lat' dir='ltr'>resipit</span> <span class='ocrx_word' id='word_1_106' title='bbox 223 1528 313 1601; x_wconf 86' lang='lat' dir='ltr'>atque</span> <span class='ocrx_word' id='word_1_107' title='bbox 327 1518 462 1583; x_wconf 87' lang='lat' dir='ltr'>uniuersi</span> <span class='ocrx_word' id='word_1_108' title='bbox 479 1519 632 1583; x_wconf 85' lang='lat' dir='ltr'>exereitus</span> <span class='ocrx_word' id='word_1_109' title='bbox 653 1520 892 1585; x_wconf 83' lang='lat' dir='ltr'>eonelamatione</span> <span class='ocrx_word' id='word_1_110' title='bbox 914 1520 1077 1603; x_wconf 88' lang='lat' dir='ltr'>imperator</span> <span class='ocrx_word' id='word_1_111' title='bbox 1091 1521 1222 1606; x_wconf 83' lang='lat' dir='ltr'>appella·</span> 
     </span>
     <span class='ocr_line' id='line_1_14' title="bbox 101 1619 1222 1707; baseline 0 -20"><span class='ocrx_word' id='word_1_112' title='bbox 101 1634 152 1687; x_wconf 89' lang='lat' dir='ltr'>tur</span> <span class='ocrx_word' id='word_1_113' title='bbox 166 1632 346 1706; x_wconf 85' lang='lat' dir='ltr'>posteroque</span> <span class='ocrx_word' id='word_1_114' title='bbox 360 1621 408 1685; x_wconf 91' lang='lat' dir='ltr'>die</span> <span class='ocrx_word' id='word_1_115' title='bbox 424 1622 589 1687; x_wconf 85' lang='lat' dir='ltr'>exereitum</span> <span class='ocrx_word' id='word_1_116' title='bbox 597 1619 717 1685; x_wconf 82' lang='lat' dir='ltr'>Vticam</span> <span class='ocrx_word' id='word_1_117' title='bbox 728 1623 811 1687; x_wconf 89' lang='lat' dir='ltr'>dueit</span> <span class='ocrx_word' id='word_1_118' title='bbox 824 1635 855 1687; x_wconf 88' lang='lat' dir='ltr'>et</span> <span class='ocrx_word' id='word_1_119' title='bbox 870 1643 961 1707; x_wconf 87' lang='lat' dir='ltr'>prope</span> <span class='ocrx_word' id='word_1_120' title='bbox 975 1623 1112 1707; x_wconf 88' lang='lat' dir='ltr'>oppidum</span> <span class='ocrx_word' id='word_1_121' title='bbox 1121 1633 1222 1687; x_wconf 87' lang='lat' dir='ltr'>eastra</span> 
     </span>
     <span class='ocr_line' id='line_1_15' title="bbox 101 1721 1258 1808; baseline 0.003 -21"><span class='ocrx_word' id='word_1_122' title='bbox 101 1724 194 1808; x_wconf 85' lang='lat' dir='ltr'>pouit.</span> <span class='ocrx_word' id='word_1_123' title='bbox 215 1721 359 1787; x_wconf 87' lang='lat' dir='ltr'>Nondum</span> <span class='ocrx_word' id='word_1_124' title='bbox 374 1744 465 1808; x_wconf 91' lang='lat' dir='ltr'>opere</span> <span class='ocrx_word' id='word_1_125' title='bbox 479 1735 647 1789; x_wconf 83' lang='lat' dir='ltr'>castrorum</span> <span class='ocrx_word' id='word_1_126' title='bbox 663 1727 797 1808; x_wconf 80' lang='lat' dir='ltr'>perfeeto</span> <span class='ocrx_word' id='word_1_127' title='bbox 811 1724 928 1808; x_wconf 86' lang='lat' dir='ltr'>equites</span> <span class='ocrx_word' id='word_1_128' title='bbox 943 1746 984 1789; x_wconf 84' lang='lat' dir='ltr'>ex</span> <span class='ocrx_word' id='word_1_129' title='bbox 998 1726 1128 1790; x_wconf 87' lang='lat' dir='ltr'>statione</span> <span class='ocrx_word' id='word_1_130' title='bbox 1145 1748 1222 1789; x_wconf 85' lang='lat' dir='ltr'>nuu-</span> <span class='ocrx_word' id='word_1_131' title='bbox 1235 1726 1258 1791; x_wconf 84' lang='lat'>2</span> 
     </span>
     <span class='ocr_line' id='line_1_16' title="bbox 44 1824 1222 1911; baseline -0.002 -20"><span class='ocrx_word' id='word_1_132' title='bbox 44 1838 78 1891; x_wconf 84' lang='lat' dir='ltr'>ts</span> <span class='ocrx_word' id='word_1_133' title='bbox 101 1828 178 1891; x_wconf 87' lang='lat' dir='ltr'>tiant</span> <span class='ocrx_word' id='word_1_134' title='bbox 192 1845 301 1909; x_wconf 74' lang='lat' dir='ltr'>magna</span> <span class='ocrx_word' id='word_1_135' title='bbox 314 1826 428 1889; x_wconf 75' lang='lat' dir='ltr'>auxilia</span> <span class='ocrx_word' id='word_1_136' title='bbox 442 1826 574 1908; x_wconf 90' lang='lat' dir='ltr'>equitum</span> <span class='ocrx_word' id='word_1_137' title='bbox 589 1827 776 1909; x_wconf 73' lang='lat' dir='ltr'>peditumque</span> <span class='ocrx_word' id='word_1_138' title='bbox 791 1826 828 1891; x_wconf 89' lang='lat' dir='ltr'>ab</span> <span class='ocrx_word' id='word_1_139' title='bbox 845 1846 916 1911; x_wconf 71' lang='lat' dir='ltr'>rege</span> <span class='ocrx_word' id='word_1_140' title='bbox 931 1828 1022 1891; x_wconf 81' lang='lat' dir='ltr'>naisso</span> <span class='ocrx_word' id='word_1_141' title='bbox 1034 1824 1152 1891; x_wconf 85' lang='lat' dir='ltr'>Vtieam</span> <span class='ocrx_word' id='word_1_142' title='bbox 1168 1847 1222 1892; x_wconf 88' lang='lat' dir='ltr'>ue·</span> 
     </span>
     <span class='ocr_line' id='line_1_17' title="bbox 102 1927 1221 2013; baseline -0.001 -22"><span class='ocrx_word' id='word_1_143' title='bbox 102 1929 190 2004; x_wconf 78' lang='lat' dir='ltr'>uire3</span> <span class='ocrx_word' id='word_1_144' title='bbox 206 1927 371 2013; x_wconf 87' lang='lat' dir='ltr'>eodemque</span> <span class='ocrx_word' id='word_1_145' title='bbox 384 1937 517 2011; x_wconf 87' lang='lat' dir='ltr'>tempore</span> <span class='ocrx_word' id='word_1_146' title='bbox 534 1929 580 1992; x_wconf 88' lang='lat' dir='ltr'>uis</span> <span class='ocrx_word' id='word_1_147' title='bbox 596 1950 701 2011; x_wconf 72' lang='lat' dir='ltr'>magua</span> <span class='ocrx_word' id='word_1_148' title='bbox 718 1930 849 2010; x_wconf 83' lang='lat' dir='ltr'>pulueris</span> <span class='ocrx_word' id='word_1_149' title='bbox 864 1928 1060 2006; x_wconf 71' lang='lat' dir='ltr'>merebatur,</span> <span class='ocrx_word' id='word_1_150' title='bbox 1083 1940 1115 1993; x_wconf 88' lang='lat' dir='ltr'>et</span> <span class='ocrx_word' id='word_1_151' title='bbox 1129 1928 1221 1992; x_wconf 88' lang='lat' dir='ltr'>uesti-</span> 
     </span>
     <span class='ocr_line' id='line_1_18' title="bbox 102 2027 1257 2115; baseline -0.001 -21"><span class='ocrx_word' id='word_1_152' title='bbox 102 2029 155 2114; x_wconf 75' lang='lat' dir='ltr'>gio</span> <span class='ocrx_word' id='word_1_153' title='bbox 170 2028 449 2113; x_wconf 83' lang='lat' dir='ltr'>temporisprinrum</span> <span class='ocrx_word' id='word_1_154' title='bbox 465 2051 571 2115; x_wconf 82' lang='lat' dir='ltr'>agmen</span> <span class='ocrx_word' id='word_1_155' title='bbox 587 2031 698 2094; x_wconf 86' lang='lat' dir='ltr'>eratin</span> <span class='ocrx_word' id='word_1_156' title='bbox 715 2041 887 2113; x_wconf 86' lang='lat' dir='ltr'>conspeetu.</span> <span class='ocrx_word' id='word_1_157' title='bbox 932 2028 1078 2095; x_wconf 86' lang='lat' dir='ltr'>Nouitate</span> <span class='ocrx_word' id='word_1_158' title='bbox 1100 2031 1145 2095; x_wconf 87' lang='lat' dir='ltr'>rel</span> <span class='ocrx_word' id='word_1_159' title='bbox 1161 2027 1222 2095; x_wconf 88' lang='lat' dir='ltr'>Cu·</span> <span class='ocrx_word' id='word_1_160' title='bbox 1238 2029 1257 2093; x_wconf 84' lang='lat'><strong>3</strong></span> 
     </span>
     <span class='ocr_line' id='line_1_19' title="bbox 101 2131 1223 2217; baseline -0.002 -20"><span class='ocrx_word' id='word_1_161' title='bbox 101 2133 149 2197; x_wconf 82' lang='lat' dir='ltr'>rio</span> <span class='ocrx_word' id='word_1_162' title='bbox 163 2140 315 2216; x_wconf 85' lang='lat' dir='ltr'>permotus</span> <span class='ocrx_word' id='word_1_163' title='bbox 330 2133 491 2215; x_wconf 67' lang='lat' dir='ltr'>antemittit</span> <span class='ocrx_word' id='word_1_164' title='bbox 505 2133 641 2214; x_wconf 81' lang='lat' dir='ltr'>equites,</span> <span class='ocrx_word' id='word_1_165' title='bbox 670 2132 719 2215; x_wconf 89' lang='lat' dir='ltr'>qui</span> <span class='ocrx_word' id='word_1_166' title='bbox 743 2132 869 2217; x_wconf 87' lang='lat' dir='ltr'>primum</span> <span class='ocrx_word' id='word_1_167' title='bbox 891 2131 1030 2213; x_wconf 88' lang='lat' dir='ltr'>impetum</span> <span class='ocrx_word' id='word_1_168' title='bbox 1052 2133 1223 2195; x_wconf 81' lang='lat' dir='ltr'>sustineant</span> 
     </span>
     <span class='ocr_line' id='line_1_20' title="bbox 101 2232 1222 2319; baseline -0.002 -22"><span class='ocrx_word' id='word_1_169' title='bbox 101 2256 138 2297; x_wconf 88' lang='lat' dir='ltr'>ae</span> <span class='ocrx_word' id='word_1_170' title='bbox 153 2244 328 2314; x_wconf 73' lang='lat' dir='ltr'>morentur-3</span> <span class='ocrx_word' id='word_1_171' title='bbox 344 2234 408 2319; x_wconf 88' lang='lat' dir='ltr'>ipse</span> <span class='ocrx_word' id='word_1_172' title='bbox 424 2235 564 2299; x_wconf 74' lang='lat' dir='ltr'>celeriter</span> <span class='ocrx_word' id='word_1_173' title='bbox 578 2235 615 2299; x_wconf 86' lang='lat' dir='ltr'>ab</span> <span class='ocrx_word' id='word_1_174' title='bbox 631 2255 722 2318; x_wconf 88' lang='lat' dir='ltr'>opere</span> <span class='ocrx_word' id='word_1_175' title='bbox 737 2232 872 2299; x_wconf 88' lang='lat' dir='ltr'>deduotis</span> <span class='ocrx_word' id='word_1_176' title='bbox 887 2232 1055 2314; x_wconf 78' lang='lat' dir='ltr'>legionibus</span> <span class='ocrx_word' id='word_1_177' title='bbox 1066 2234 1160 2295; x_wconf 88' lang='lat' dir='ltr'>aeiem</span> <span class='ocrx_word' id='word_1_178' title='bbox 1176 2234 1222 2295; x_wconf 88' lang='lat' dir='ltr'>iu-</span> 
     </span>
     <span class='ocr_line' id='line_1_21' title="bbox 43 2333 1259 2425; baseline -0.002 -23"><span class='ocrx_word' id='word_1_179' title='bbox 43 2347 80 2402; x_wconf 78' lang='lat' dir='ltr'>2tt</span> <span class='ocrx_word' id='word_1_180' title='bbox 103 2337 204 2399; x_wconf 89' lang='lat' dir='ltr'>struit.</span> <span class='ocrx_word' id='word_1_181' title='bbox 234 2333 418 2419; x_wconf 80' lang='lat' dir='ltr'>quitesque</span> <span class='ocrx_word' id='word_1_182' title='bbox 433 2338 622 2401; x_wconf 88' lang='lat' dir='ltr'>eommittunt</span> <span class='ocrx_word' id='word_1_183' title='bbox 637 2336 780 2421; x_wconf 86' lang='lat' dir='ltr'>proelium</span> <span class='ocrx_word' id='word_1_184' title='bbox 796 2346 846 2425; x_wconf 86' lang='lat' dir='ltr'>et,</span> <span class='ocrx_word' id='word_1_185' title='bbox 872 2334 1043 2417; x_wconf 86' lang='lat' dir='ltr'>prinsquam</span> <span class='ocrx_word' id='word_1_186' title='bbox 1068 2334 1155 2416; x_wconf 88' lang='lat' dir='ltr'>plane</span> <span class='ocrx_word' id='word_1_187' title='bbox 1179 2333 1259 2399; x_wconf 69' lang='lat' dir='ltr'>tes</span> 
     </span>
     <span class='ocr_line' id='line_1_22' title="bbox 102 2436 1224 2523; baseline -0.001 -23"><span class='ocrx_word' id='word_1_188' title='bbox 102 2438 210 2521; x_wconf 74' lang='lat' dir='ltr'>giones</span> <span class='ocrx_word' id='word_1_189' title='bbox 224 2438 371 2522; x_wconf 83' lang='lat' dir='ltr'>explieeri</span> <span class='ocrx_word' id='word_1_190' title='bbox 388 2448 418 2502; x_wconf 92' lang='lat' dir='ltr'>et</span> <span class='ocrx_word' id='word_1_191' title='bbox 432 2439 600 2503; x_wconf 87' lang='lat' dir='ltr'>oonsistere</span> <span class='ocrx_word' id='word_1_192' title='bbox 616 2448 756 2523; x_wconf 78' lang='lat' dir='ltr'>possent,</span> <span class='ocrx_word' id='word_1_193' title='bbox 782 2447 843 2503; x_wconf 89' lang='lat' dir='ltr'>tota</span> <span class='ocrx_word' id='word_1_194' title='bbox 859 2437 971 2501; x_wconf 81' lang='lat' dir='ltr'>auxilia</span> <span class='ocrx_word' id='word_1_195' title='bbox 985 2436 1068 2520; x_wconf 77' lang='lat' dir='ltr'>regis</span> <span class='ocrx_word' id='word_1_196' title='bbox 1083 2436 1224 2520; x_wconf 87' lang='lat' dir='ltr'>impedita</span> 
     </span>
     <span class='ocr_line' id='line_1_23' title="bbox 103 2539 1222 2625; baseline -0.003 -20"><span class='ocrx_word' id='word_1_197' title='bbox 103 2562 140 2605; x_wconf 90' lang='lat' dir='ltr'>ae</span> <span class='ocrx_word' id='word_1_198' title='bbox 154 2540 347 2625; x_wconf 71' lang='lat' dir='ltr'>perturbata,</span> <span class='ocrx_word' id='word_1_199' title='bbox 372 2541 448 2622; x_wconf 89' lang='lat' dir='ltr'>quod</span> <span class='ocrx_word' id='word_1_200' title='bbox 472 2542 552 2606; x_wconf 91' lang='lat' dir='ltr'>nullo</span> <span class='ocrx_word' id='word_1_201' title='bbox 573 2542 677 2605; x_wconf 88' lang='lat' dir='ltr'>ordine</span> <span class='ocrx_word' id='word_1_202' title='bbox 691 2553 724 2607; x_wconf 87' lang='lat' dir='ltr'>et</span> <span class='ocrx_word' id='word_1_203' title='bbox 738 2541 804 2609; x_wconf 87' lang='lat' dir='ltr'>sine</span> <span class='ocrx_word' id='word_1_204' title='bbox 820 2541 927 2609; x_wconf 86' lang='lat' dir='ltr'>timore</span> <span class='ocrx_word' id='word_1_205' title='bbox 942 2539 1000 2607; x_wconf 87' lang='lat' dir='ltr'>iter</span> <span class='ocrx_word' id='word_1_206' title='bbox 1015 2541 1168 2617; x_wconf 86' lang='lat' dir='ltr'>leoerant,</span> <span class='ocrx_word' id='word_1_207' title='bbox 1192 2540 1222 2603; x_wconf 90' lang='lat' dir='ltr'>in</span> 
     </span>
     <span class='ocr_line' id='line_1_24' title="bbox 103 2642 1223 2727; baseline 0 -22"><span class='ocrx_word' id='word_1_208' title='bbox 103 2644 202 2726; x_wconf 76' lang='lat' dir='ltr'>lugam</span> <span class='ocrx_word' id='word_1_209' title='bbox 217 2643 370 2707; x_wconf 86' lang='lat' dir='ltr'>euuieinnt</span> <span class='ocrx_word' id='word_1_210' title='bbox 385 2643 576 2727; x_wconf 87' lang='lat' dir='ltr'>equitatuque</span> <span class='ocrx_word' id='word_1_211' title='bbox 591 2644 671 2711; x_wconf 89' lang='lat' dir='ltr'>omni</span> <span class='ocrx_word' id='word_1_212' title='bbox 687 2646 750 2707; x_wconf 89' lang='lat' dir='ltr'>lere</span> <span class='ocrx_word' id='word_1_213' title='bbox 765 2643 918 2719; x_wconf 88' lang='lat' dir='ltr'>ineolumi,</span> <span class='ocrx_word' id='word_1_214' title='bbox 935 2644 1055 2724; x_wconf 80' lang='lat' dir='ltr'>quodne</span> <span class='ocrx_word' id='word_1_215' title='bbox 1066 2664 1120 2725; x_wconf 88' lang='lat' dir='ltr'>per</span> <span class='ocrx_word' id='word_1_216' title='bbox 1134 2642 1223 2705; x_wconf 90' lang='lat' dir='ltr'>litora</span> 
     </span>
     <span class='ocr_line' id='line_1_25' title="bbox 104 2742 1224 2830; baseline -0.004 -23"><span class='ocrx_word' id='word_1_217' title='bbox 104 2745 245 2809; x_wconf 89' lang='lat' dir='ltr'>eeleriter</span> <span class='ocrx_word' id='word_1_218' title='bbox 259 2745 290 2808; x_wconf 91' lang='lat' dir='ltr'>iu</span> <span class='ocrx_word' id='word_1_219' title='bbox 306 2744 443 2828; x_wconf 87' lang='lat' dir='ltr'>oppidum</span> <span class='ocrx_word' id='word_1_220' title='bbox 460 2747 592 2830; x_wconf 78' lang='lat' dir='ltr'>reecpit,</span> <span class='ocrx_word' id='word_1_221' title='bbox 610 2767 748 2830; x_wconf 81' lang='lat' dir='ltr'>magnum</span> <span class='ocrx_word' id='word_1_222' title='bbox 765 2746 895 2828; x_wconf 89' lang='lat' dir='ltr'>peditum</span> <span class='ocrx_word' id='word_1_223' title='bbox 911 2764 1064 2811; x_wconf 88' lang='lat' dir='ltr'>nnmerum</span> <span class='ocrx_word' id='word_1_224' title='bbox 1081 2742 1224 2806; x_wconf 83' lang='lat' dir='ltr'>interlici-</span> 
     </span>
     <span class='ocr_line' id='line_1_26' title="bbox 45 2840 1280 2913; baseline -0.006 -1"><span class='ocrx_word' id='word_1_225' title='bbox 45 2858 80 2912; x_wconf 79' lang='lat' dir='ltr'>2t</span> <span class='ocrx_word' id='word_1_226' title='bbox 103 2857 167 2911; x_wconf 91' lang='lat' dir='ltr'>unt.</span> <span class='ocrx_word' id='word_1_227' title='bbox 198 2844 341 2909; x_wconf 83' lang='lat' dir='ltr'>Proxima</span> <span class='ocrx_word' id='word_1_228' title='bbox 364 2858 451 2911; x_wconf 87' lang='lat' dir='ltr'>noete</span> <span class='ocrx_word' id='word_1_229' title='bbox 474 2844 667 2913; x_wconf 77' lang='lat' dir='ltr'>centuriones</span> <span class='ocrx_word' id='word_1_230' title='bbox 688 2846 786 2912; x_wconf 86' lang='lat' dir='ltr'>Marsi</span> <span class='ocrx_word' id='word_1_231' title='bbox 809 2849 867 2913; x_wconf 89' lang='lat' dir='ltr'>duo</span> <span class='ocrx_word' id='word_1_232' title='bbox 890 2867 930 2911; x_wconf 83' lang='lat' dir='ltr'>ex</span> <span class='ocrx_word' id='word_1_233' title='bbox 951 2843 1060 2907; x_wconf 85' lang='lat' dir='ltr'>eastris</span> <span class='ocrx_word' id='word_1_234' title='bbox 1081 2840 1224 2906; x_wconf 87' lang='lat' dir='ltr'>Curionis</span> <span class='ocrx_word' id='word_1_235' title='bbox 1238 2842 1280 2911; x_wconf 71' lang='lat'>27</span> 
     </span>
     <span class='ocr_line' id='line_1_27' title="bbox 104 2941 1260 3032; baseline -0.008 -19"><span class='ocrx_word' id='word_1_236' title='bbox 104 2970 171 3013; x_wconf 84' lang='lat' dir='ltr'>euru</span> <span class='ocrx_word' id='word_1_237' title='bbox 186 2948 422 3032; x_wconf 81' lang='lat' dir='ltr'>manipularibus</span> <span class='ocrx_word' id='word_1_238' title='bbox 444 2950 508 3013; x_wconf 85' lang='lat' dir='ltr'>suis</span> <span class='ocrx_word' id='word_1_239' title='bbox 529 2961 605 3013; x_wconf 79' lang='lat' dir='ltr'>xxtt</span> <span class='ocrx_word' id='word_1_240' title='bbox 626 2951 663 3013; x_wconf 87' lang='lat' dir='ltr'>ad</span> <span class='ocrx_word' id='word_1_241' title='bbox 685 2950 802 3013; x_wconf 83' lang='lat' dir='ltr'>Attium</span> <span class='ocrx_word' id='word_1_242' title='bbox 818 2948 932 3012; x_wconf 86' lang='lat' dir='ltr'>Varum</span> <span class='ocrx_word' id='word_1_243' title='bbox 956 2945 1138 3029; x_wconf 76' lang='lat' dir='ltr'>perfugiunt.</span> <span class='ocrx_word' id='word_1_244' title='bbox 1172 2941 1222 3021; x_wconf 83' lang='lat' dir='ltr'>lli,</span> <span class='ocrx_word' id='word_1_245' title='bbox 1238 2942 1260 3005; x_wconf 83' lang='lat'>2</span> 
     </span>
     <span class='ocr_line' id='line_1_28' title="bbox 104 3044 1225 3136; baseline -0.002 -21"><span class='ocrx_word' id='word_1_246' title='bbox 104 3051 170 3117; x_wconf 88' lang='lat' dir='ltr'>siue</span> <span class='ocrx_word' id='word_1_247' title='bbox 186 3071 256 3116; x_wconf 88' lang='lat' dir='ltr'>uere</span> <span class='ocrx_word' id='word_1_248' title='bbox 266 3071 354 3133; x_wconf 88' lang='lat' dir='ltr'>qnam</span> <span class='ocrx_word' id='word_1_249' title='bbox 370 3051 537 3117; x_wconf 87' lang='lat' dir='ltr'>babuerunt</span> <span class='ocrx_word' id='word_1_250' title='bbox 551 3052 720 3136; x_wconf 88' lang='lat' dir='ltr'>opinionem</span> <span class='ocrx_word' id='word_1_251' title='bbox 735 3053 772 3116; x_wconf 86' lang='lat' dir='ltr'>ad</span> <span class='ocrx_word' id='word_1_252' title='bbox 788 3072 855 3114; x_wconf 88' lang='lat' dir='ltr'>eum</span> <span class='ocrx_word' id='word_1_253' title='bbox 872 3050 1037 3132; x_wconf 86' lang='lat' dir='ltr'>perierunt,</span> <span class='ocrx_word' id='word_1_254' title='bbox 1054 3046 1120 3113; x_wconf 85' lang='lat' dir='ltr'>siue</span> <span class='ocrx_word' id='word_1_255' title='bbox 1135 3044 1225 3113; x_wconf 85' lang='lat' dir='ltr'>etiam</span> 
     </span>
     <span class='ocr_line' id='line_1_29' title="bbox 106 3147 1225 3238; baseline -0.004 -23"><span class='ocrx_word' id='word_1_256' title='bbox 106 3152 228 3215; x_wconf 85' lang='lat' dir='ltr'>auribus</span> <span class='ocrx_word' id='word_1_257' title='bbox 241 3151 318 3218; x_wconf 86' lang='lat' dir='ltr'>Vari</span> <span class='ocrx_word' id='word_1_258' title='bbox 333 3154 470 3219; x_wconf 86' lang='lat' dir='ltr'>seruiunt</span> <span class='ocrx_word' id='word_1_259' title='bbox 491 3158 598 3238; x_wconf 86' lang='lat' dir='ltr'>(nam,</span> <span class='ocrx_word' id='word_1_260' title='bbox 625 3175 701 3237; x_wconf 90' lang='lat' dir='ltr'>quae</span> <span class='ocrx_word' id='word_1_261' title='bbox 716 3153 871 3230; x_wconf 89' lang='lat' dir='ltr'>uolumus,</span> <span class='ocrx_word' id='word_1_262' title='bbox 889 3160 920 3214; x_wconf 90' lang='lat' dir='ltr'>et</span> <span class='ocrx_word' id='word_1_263' title='bbox 934 3151 1081 3214; x_wconf 87' lang='lat' dir='ltr'>eredimus</span> <span class='ocrx_word' id='word_1_264' title='bbox 1098 3147 1225 3212; x_wconf 87' lang='lat' dir='ltr'>libenter</span> 
     </span>
    </p>
   </div>
   <div class='ocr_carea' id='block_1_3' title="bbox 104 3406 1228 4326">
    <p class='ocr_par' dir='ltr' id='par_1_3' title="bbox 104 3406 1228 4326">
     <span class='ocr_line' id='line_1_30' title="bbox 215 3406 1227 3479; baseline -0.009 -18"><span class='ocrx_word' id='word_1_265' title='bbox 215 3410 231 3461; x_wconf 86' lang='grc'><strong>7</strong></span> <span class='ocrx_word' id='word_1_266' title='bbox 244 3426 258 3461; x_wconf 91' lang='lat' dir='ltr'>e</span> <span class='ocrx_word' id='word_1_267' title='bbox 272 3413 382 3476; x_wconf 65' lang='lat' dir='ltr'>uestigio</span> <span class='ocrx_word' id='word_1_268' title='bbox 396 3414 443 3478; x_wconf 89' lang='lat' dir='ltr'>(o),</span> <span class='ocrx_word' id='word_1_269' title='bbox 459 3430 491 3464; x_wconf 80' lang='lat' dir='ltr'>ex</span> <span class='ocrx_word' id='word_1_270' title='bbox 504 3416 616 3479; x_wconf 74' lang='lat' dir='ltr'>uestigio</span> <span class='ocrx_word' id='word_1_271' title='bbox 630 3432 690 3465; x_wconf 85' lang='lat' dir='ltr'>eum</span> <span class='ocrx_word' id='word_1_272' title='bbox 706 3414 788 3465; x_wconf 71' lang='lat' dir='ltr'>‘mre&#39;</span> <span class='ocrx_word' id='word_1_273' title='bbox 800 3430 827 3464; x_wconf 82' lang='lat' dir='ltr'>u.</span> <span class='ocrx_word' id='word_1_274' title='bbox 985 3412 1001 3464; x_wconf 87' lang='grc'><strong>8</strong></span> <span class='ocrx_word' id='word_1_275' title='bbox 1015 3406 1227 3465; x_wconf 80' lang='lat' dir='ltr'>uelu,direnisset</span> 
     </span>
     <span class='ocr_line' id='line_1_31' title="bbox 106 3482 1225 3551; baseline -0.005 -16"><span class='ocrx_word' id='word_1_276' title='bbox 106 3484 279 3551; x_wconf 78' lang='lat' dir='ltr'>Stepbantrr5</span> <span class='ocrx_word' id='word_1_277' title='bbox 293 3488 352 3539; x_wconf 83' lang='lat' dir='ltr'>uela</span> <span class='ocrx_word' id='word_1_278' title='bbox 366 3490 485 3541; x_wconf 79' lang='lat' dir='ltr'>duxisset</span> <span class='ocrx_word' id='word_1_279' title='bbox 498 3492 571 3541; x_wconf 62' lang='lat' dir='ltr'>‘ruas</span> <span class='ocrx_word' id='word_1_280' title='bbox 585 3489 619 3551; x_wconf 72' lang='lat' dir='ltr'>t&#39;.</span> <span class='ocrx_word' id='word_1_281' title='bbox 633 3491 795 3541; x_wconf 78' lang='lat' dir='ltr'>traduxisset</span> <span class='ocrx_word' id='word_1_282' title='bbox 807 3490 879 3539; x_wconf 84' lang='lat' dir='ltr'>abr.</span> <span class='ocrx_word' id='word_1_283' title='bbox 985 3488 1000 3539; x_wconf 78' lang='grc'><strong>9</strong></span> <span class='ocrx_word' id='word_1_284' title='bbox 1015 3483 1134 3536; x_wconf 84' lang='lat' dir='ltr'>anchoris</span> <span class='ocrx_word' id='word_1_285' title='bbox 1148 3482 1187 3546; x_wconf 88' lang='lat' dir='ltr'>(o)</span> <span class='ocrx_word' id='word_1_286' title='bbox 1198 3498 1225 3530; x_wconf 85' lang='lat' dir='ltr'>u.</span> 
     </span>
     <span class='ocr_line' id='line_1_32' title="bbox 216 3560 1227 3635; baseline -0.007 -19"><span class='ocrx_word' id='word_1_287' title='bbox 216 3566 377 3633; x_wconf 87' lang='lat' dir='ltr'>reliquerunt</span> <span class='ocrx_word' id='word_1_288' title='bbox 391 3570 415 3617; x_wconf 90' lang='lat' dir='ltr'>b.</span> <span class='ocrx_word' id='word_1_289' title='bbox 523 3569 554 3621; x_wconf 84' lang='lat'>10</span> <span class='ocrx_word' id='word_1_290' title='bbox 568 3570 678 3635; x_wconf 87' lang='lat' dir='ltr'>repleuit</span> <span class='ocrx_word' id='word_1_291' title='bbox 692 3570 717 3619; x_wconf 89' lang='lat' dir='ltr'>b.</span> <span class='ocrx_word' id='word_1_292' title='bbox 826 3569 857 3621; x_wconf 79' lang='lat'>¹2</span> <span class='ocrx_word' id='word_1_293' title='bbox 870 3566 964 3633; x_wconf 83' lang='lat' dir='ltr'>recipit</span> <span class='ocrx_word' id='word_1_294' title='bbox 976 3583 993 3615; x_wconf 83' lang='lat' dir='ltr'>a</span> <span class='ocrx_word' id='word_1_295' title='bbox 1006 3566 1021 3617; x_wconf 80' lang='lat'>3</span> <span class='ocrx_word' id='word_1_296' title='bbox 1032 3564 1112 3625; x_wconf 72' lang='lat' dir='ltr'>cteta,</span> <span class='ocrx_word' id='word_1_297' title='bbox 1128 3560 1227 3625; x_wconf 89' lang='lat' dir='ltr'>recepit</span> 
     </span>
     <span class='ocr_line' id='line_1_33' title="bbox 107 3639 1226 3707; baseline 0.001 -18"><span class='ocrx_word' id='word_1_298' title='bbox 107 3640 225 3692; x_wconf 81' lang='lat' dir='ltr'>‘ceteri&#39;.</span> <span class='ocrx_word' id='word_1_299' title='bbox 333 3644 363 3693; x_wconf 82' lang='grc'>13</span> <span class='ocrx_word' id='word_1_300' title='bbox 378 3645 520 3695; x_wconf 73' lang='lat' dir='ltr'>exereitum</span> <span class='ocrx_word' id='word_1_301' title='bbox 533 3643 634 3696; x_wconf 82' lang='lat' dir='ltr'>Vticam</span> <span class='ocrx_word' id='word_1_302' title='bbox 647 3662 673 3707; x_wconf 84' lang='lat' dir='ltr'>o,</span> <span class='ocrx_word' id='word_1_303' title='bbox 688 3642 789 3694; x_wconf 83' lang='lat' dir='ltr'>Vticam</span> <span class='ocrx_word' id='word_1_304' title='bbox 803 3645 947 3695; x_wconf 82' lang='lat' dir='ltr'>exereitum</span> <span class='ocrx_word' id='word_1_305' title='bbox 960 3641 1021 3692; x_wconf 85' lang='lat' dir='ltr'>edd.</span> <span class='ocrx_word' id='word_1_306' title='bbox 1129 3639 1226 3703; x_wconf 82' lang='lat' dir='ltr'>t5per-</span> 
     </span>
     <span class='ocr_line' id='line_1_34' title="bbox 104 3719 1117 3788; baseline -0.007 -17"><span class='ocrx_word' id='word_1_307' title='bbox 104 3719 197 3771; x_wconf 82' lang='lat' dir='ltr'>uenire</span> <span class='ocrx_word' id='word_1_308' title='bbox 210 3720 298 3772; x_wconf 83' lang='lat' dir='ltr'>eodem</span> <span class='ocrx_word' id='word_1_309' title='bbox 314 3730 428 3788; x_wconf 86' lang='lat' dir='ltr'>tempore</span> <span class='ocrx_word' id='word_1_310' title='bbox 443 3723 467 3773; x_wconf 89' lang='lat' dir='ltr'>b.</span> <span class='ocrx_word' id='word_1_311' title='bbox 598 3725 629 3774; x_wconf 86' lang='lat' dir='ltr'>lb</span> <span class='ocrx_word' id='word_1_312' title='bbox 643 3722 782 3785; x_wconf 67' lang='lat' dir='ltr'>uertigine</span> <span class='ocrx_word' id='word_1_313' title='bbox 797 3725 861 3773; x_wconf 87' lang='lat' dir='ltr'>‘mei</span> <span class='ocrx_word' id='word_1_314' title='bbox 873 3721 923 3784; x_wconf 85' lang='lat' dir='ltr'>to’,</span> <span class='ocrx_word' id='word_1_315' title='bbox 937 3737 951 3771; x_wconf 96' lang='lat' dir='ltr'>e</span> <span class='ocrx_word' id='word_1_316' title='bbox 965 3719 1076 3781; x_wconf 65' lang='lat' dir='ltr'>uestigio</span> <span class='ocrx_word' id='word_1_317' title='bbox 1089 3732 1117 3765; x_wconf 82' lang='lat' dir='ltr'>n.</span> 
     </span>
     <span class='ocr_line' id='line_1_35' title="bbox 105 3792 1227 3865; baseline 0.004 -16"><span class='ocrx_word' id='word_1_318' title='bbox 105 3798 140 3849; x_wconf 70' lang='lat'>²⁰</span> <span class='ocrx_word' id='word_1_319' title='bbox 153 3797 306 3863; x_wconf 84' lang='lat' dir='ltr'>equitesque</span> <span class='ocrx_word' id='word_1_320' title='bbox 318 3815 355 3847; x_wconf 84' lang='lat' dir='ltr'>oe</span> <span class='ocrx_word' id='word_1_321' title='bbox 371 3800 443 3849; x_wconf 70' lang='lat' dir='ltr'>‘mse</span> <span class='ocrx_word' id='word_1_322' title='bbox 458 3798 568 3862; x_wconf 80' lang='lat' dir='ltr'>omner&#39;,</span> <span class='ocrx_word' id='word_1_323' title='bbox 582 3799 685 3865; x_wconf 84' lang='lat' dir='ltr'>equites</span> <span class='ocrx_word' id='word_1_324' title='bbox 698 3800 823 3863; x_wconf 74' lang='lat' dir='ltr'>Scaliger</span> <span class='ocrx_word' id='word_1_325' title='bbox 835 3816 862 3851; x_wconf 83' lang='lat' dir='ltr'>u.</span> <span class='ocrx_word' id='word_1_326' title='bbox 981 3792 1227 3859; x_wconf 65' lang='lat' dir='ltr'>leglssnessvrfttm</span> 
     </span>
     <span class='ocr_line' id='line_1_36' title="bbox 104 3872 1227 3942; baseline -0.002 -19"><span class='ocrx_word' id='word_1_327' title='bbox 104 3877 242 3938; x_wconf 81' lang='lat' dir='ltr'>magistro</span> <span class='ocrx_word' id='word_1_328' title='bbox 263 3876 409 3941; x_wconf 82' lang='lat' dir='ltr'>debentur,</span> <span class='ocrx_word' id='word_1_329' title='bbox 430 3893 489 3926; x_wconf 81' lang='lat' dir='ltr'>eum</span> <span class='ocrx_word' id='word_1_330' title='bbox 509 3877 648 3942; x_wconf 71' lang='lat' dir='ltr'>euplii-ori</span> <span class='ocrx_word' id='word_1_331' title='bbox 665 3881 755 3927; x_wconf 77' lang='lat' dir='ltr'>minare</span> <span class='ocrx_word' id='word_1_332' title='bbox 774 3872 1092 3941; x_wconf 80' lang='lat' dir='ltr'>optedr‘eouturmilitea</span> <span class='ocrx_word' id='word_1_333' title='bbox 1107 3876 1227 3939; x_wconf 82' lang='lat' dir='ltr'>inopere</span> 
     </span>
     <span class='ocr_line' id='line_1_37' title="bbox 105 3949 1228 4019; baseline -0.001 -19"><span class='ocrx_word' id='word_1_334' title='bbox 105 3949 234 4015; x_wconf 75' lang='lat' dir='ltr'>dispersi,</span> <span class='ocrx_word' id='word_1_335' title='bbox 248 3956 391 4017; x_wconf 78' lang='lat' dir='ltr'>aptissime</span> <span class='ocrx_word' id='word_1_336' title='bbox 399 3954 593 4019; x_wconf 83' lang='lat' dir='ltr'>perturbatum</span> <span class='ocrx_word' id='word_1_337' title='bbox 606 3953 778 4003; x_wconf 73' lang='lat' dir='ltr'>oramiiiurum</span> <span class='ocrx_word' id='word_1_338' title='bbox 789 3957 927 4017; x_wconf 79' lang='lat' dir='ltr'>regiorum</span> <span class='ocrx_word' id='word_1_339' title='bbox 941 3965 1047 4015; x_wconf 73' lang='lat' dir='ltr'>agmen.</span> <span class='ocrx_word' id='word_1_340' title='bbox 1121 3953 1153 4005; x_wconf 82' lang='grc'>23</span> <span class='ocrx_word' id='word_1_341' title='bbox 1167 3968 1228 4000; x_wconf 81' lang='lat' dir='ltr'>eon·</span> 
     </span>
     <span class='ocr_line' id='line_1_38' title="bbox 105 4026 1099 4094; baseline 0.001 -18"><span class='ocrx_word' id='word_1_342' title='bbox 105 4026 190 4077; x_wconf 82' lang='lat' dir='ltr'>iniunt</span> <span class='ocrx_word' id='word_1_343' title='bbox 200 4028 405 4094; x_wconf 73' lang='lat' dir='ltr'>Biberlr&#39;rgius5</span> <span class='ocrx_word' id='word_1_344' title='bbox 420 4030 552 4079; x_wconf 80' lang='lat' dir='ltr'>coniciunt</span> <span class='ocrx_word' id='word_1_345' title='bbox 565 4046 593 4079; x_wconf 84' lang='lat' dir='ltr'>ne</span> <span class='ocrx_word' id='word_1_346' title='bbox 607 4046 623 4079; x_wconf 88' lang='lat' dir='ltr'>a</span> <span class='ocrx_word' id='word_1_347' title='bbox 636 4029 695 4094; x_wconf 84' lang='lat' dir='ltr'>(red</span> <span class='ocrx_word' id='word_1_348' title='bbox 707 4028 796 4091; x_wconf 72' lang='lat' dir='ltr'>noim),</span> <span class='ocrx_word' id='word_1_349' title='bbox 809 4045 837 4079; x_wconf 87' lang='lat' dir='ltr'>se</span> <span class='ocrx_word' id='word_1_350' title='bbox 846 4027 977 4077; x_wconf 84' lang='lat' dir='ltr'>coniciunt</span> <span class='ocrx_word' id='word_1_351' title='bbox 990 4026 1099 4093; x_wconf 79' lang='lat' dir='ltr'>reliqui.</span> 
     </span>
     <span class='ocr_line' id='line_1_39' title="bbox 106 4104 1227 4175; baseline 0 -22"><span class='ocrx_word' id='word_1_352' title='bbox 106 4104 174 4175; x_wconf 90' lang='lat' dir='ltr'>quod</span> <span class='ocrx_word' id='word_1_353' title='bbox 188 4120 292 4172; x_wconf 81' lang='lat' dir='ltr'>semper</span> <span class='ocrx_word' id='word_1_354' title='bbox 306 4107 393 4156; x_wconf 84' lang='lat' dir='ltr'>littere</span> <span class='ocrx_word' id='word_1_355' title='bbox 408 4122 467 4156; x_wconf 75' lang='lat' dir='ltr'>erran</span> <span class='ocrx_word' id='word_1_356' title='bbox 480 4112 665 4171; x_wconf 77' lang='lat' dir='ltr'>ooopertus.</span> <span class='ocrx_word' id='word_1_357' title='bbox 769 4106 803 4159; x_wconf 76' lang='lat' dir='ltr'>at</span> <span class='ocrx_word' id='word_1_358' title='bbox 817 4105 909 4171; x_wconf 86' lang='lat' dir='ltr'>recipit</span> <span class='ocrx_word' id='word_1_359' title='bbox 921 4119 947 4154; x_wconf 85' lang='lat' dir='ltr'>u.</span> <span class='ocrx_word' id='word_1_360' title='bbox 1068 4104 1227 4157; x_wconf 76' lang='lat' dir='ltr'>interficiun-</span> 
     </span>
     <span class='ocr_line' id='line_1_40' title="bbox 105 4182 1226 4245; baseline 0.003 -15"><span class='ocrx_word' id='word_1_361' title='bbox 105 4187 189 4230; x_wconf 85' lang='lat' dir='ltr'>tura.</span> <span class='ocrx_word' id='word_1_362' title='bbox 296 4184 329 4235; x_wconf 81' lang='lat'>25</span> <span class='ocrx_word' id='word_1_363' title='bbox 344 4182 477 4245; x_wconf 86' lang='lat' dir='ltr'>Curionis]</span> <span class='ocrx_word' id='word_1_364' title='bbox 490 4184 648 4235; x_wconf 81' lang='lat' dir='ltr'>centurionis</span> <span class='ocrx_word' id='word_1_365' title='bbox 663 4183 688 4232; x_wconf 86' lang='lat' dir='ltr'>b.</span> <span class='ocrx_word' id='word_1_366' title='bbox 807 4184 965 4239; x_wconf 68' lang='lat' dir='ltr'>lettieum</span> <span class='ocrx_word' id='word_1_367' title='bbox 978 4199 1005 4234; x_wconf 83' lang='lat' dir='ltr'>a.</span> <span class='ocrx_word' id='word_1_368' title='bbox 1123 4183 1226 4235; x_wconf 81' lang='lat' dir='ltr'>2lniue</span> 
     </span>
     <span class='ocr_line' id='line_1_41' title="bbox 106 4258 946 4326; baseline 0.005 -21"><span class='ocrx_word' id='word_1_369' title='bbox 106 4271 170 4307; x_wconf 87' lang='lat' dir='ltr'>uere</span> <span class='ocrx_word' id='word_1_370' title='bbox 181 4273 199 4307; x_wconf 87' lang='lat' dir='ltr'>o</span> <span class='ocrx_word' id='word_1_371' title='bbox 213 4258 288 4309; x_wconf 71' lang='lat' dir='ltr'>‘utrm</span> <span class='ocrx_word' id='word_1_372' title='bbox 303 4259 337 4324; x_wconf 74' lang='grc' dir='ltr'>θ’,</span> <span class='ocrx_word' id='word_1_373' title='bbox 352 4276 398 4310; x_wconf 85' lang='lat' dir='ltr'>seu</span> <span class='ocrx_word' id='word_1_374' title='bbox 413 4275 473 4310; x_wconf 87' lang='lat' dir='ltr'>uere</span> <span class='ocrx_word' id='word_1_375' title='bbox 486 4277 514 4311; x_wconf 81' lang='lat' dir='ltr'>u.</span> <span class='ocrx_word' id='word_1_376' title='bbox 619 4260 653 4316; x_wconf 77' lang='grc'>28</span> <span class='ocrx_word' id='word_1_377' title='bbox 667 4273 775 4326; x_wconf 85' lang='lat' dir='ltr'>nemque</span> <span class='ocrx_word' id='word_1_378' title='bbox 788 4261 908 4312; x_wconf 82' lang='lat' dir='ltr'>uolumus</span> <span class='ocrx_word' id='word_1_379' title='bbox 919 4276 946 4310; x_wconf 83' lang='lat' dir='ltr'>a.</span> 
     </span>
    </p>
   </div>
   <div class='ocr_carea' id='block_1_4' title="bbox 0 0 1354 4688">
    <p class='ocr_par' dir='ltr' id='par_1_4' title="bbox 0 0 1354 4688">
     <span class='ocr_line' id='line_1_42' title="bbox 0 0 1354 4688; baseline 0 0"><span class='ocrx_word' id='word_1_380' title='bbox 0 0 1354 4688; x_wconf 95' lang='lat' dir='ltr'> </span> 
     </span>
    </p>
   </div>
  </div>
 </body>
</html>
