2692 4688
480 195 621 266 Coldbl.
638 197 654 263 Ι
682 195 777 266 CAP.
792 194 905 266 2-8.
1244 200 1309 269 257

130 372 161 438 di
177 373 276 457 onpidi
291 391 400 454 magno
416 371 519 436 dolore
534 372 758 437 adliciebantur.
796 371 858 437 Pro
877 371 1063 436 multitudine
1078 381 1176 436 autem
1199 373 1252 438 bo·
1268 382 1287 440 o

130 477 243 540 atinum
264 486 297 539 et
318 496 371 558 pro
393 475 490 558 gloria
504 475 573 539 belli
590 485 679 557 atque
694 474 877 538 fortitudinis
892 487 1036 559 angustos
1052 495 1087 541 se
1107 476 1175 539 bnis
1198 475 1250 540 ba·
1313 543 1315 547 ,

133 579 208 644 bere
227 578 471 656 arbitrabantur,
495 576 595 660 quiin
619 576 834 662 longitudinem
857 578 939 642 milia
961 598 1101 660 passuum
1117 588 1206 642 ccxl.
1220 580 1252 644 io

132 681 319 746 latitudinem
355 690 475 742 ctxxx
501 679 654 764 patebant.
701 677 756 742 llis
785 679 875 742 rebus
905 678 1024 745 adduoti
1061 689 1092 743 et
1121 682 1288 754 auctori-8

92 798 114 847 tt
135 795 199 849 tata
211 781 404 866 Orgetorigis
420 783 545 866 permoti
561 783 780 845 constituerunt
794 803 842 860 ea,
866 803 942 865 quae
956 782 994 846 ad
1008 780 1254 867 proboisoendnm

134 886 336 972 pertinerent,
354 905 540 969 comparare,
557 885 755 947 iumentorum
770 894 802 947 et
816 905 968 947 carrorum
985 906 1072 968 quam
1092 887 1255 951 maximum

132 1009 289 1053 nnmerum
305 994 461 1065 oodmere,
479 997 630 1050 sementes
646 1007 734 1069 quam
749 987 896 1050 maximas
913 988 1029 1061 laeana,
1051 997 1086 1050 at
1100 988 1131 1050 in
1145 987 1255 1053 itinere

132 1092 220 1176 oopia
237 1090 379 1154 frumenti
394 1098 577 1174 suppeteret,
595 1110 661 1152 eum
678 1089 822 1173 proximis
835 1089 1005 1152 ciuitatibus
1021 1110 1124 1174 paoem
1136 1100 1167 1154 et
1184 1092 1256 1154 ami-

135 1194 236 1258 eitiam
259 1194 449 1257 oontirmare.
489 1190 537 1254 Ad
560 1212 612 1255 eas
635 1212 685 1255 res
705 1191 907 1254 conficiendas
930 1190 1082 1255 biennium
1103 1192 1161 1255 sibi
1181 1193 1292 1260 satiat

79 1307 114 1360 to
136 1315 206 1361 asae
228 1295 400 1358 duxerunt:
424 1295 454 1357 in
478 1294 597 1357 tertium
618 1315 729 1357 annum
749 1293 962 1375 protectionem
978 1292 1044 1376 lege
1067 1295 1254 1360 oondrmant.

134 1396 185 1461 Ad
206 1418 259 1462 eas
281 1418 333 1461 ras
355 1396 555 1460 eonbeiendas
571 1391 739 1478 Orgetorix
761 1395 912 1480 deligitur.
951 1393 983 1459 ls
998 1397 1054 1460 sibi
1076 1397 1290 1482 legationemtt

132 1501 174 1564 ad
188 1500 327 1564 ciuitates
342 1499 486 1582 suscepit.
519 1496 554 1560 lo
570 1519 607 1562 eo
622 1498 731 1561 iduare
746 1497 904 1580 persuadet
925 1495 1068 1578 Castico,
1093 1495 1291 1566 calomen-⁴

135 1603 264 1666 taloetlis
286 1601 365 1678 lilio,
390 1597 548 1683 Sequano,
572 1601 655 1665 onius
675 1611 762 1684 pater
780 1619 907 1682 regnum
928 1599 960 1663 in
976 1597 1125 1685 Sequanis
1148 1601 1256 1668 multos

136 1724 234 1768 annos
257 1703 430 1786 optinuerat
459 1714 526 1766 eta
550 1714 657 1767 senatu
677 1702 775 1786 popnli
797 1701 926 1767 Romani
947 1705 1061 1768 amiens
1090 1704 1257 1788 appellatus

85 1818 115 1870 tt
136 1817 212 1884 mat,
229 1817 264 1869 nt
279 1825 403 1890 reguum
418 1803 450 1867 in
466 1804 587 1868 oiuitate
602 1825 659 1868 sua
673 1815 846 1888 oocuparet,
870 1805 948 1887 qnod
963 1816 1049 1889 pater
1063 1815 1133 1869 ante
1147 1805 1258 1869 babue-

137 1919 204 1989 rat,
220 1908 349 1990 itemque
365 1904 543 1989 Dumnorigi
560 1905 704 1982 Haeduo,
722 1907 807 1970 fratri
821 1904 983 1986 Diuitiaoi,
1008 1909 1058 1992 qui
1073 1929 1110 1973 eo
1125 1919 1258 1994 tempore
1275 1917 1293 1974 5

136 2009 337 2096 principatum
357 2009 389 2073 in
409 2009 532 2073 ciuitate
551 2007 704 2092 optinebat
721 2030 757 2070 ao
780 2008 910 2072 maxime
925 2008 1000 2093 plebi
1016 2021 1155 2095 aceeptus
1178 2022 1257 2089 erut,

140 2110 270 2176 ntidenr
285 2122 459 2189 oonamtnr,
486 2111 645 2195 persuadet
664 2110 752 2192 eique
775 2109 864 2172 filiam
887 2130 971 2173 snam
987 2111 1018 2174 in
1039 2113 1261 2177 matrimonium

140 2214 204 2279 dat.
237 2209 387 2277 Perfacile
408 2215 488 2277 laetu
503 2234 574 2278 esse
589 2212 648 2276 illis
670 2211 775 2293 probat
790 2220 896 2274 oonata
911 2211 1073 2294 pertinere,
1103 2225 1261 2297 propterea
1277 2221 1295 2280 6

88 2325 122 2380 tt
141 2315 222 2400 qnod
236 2315 302 2399 ipse
315 2336 389 2379 anae
403 2316 535 2378 eioitatis
558 2315 713 2399 imperinm
729 2323 906 2397 optenturns
921 2324 1021 2376 esset=
1044 2334 1104 2378 nou
1120 2334 1188 2378 essa
1208 2315 1261 2379 du·
1277 2324 1297 2382 7

139 2417 234 2495 bium,
250 2418 320 2500 qnia
335 2419 428 2482 totius
436 2415 553 2482 Galliae
569 2418 724 2502 plurimum
740 2415 872 2481 Heluetii
890 2426 1029 2499 posseut3
1047 2437 1081 2481 se
1096 2417 1261 2503 suisoopiis

141 2539 259 2603 suoque
273 2520 410 2585 exercitu
424 2520 484 2584 illis
498 2541 591 2605 regna
607 2521 833 2584 conciliaturum
848 2518 1014 2582 oonlirmat.
1045 2517 1112 2586 ldae
1124 2522 1262 2588 oratione
1275 2520 1297 2589 8

140 2622 259 2686 adducti
274 2622 355 2686 inter
371 2642 405 2684 se
420 2621 506 2685 fidem
522 2634 554 2686 et
568 2622 772 2686 iusiurandum
787 2621 859 2685 daut
872 2630 902 2685 et
923 2641 1018 2703 regno
1041 2637 1187 2711 oooopato
1207 2646 1262 2710 per

144 2734 204 2789 tres
220 2725 444 2809 potentissimos
459 2745 495 2788 ao
510 2723 695 2788 firmissimos
710 2723 834 2811 populos
849 2724 940 2786 totins
954 2720 1073 2789 Galbae
1087 2747 1156 2791 sese
1171 2727 1261 2810 potiri

223 2952 551 3004 iaddeiebantorABO·
663 2947 848 3019 autom]enim
861 2952 1001 3018 maomf.
1112 2948 1263 3005 2lortitndi

146 3030 454 3097 eta'ntorsarwsniss.
560 3029 619 3080 dois
631 3045 719 3094 emper.
733 3032 768 3081 A.
873 3028 1112 3093 dloogitndinad'.
1209 3026 1263 3076 mil‘

146 3106 206 3171 AB,
220 3107 293 3157 mille
304 3107 423 3173 Dlljet
433 3122 555 3172 supraae.
571 3107 596 3156 ia
610 3107 645 3169 0,
665 3105 769 3159 milibus
783 3107 808 3177 b.
911 3106 1080 3157 ducentorum
1094 3104 1265 3171 qnadraginta

148 3185 211 3237 bs.
328 3187 453 3237 ttitstt.
569 3185 783 3252 bprofloiendnm
795 3184 1026 3251 E,perfloiendnnt
1040 3186 1074 3235 1).
1196 3184 1266 3235 laa-

147 3262 478 3328 neotlsnntooorr.j.·
542 3262 605 3313 llot
623 3261 652 3313 11
671 3260 987 3330 reodda'tam.pr.sA.
1104 3260 1265 3315 dbianaiom

147 3354 197 3391 aas.
206 3341 237 3393 C.
381 3341 411 3394 to
423 3341 547 3394 dixerunt
562 3344 683 3407 asora'pto
696 3355 732 3390 m.
744 3355 788 3406 pr.
800 3340 932 3391 duxerunt
953 3341 974 3391 C
987 3344 1013 3391 et
1025 3358 1083 3392 rom
1096 3359 1112 3392 n
1124 3355 1207 3406 anper
1219 3341 1263 3405 is.

252 3420 360 3470 tertiam
373 3434 483 3471 annuam
498 3421 528 3482 0,
541 3423 621 3471 tertio
634 3419 738 3485 annos.
846 3419 873 3470 11
891 3435 932 3469 res
946 3421 1136 3471 confirmandus
1150 3420 1174 3470 b.

146 3493 275 3561 delegitur
284 3497 315 3562 s,
337 3499 442 3561 eligitur
459 3514 496 3548 or.
508 3513 560 3547 aar.
570 3498 603 3559 B,
623 3496 752 3560 deripitur
772 3495 796 3544 b.
910 3495 932 3544 is
955 3495 990 3545 ibi
1012 3495 1077 3559 (aad
1089 3501 1118 3547 a'n
1132 3496 1264 3562 tapseriore

147 3588 233 3641 norff.
252 3575 274 3626 ia
288 3576 351 3639 sibi)
364 3578 403 3640 B,
423 3577 445 3628 is
459 3577 502 3627 nbi
518 3576 611 3627 ΟΜ.
718 3575 750 3627 tt
763 3572 1000 3624 Catamantaloedis
1012 3575 1109 3640 Bne,
1128 3575 1265 3626 Cataman-

148 3651 275 3702 talobedia
294 3652 335 3716 A,
361 3652 606 3704 Catamaodoloedis
626 3650 661 3713 C,
689 3646 926 3700 Catamantaloedis
935 3651 965 3715 j.
1072 3652 1101 3703 11
1116 3651 1266 3719 optinuerat

148 3728 241 3781 abc.
375 3731 407 3780 ab
413 3731 443 3796 s.
570 3735 663 3781 senatu
683 3726 768 3793 pupuli
789 3726 897 3777 Romani
916 3726 1170 3794 Anabatenos,
1195 3727 1222 3779 S.
1237 3728 1266 3780 P.

148 3801 176 3855 P.
190 3803 223 3871 Q.
244 3803 275 3856 li.
295 3822 324 3856 u.
448 3806 481 3860 lb
500 3806 624 3857 ‘Haeduo
649 3803 696 3854 uel
717 3801 806 3854 dedeo
830 3819 895 3854 mer.
911 3805 956 3854 bio
976 3808 1004 3855 at
1028 3805 1127 3871 a‘nsra’.
1161 3804 1266 3856 llaadno

149 3880 173 3931 A
181 3881 311 3948 CDset,
330 3885 388 3934 ndat
404 3882 488 3934 alitor
504 3885 640 3950 referam,
660 3894 765 3946 sempor
776 3880 799 3930 B
807 3898 816 3942 ,·
833 3880 923 3931 Aedno
935 3881 960 3933 Ε
972 3885 1000 3932 ot
1012 3897 1118 3948 sempor
1129 3899 1157 3934 u.

150 3956 276 4011 binioiool
296 3961 336 4027 A,
358 3960 483 4013 Diuieiati
506 3964 538 4014 C.
709 3959 742 4012 17
765 3960 790 4009 in
816 3960 925 4012 oioitate
944 3964 973 4012 a'n
997 3977 1087 4029 marg.
1106 3963 1264 4029 supplots.

251 4037 385 4105 optinebat
402 4037 470 4090 AB.
577 4036 607 4087 ts
622 4033 700 4087 tacite
720 4034 754 4087 ll'.
860 4035 956 4090 iaotnm
971 4039 1005 4103 0,
1026 4038 1152 4107 laetobs.

151 4110 202 4165 iltis
221 4113 329 4164 usos.
421 4111 746 4177 nomaoomopnb.
817 4121 970 4181 optenturns
990 4115 1025 4166 A.
1095 4118 1126 4169 21
1149 4118 1211 4168 tutis
1232 4117 1266 4165 A.

216 4192 469 4245 ”consiliatorum
486 4193 519 4243 Ε.
621 4189 682 4256 bae]
702 4205 733 4241 ao
751 4206 874 4257 nupsero.
888 4208 925 4243 m.
939 4210 991 4245 aee.
1009 4195 1070 4247 bB.
1175 4195 1209 4245 nt
1226 4208 1269 4259 po-

153 4271 266 4321 tisri-oo
284 4271 319 4321 Ε.
422 4276 489 4336 post
506 4270 583 4338 potlri
602 4285 639 4319 m.
659 4284 711 4318 aee.
725 4273 799 4320 tuter
811 4285 882 4322 asara.
896 4272 1004 4339 imporio
1017 4271 1124 4323 adm.

178 4365 319 4423 emmo.
335 4365 443 4426 mppoa.
1079 4366 1119 4434 pp
