2692 4688
75 182 141 251 ted
472 178 532 249 ΒΕ
552 176 697 249 benuo
720 179 946 251 sefflica.
972 230 975 237 ·

100 355 124 421 2
138 354 287 440 tripertito
302 351 475 417 cohortibus
490 351 596 417 diuisis
610 352 691 417 trina
706 352 914 419 excelsissimo
929 352 997 419 loeo
1011 363 1114 419 eastra
1128 353 1220 433 leeitp
1238 376 1258 420 a

137 458 245 542 quibus
260 453 418 540 paulatim,
444 465 586 543 quantum
608 455 712 539 copiae
735 456 945 540 patiebantur,
970 455 1081 523 uallum
1103 456 1134 519 ia
1157 456 1256 540 oppidi

78 559 124 631 84
138 558 296 623 circuitum
319 559 427 621 ducere
447 556 589 623 instituit.
621 554 710 639 Quod
731 580 798 622 eum
822 559 1098 622 animaduerterent
1117 557 1258 642 oppidani

136 660 363 742 miserrimaque
375 659 500 724 Alesiae
515 659 659 726 memoria
673 659 792 725 solliciti
813 660 940 726 similem
955 681 1057 725 casum
1072 659 1258 725 obsessionis

135 772 327 839 uererentur,
344 761 533 845 maximeque
547 778 588 825 ex
603 761 740 827 omnibus
754 760 938 841 Lucterius,
954 762 1005 844 qui
1021 762 1159 828 fortunae
1173 763 1254 828 illius
1276 776 1292 826 t

136 864 299 950 perieulum
317 865 442 940 iecerat,
458 875 595 930 moneret
605 865 748 929 frumenti
755 865 902 947 rationem
911 884 981 930 esse
989 863 1165 944 babendum,
1183 887 1257 929 eon·

136 967 263 1032 stituunt
279 966 411 1031 omnium
427 987 576 1033 consensu
586 978 670 1052 parte
686 967 726 1033 ibi
741 968 847 1033 relicta
855 966 1007 1050 copiarum
1022 966 1079 1051 ipsi
1087 988 1153 1031 cam
1161 987 1257 1050 expe·

100 1068 206 1134 stitis
221 1069 257 1133 ad
273 1069 492 1154 importandum
507 1071 689 1135 momentum
704 1070 867 1156 proticisci.
912 1066 961 1133 Eo
985 1069 1110 1135 consilio
1132 1068 1256 1155 probato

136 1192 284 1256 proxuma
299 1181 389 1237 noete
402 1171 518 1237 duobus
534 1172 652 1237 milibus
667 1184 849 1238 armatorum
872 1172 983 1238 relictis
999 1173 1131 1255 reliquos
1146 1193 1188 1237 ex
1202 1193 1256 1255 op·

100 1270 121 1338 3
135 1274 203 1359 pido
219 1270 354 1358 Drappes
369 1283 401 1339 et
414 1271 577 1341 Lucterius
593 1277 731 1341 educunt.
750 1274 790 1341 lli
807 1297 915 1360 paucos
931 1276 996 1339 dies
1011 1276 1118 1338 moreti
1134 1294 1177 1338 ex
1191 1273 1257 1337 lini·
1280 1283 1312 1337 td

134 1376 191 1441 bus
207 1371 433 1453 Cadurcorum,
460 1378 510 1460 qui
533 1377 640 1460 partim
654 1398 688 1441 re
703 1378 897 1442 frumentaria
913 1375 1071 1440 subleuare
1087 1395 1141 1440 eos
1155 1376 1256 1460 cupie-

135 1478 218 1556 bant,
236 1478 341 1561 partim
358 1477 536 1561 probibere,
559 1499 618 1561 quo
640 1479 918 1555 minus³susoerent,
935 1499 995 1542 non
1010 1487 1169 1562 poteraut,
1191 1498 1257 1542 ma·

135 1600 227 1664 guum
243 1599 397 1643 numerum
413 1579 551 1647 frumenti
567 1590 750 1662 conparant,
776 1599 996 1662 nonnumquam
1018 1589 1115 1642 summ
1131 1578 1255 1661 expedi·

100 1679 121 1746 b
136 1680 266 1745 tionibus
283 1681 440 1745 nocturnis
455 1679 580 1745 castella
595 1691 767 1745 nostrorum
782 1680 969 1745 adoriuntur.
1017 1676 1114 1761 Quam
1131 1678 1169 1743 ob
1183 1700 1255 1743 eau-

136 1803 201 1849 sam
217 1779 313 1847 Gaius
328 1778 475 1847 Caninius
491 1792 556 1847 toto
570 1782 679 1867 oppido
693 1783 874 1848 munitiones
897 1782 1083 1849 circumdare
1105 1791 1254 1861 moratur,
1280 1793 1314 1847 ts

136 1907 175 1950 ne
190 1896 244 1949 aut
257 1904 331 1968 opus
346 1884 484 1949 ellectum
500 1884 576 1951 tueri
592 1906 652 1950 non
667 1885 764 1970 possit
777 1896 831 1951 aut
845 1885 979 1970 plurimis
1001 1887 1032 1950 in
1047 1885 1122 1950 loeis
1136 1885 1256 1949 inlirma

77 1984 122 2057 bb
138 1987 277 2070 disponat
298 1986 458 2070 praesidia.
495 1984 611 2070 blegne
634 1988 718 2072 copia
740 1989 882 2053 irumeuti
904 2000 1075 2071 comparata
1094 1989 1256 2051 considunt

135 2085 274 2172 Drappes
289 2099 320 2152 et
335 2086 499 2155 Lucterius
515 2110 575 2154 son
589 2090 709 2174 longius
722 2090 761 2155 ab
776 2090 923 2175 oppido'x
938 2090 1070 2168 milibus,
1089 2091 1167 2154 unde
1183 2109 1254 2173 pau·

98 2189 121 2255 2
134 2190 216 2255 latim
232 2192 412 2257 frumentum
427 2192 459 2255 in
474 2192 609 2276 oppidum
625 2193 847 2277 subportarent.
864 2191 925 2278 Ipsi
940 2192 1022 2256 inter
1035 2213 1070 2256 se
1085 2191 1254 2276 prouincias

135 2291 321 2380 partiunturs
339 2290 476 2378 Drappes
491 2295 601 2360 eastris
616 2296 845 2380 praesidiorum
863 2305 947 2380 parte
962 2296 1113 2379 copiarum
1122 2292 1254 2371 restitit,
1277 2302 1311 2357 tt

100 2391 297 2460 3Lucterios
319 2416 426 2478 agmen
449 2396 647 2461 iumentorum
670 2398 707 2461 ad
731 2398 867 2481 oppidum
890 2398 983 2462 ducit.
1029 2395 1193 2481 Dispositis
1214 2395 1254 2458 ibi

134 2497 293 2581 praesidiis
309 2497 383 2561 bora
399 2497 495 2561 coctis
510 2499 633 2562 circiter
646 2499 761 2565 decima
774 2499 966 2564 siluestribus
989 2499 1183 2582 angustisque
1206 2496 1254 2560 iti·

99 2597 257 2663 lueribue
272 2598 453 2663 frumentum
469 2599 621 2684 inportare
635 2600 667 2665 iu
683 2602 819 2686 oppidum
834 2601 976 2666 instituit.
1021 2597 1155 2682 Quorum
1177 2609 1254 2663 stre·

136 2700 229 2785 pitum
252 2699 358 2784 uigiles
373 2711 542 2765 castrorum
564 2724 630 2769 cum
652 2704 837 2780 sensissent,
860 2704 1127 2787 exploratoresque
1148 2702 1250 2776 missi,

136 2823 212 2887 quae
227 2813 417 2887 gererentur,
434 2804 672 2883 renuntiassent,
689 2801 836 2870 Caninius
851 2805 992 2870 celeriter
1000 2823 1065 2867 cum
1080 2800 1254 2865 cohortibus
1277 2813 1311 2865 25

135 2906 259 2971 armatis
274 2926 314 2969 ex
329 2905 476 2989 proximis
491 2906 625 2995 pastellis
640 2907 670 2976 in
688 2907 898 2971 frumentarios
912 2906 966 2969 sub
976 2906 1070 2989 ipsam
1087 2904 1182 2968 lucem
1198 2902 1253 2966 irn-

99 3007 235 3093 5petum
251 3006 333 3070 iecit.
370 3001 397 3072 li
411 3007 569 3092 repentino
585 3007 662 3071 malo
677 3008 828 3090 perterriti
845 3005 1003 3089 ddugiuat
1016 3006 1054 3069 ad
1069 3025 1124 3069 sna
1140 3001 1252 3087 praesi-

136 3105 204 3184 dia,
221 3123 299 3185 quae
314 3102 407 3166 nostri
425 3115 459 3166 ut
474 3103 625 3182 uiderunt,
644 3104 743 3167 acrius
758 3114 864 3167 contra
879 3111 1011 3166 armatos
1028 3100 1143 3164 incitati
1160 3098 1254 3162 nemi·

246 3241 257 3292 l
274 3241 404 3307 tripertito
415 3241 448 3303 B,
462 3256 516 3293 nea
530 3241 633 3307 tripart.
756 3241 935 3293 eseelsissimo
948 3239 995 3302 de,
1009 3238 1156 3290 eelsissirno
1168 3237 1192 3287 Β
1205 3236 1254 3286 ‘re-

136 3316 465 3385 ttpns’321cettsnsisatne
478 3320 525 3371 be.
630 3319 719 3371 tacite
733 3320 821 3371 Osos.
930 3318 1073 3371 decimum
1085 3317 1254 3367 aduerterent

135 3410 237 3447 seusu
249 3392 364 3447 Andes.
468 3396 595 3447 leolieiti
605 3401 671 3447 uses
683 3411 756 3448 eurr.
769 3397 804 3448 Β.
916 3410 1021 3447 cauum
1036 3395 1070 3445 A.
1186 3391 1256 3443 obel-

136 3473 261 3527 diouisb.
367 3472 455 3522 bilius
467 3479 531 3525 ante
541 3489 612 3526 corr.
625 3474 659 3526 Β.
771 3475 787 3526 l
800 3474 902 3526 ibices.
917 3473 942 3524 b.
1063 3473 1256 3537 seonportae-

135 3551 234 3602 dunb.
338 3548 532 3617 DprcxumaA.
639 3554 670 3606 10
683 3552 809 3604 biBsdd.
823 3557 888 3603 oute
899 3550 974 3615 Ast,
989 3550 1104 3602 iiAddus
1117 3565 1144 3599 s.

137 3628 342 3683 diecesani).
446 3628 677 3696 13οοιψιηιιῑΒ.
783 3644 971 3697 nonnunquam
984 3630 1019 3682 Β.
1125 3623 1254 3678 leaios

136 3706 170 3771 Β,
183 3703 214 3757 C.
228 3721 257 3757 as.
373 3705 500 3772 meretur]
513 3715 624 3759 eoustnr
635 3709 679 3760 bs.
798 3709 829 3761 ld
842 3709 926 3777 possit
937 3706 1027 3770 bede,
1041 3711 1130 3774 posset
1142 3704 1166 3755 Β
1180 3705 1256 3754 ‘relt-

136 3782 208 3849 put’.
222 3782 253 3834 P.
266 3784 310 3837 bl.
439 3784 556 3850 plurimis
570 3786 635 3837 loeis
648 3787 672 3848 b,
687 3786 804 3852 pluribus
817 3787 881 3838 loeis
893 3802 917 3836 e.
1058 3783 1087 3835 17
1101 3782 1219 3833 considet
1234 3783 1257 3834 Β

137 3861 213 3911 ἐπα.
230 3860 279 3912 1⁰⁹.
402 3861 435 3914 lb
449 3860 510 3927 uon]
523 3877 571 3913 nec
585 3864 618 3914 C.
740 3864 817 3928 louge
830 3865 856 3914 b.
986 3860 1145 3924 decessui).

138 3935 410 4001 lleubportareutB.
516 3940 550 3990 2⁰
563 3941 698 4007 patiuntur
709 3943 743 3994 Β.
851 3938 1066 4006 blsd1inube.
1182 3940 1256 3990 ducit

135 4011 160 4065 Β
173 4011 307 4077 ‘reliqut’,
321 4013 396 4065 duxit
408 4029 439 4076 e,·
452 4013 561 4065 adducit
570 4032 587 4066 a
600 4022 636 4081 et,
653 4019 721 4068 ‘atsi
731 4017 989 4082 excerptusullasss
1004 4015 1066 4066 ed'.
1170 4014 1204 4065 23
1217 4015 1256 4064 in·

136 4094 240 4157 purim
253 4087 286 4138 B·
415 4092 448 4144 25
461 4099 617 4155 &necetur
628 4094 684 4145 ΒΟ
692 4095 728 4144 be
739 4098 769 4144 st
778 4107 832 4142 see.
846 4107 882 4143 m.
893 4094 948 4155 ΡΑ,
963 4098 1105 4155 ageremur
1120 4107 1145 4140 a.

136 4168 322 4219 eunome.
427 4167 601 4222 attestato.
713 4171 857 4239 insede.
986 4168 1255 4236 28nostri]uibilm.

135 4259 180 4311 pr.
194 4244 227 4297 Β.
333 4245 423 4296 uidere
436 4245 451 4296 b
465 4245 552 4297 osee.
