2692 4688
536 219 678 291 CAPV'I'
695 218 849 287 att-60.
1248 220 1311 289 655

129 393 263 460 'Pborius
287 392 419 473 lerebat3
443 394 552 458 milites
568 396 643 457 adeo
660 393 847 469 fatebantur,
872 401 902 453 ut
920 387 978 453 Cn.
996 389 1130 476 Pompeii
1146 414 1254 458 nomen

131 498 161 562 in
177 497 273 562 scutis
289 495 461 579 inscriptum
478 496 632 560 haberent.
667 494 823 576 Frequens
838 493 1005 576 legionibus
1022 505 1187 558 conuentus
1203 497 1254 559 ob·
1270 496 1289 557 4

130 601 211 664 uiam
229 598 325 681 prodit
340 619 435 680 neque
452 610 567 661 tantum
584 599 736 673 uirorum,
762 596 813 658 sed
831 596 920 657 ctiam
936 608 1061 659 matrum
1079 597 1205 661 familias
1221 621 1256 662 ac

133 711 390 786 praeteritotorum
407 700 663 783 deprecaturque,
681 720 718 762 ne
735 698 834 762 hostili
851 699 983 760 aduentu
1000 696 1169 763 Cordubam
1186 701 1253 762 diri·

96 817 112 868 t
137 814 263 888 perent:
294 823 363 866 nam
384 821 417 865 se
446 812 552 864 contra
575 796 715 864 Cassium
737 801 850 862 sentire
873 819 939 861 cum
963 801 1119 880 omnibus,
1151 813 1254 865 contra

133 903 299 970 Caesarem
316 923 353 967 ne
371 905 517 982 lacerent,
538 924 637 966 orare.
669 899 787 965 Tantae
803 901 1000 964 multitudinis
1016 904 1153 985 precibus
1170 917 1200 968 et
1215 904 1311 973 la·5ll

133 1008 235 1072 erimis
251 1005 404 1071 exercitus
421 1015 584 1068 commotus
601 1025 667 1067 cum
683 1004 799 1066 uideret
813 1004 849 1065 ad
866 999 1004 1067 Cassium
1020 1007 1255 1088 persequendum

135 1110 208 1173 nibil
230 1129 304 1192 opus
321 1127 389 1170 esse
405 1103 464 1169 Cn.
483 1104 604 1188 Pompei
622 1107 739 1168 nomine
756 1116 786 1168 et
802 1106 961 1183 memoria,
988 1117 1105 1190 tamque
1122 1109 1256 1173 omnibus

136 1205 330 1275 Caesarianis
351 1229 438 1291 quam
454 1204 644 1291 Pompeianis
659 1204 831 1291 Longinum
855 1227 922 1271 esse
945 1208 974 1270 in
998 1209 1084 1284 odio,
1111 1231 1207 1292 neque
1223 1233 1256 1275 se

79 1323 114 1374 to
137 1322 317 1375 conuentum
340 1330 437 1394 neque
459 1307 506 1373 M.
530 1307 709 1372 Marcellum
732 1320 836 1372 contra
860 1305 1002 1372 Caesaris
1024 1331 1143 1373 causam
1168 1334 1257 1396 posse

139 1413 320 1496 perducere,
339 1433 448 1476 nomen
463 1409 585 1495 Pompei
602 1433 641 1474 ex
658 1411 750 1475 scutis
766 1411 982 1490 detraxerunt,
1000 1409 1190 1491 Marcellum,
1208 1416 1293 1498 qui2

139 1533 174 1578 se
189 1510 331 1578 Caesaris
355 1535 475 1578 causam
497 1515 686 1577 defensurum
709 1515 921 1597 profitebatur,
948 1513 1050 1577 ducem
1066 1515 1260 1581 adsciuerunt

139 1627 366 1699 praetoremque
379 1617 564 1699 appellarunt
580 1627 608 1680 et
625 1626 802 1681 conuentum
819 1616 875 1678 sibi
886 1616 1089 1679 adiunxcrunt
1101 1628 1258 1701 castraque

139 1717 176 1781 ad
192 1713 361 1782 Cordubam
384 1729 559 1801 posueruut.
591 1716 716 1782 Cassius
739 1739 774 1781 eo
789 1717 879 1780 biduo
896 1717 1017 1781 circiter
1033 1729 1079 1780 llll
1096 1720 1176 1784 milia
1192 1721 1293 1805 pas-3

87 1830 117 1883 ta
140 1840 225 1883 suum
249 1840 265 1883 a
283 1815 423 1883 Corduba
439 1821 512 1883 citra
530 1821 637 1883 durnen
653 1815 771 1883 Baetim
786 1821 815 1882 in
832 1819 929 1903 oppidi
946 1830 1107 1902 conspectu
1123 1821 1188 1885 loco
1205 1843 1259 1886 ex-

141 1920 224 1984 celso
246 1921 317 1983 lacit
338 1931 455 2000 castra,
479 1922 594 1986 litteras
617 1921 652 1984 ad
668 1943 769 2006 regem
786 1919 938 2004 Bogudem
954 1923 984 1983 in
1000 1918 1213 1987 Mauritaniam
1230 1936 1261 1988 et

142 2020 190 2086 M.
207 2019 353 2106 Lepidum
369 2024 575 2107 proconsulem
591 2025 622 2087 in
634 2023 809 2108 Hispaniam
826 2023 996 2085 citeriorem
1012 2023 1113 2102 mittit,
1128 2025 1260 2091 subsidio

141 2123 198 2188 sibi
228 2124 459 2209 prouinciaeque
482 2124 626 2190 Caesaris
656 2147 744 2190 causa
775 2147 860 2207 qnam
884 2126 1009 2207 primum
1033 2126 1160 2189 ueniret.
1192 2126 1261 2211 Ipse

143 2227 242 2290 bostili
260 2228 347 2290 modo
362 2224 602 2291 Cordubensium
618 2248 707 2310 agros
724 2238 833 2302 uastat,
844 2226 977 2289 aedilicia
992 2226 1135 2289 incendit.
1165 2224 1260 2294 Cuius
1271 2231 1318 2300 dt)

86 2338 121 2391 w
143 2328 189 2391 rei
211 2329 399 2393 deformitate
420 2341 508 2412 atque
529 2330 706 2414 indignitate
729 2330 883 2413 legiones,
909 2347 984 2411 quiae
1007 2326 1184 2393 Marcellum
1204 2331 1261 2397 sibi

145 2429 250 2493 ducem
266 2441 426 2515 ceperant,
451 2431 487 2493 ad
503 2453 570 2494 cum
586 2442 820 2509 concurrerunt,
847 2441 879 2494 nt
895 2432 926 2494 in
942 2433 1035 2496 aciem
1052 2432 1260 2510 educerentur,

144 2532 285 2616 priusque
308 2533 485 2615 confligendi
508 2532 564 2596 sibi
588 2544 720 2617 potestas
744 2535 847 2610 lieret,
873 2555 960 2621 quam
977 2556 1043 2597 cum
1059 2545 1142 2600 tanta
1158 2549 1263 2601 contn-

146 2634 234 2697 melia
260 2634 462 2698 nobilissimae
492 2635 722 2718 carissimaeque
745 2637 951 2718 possessiones
975 2632 1211 2700 Cordubensium
1233 2642 1264 2703 in

146 2747 310 2820 conspectu
324 2757 379 2800 suo
394 2737 519 2819 rapinis,
531 2738 611 2801 ferro
623 2738 796 2821 flammaque
809 2746 1068 2801 consumerentur.
1087 2734 1263 2817 Marcellus,
1281 2743 1302 2808 2

89 2848 124 2902 2⁵
146 2858 213 2901 cum
237 2839 399 2921 conlligere
423 2839 620 2902 miserrimum
642 2849 778 2924 putaret,
803 2840 878 2922 quod
896 2852 925 2903 et
941 2839 1066 2901 uictoris
1082 2849 1112 2900 et
1128 2840 1199 2901 uicti
1216 2842 1266 2904 de-

149 2940 319 3005 trimentum
344 2942 378 3003 ad
396 2941 519 3004 eundem
537 2937 699 3005 Caesarem
715 2953 797 3005 esset
812 2941 1058 3016 redundaturum,
1082 2959 1177 3022 neque
1193 2962 1267 3007 suae

148 3043 306 3128 potestatis
322 3053 414 3118 esset,
434 3044 568 3125 legiones
584 3042 701 3107 Baetim
719 3043 845 3105 traducit
860 3044 1012 3123 aciemque
1027 3042 1158 3104 instruit.
1192 3040 1267 3110 Cum
1283 3045 1303 3109 3

151 3142 291 3210 Cassium
315 3155 419 3207 eontra
445 3165 498 3226 pro
521 3147 583 3209 suis
601 3148 706 3209 castris
722 3145 815 3208 aciem
832 3144 1014 3206 instruxisse
1030 3145 1096 3207 loco
1112 3148 1268 3229 superiore

149 3249 291 3322 uideret,
317 3267 407 3310 causa
429 3249 623 3331 interposita,
648 3249 724 3330 quod
748 3248 773 3310 is
796 3248 827 3309 in
844 3266 968 3327 aequum
985 3268 1045 3309 non
1061 3247 1266 3329 descenderet,

91 3360 126 3412 ³⁰
149 3345 314 3413 Marcellus
336 3350 475 3411 militibus
491 3351 668 3432 persuadet,
693 3361 726 3413 ut
743 3370 776 3412 se
792 3349 961 3432 reciperent
977 3350 1006 3412 in
1023 3361 1133 3413 castra.
1166 3347 1269 3434 ltaque

151 3451 252 3535 copias
269 3452 411 3514 reducere
428 3453 535 3534 eoepit.
569 3448 713 3525 Cassius,
737 3473 794 3533 quo
810 3451 887 3513 bono
904 3452 1022 3514 ualebat
1036 3449 1271 3540 Marcellumque
1287 3456 1307 3520 4

263 3660 277 3708 l
292 3657 531 3724 deprecabaturquc
547 3660 570 3707 b.
722 3658 736 3708 o
752 3658 869 3707 lacerent
883 3673 898 3706 α
913 3658 927 3706 b
940 3674 962 3719 c,
980 3657 1066 3707 lucere
1079 3667 1234 3722 cogerentur
1246 3678 1273 3712 u.

262 3735 428 3803 8Pompcia.
535 3738 731 3802 tornqnomcb.
838 3736 990 3787 linerat.
1097 3734 1274 3804 llPompeia.

266 3813 297 3863 ll
311 3813 480 3863 adsciueruut
492 3829 518 3862 α.
647 3815 677 3864 lb
692 3812 892 3878 appellauerunt
905 3813 929 3861 b.
1058 3820 1212 3863 conuentum
1225 3816 1274 3867 sibi

155 3899 172 3933 a
186 3882 342 3948 Stephanus
360 3888 388 3931 ct
404 3885 463 3930 sirac
481 3885 658 3931 consolatione
672 3898 703 3944 n,
725 3881 775 3930 sibi
795 3888 950 3930 conuentum
965 3879 1087 3945 reliquus
1099 3881 1158 3932 edd.
1172 3890 1235 3935 anta
1247 3901 1274 3936 u.

267 3959 297 4010 lb
311 3967 336 4009 et
350 3976 366 4009 u
380 3961 453 4008 ‘msa¹
465 3958 607 4023 pleripuc',
622 3966 648 4006 ct
662 3958 692 4006 ad
708 3973 734 4006 u.
901 3958 931 4007 18
945 3957 1129 4025 prouinciaqne
1142 3975 1167 4010 a.

159 4034 187 4087 pp
203 4040 306 4084 uastata
319 4052 345 4098 o,
360 4042 468 4085 uastans
483 4036 507 4083 b.
629 4034 662 4083 23
677 4032 882 4098 tarissiuacqac
895 4048 922 4082 a.
1046 4038 1235 4104 possessiones]
1250 4053 1275 4094 a.

154 4112 204 4163 ead
213 4119 316 4178 paunclo
328 4115 479 4177 supposito,
493 4111 555 4160 aad.
571 4127 596 4160 a.
702 4110 735 4161 25
749 4110 863 4159 uictores
877 4125 904 4159 o.
1008 4112 1041 4162 27
1055 4120 1124 4164 essct
1136 4130 1153 4163 a
1168 4114 1277 4176 ‘catere‘’,

156 4204 216 4239 esse
232 4190 255 4239 b.
384 4187 465 4237 Betim
479 4202 505 4234 u.
621 4185 1047 4252 aciemqucub,ntqueuciemu.
1164 4190 1279 4240 29uide-
1337 4236 1341 4243 .

158 4271 200 4314 ret
212 4264 299 4315 Aldus
317 4264 474 4329 suppleuit,
495 4261 659 4326 conspiceret
677 4275 747 4309 unus
769 4260 842 4324 dct.,·
861 4278 914 4312 om.
928 4278 945 4312 a
960 4263 973 4311 b
986 4278 1000 4311 c
1013 4264 1029 4312 2
1042 4263 1109 4314 dett.
1123 4264 1241 4329 (Cassius
1254 4271 1282 4316 el

156 4343 330 4393 instruxisset
343 4340 404 4392 edd.
417 4344 481 4391 anta
494 4336 581 4401 Ata).
709 4335 750 4388 bis
764 4353 790 4388 a.
914 4338 948 4391 30
961 4339 1108 4405 reciperent
1119 4355 1136 4389 a
1150 4340 1165 4389 b
1178 4355 1201 4406 o,
1216 4342 1282 4393 rcci-

157 4419 231 4486 piunt
243 4434 271 4468 u.
395 4416 432 4484 ¹in
446 4422 531 4466 castra
541 4419 606 4480 post
618 4413 698 4481 accip.
710 4416 790 4482 pontt
802 4431 828 4479 a,
842 4420 906 4466 uate
919 4414 998 4480 accip.
1013 4412 1075 4464 edd.
1205 4415 1293 4464 ξω.
