2692 4688
59 201 124 271 mo
510 191 639 261 Buttt
660 189 849 259 sumens

120 367 245 456 perditis
259 365 476 448 sceleratisque
490 363 605 427 ciuibus
626 383 797 446 oppressam
819 363 974 444 bonosque
995 374 1047 426 aut
1069 363 1250 432 interlectos

120 482 174 537 uut
187 468 281 535 exilio
295 466 437 531 multatos
451 465 549 548 patris
563 465 740 545 ciuitateque
756 483 880 540 carere,
903 464 1001 546 gloria
1019 474 1052 529 et
1070 465 1165 530 animi
1185 490 1248 533 ma·

120 570 278 656 guitumme
299 568 396 632 elutus
418 566 552 650 priuatus
574 577 663 647 utque
684 565 925 629 adolescentulus
950 567 1069 648 paterni
1092 570 1247 636 exercitus

119 671 256 755 reliquiis
277 668 410 735 collectis
437 688 533 751 paene
559 687 730 751 oppressam
753 667 950 752 funditusque
979 668 1108 733 deletam
1128 667 1248 736 Italiam

120 773 284 855 urbemque
304 769 474 835 Romanam
493 769 524 833 iu
546 767 715 833 libertatem
738 767 919 845 uindicauit,
941 769 1079 852 idemque
1094 767 1244 852 Siciliam,
1267 786 1282 837 t

120 873 268 950 Africam,
278 869 463 946 Numidiam,
473 867 687 934 Mauritaniam
697 869 823 933 mirabili
840 870 997 934 celeritate
1012 872 1105 936 armis
1120 876 1247 957 recepit.

87 975 108 1041 3
123 972 290 1057 Quibusex
299 971 390 1037 rebus
405 971 463 1035 sibi
478 992 542 1035 enm
551 971 823 1054 dignitatem‚quae
838 982 886 1035 est
894 982 1062 1055 pergentes
1076 974 1248 1039 clarissima

121 1075 350 1156 notissimaque,
374 1072 547 1137 conciliauit
559 1072 860 1154 adulescentulusque
875 1082 967 1154 atque
980 1093 1073 1156 eques
1086 1071 1245 1141 Romanus

86 1176 107 1238 t
122 1174 325 1259 triumphauit.
366 1173 467 1257 Atque
481 1174 532 1239 ille
546 1194 607 1237 non
623 1175 663 1237 itu
680 1172 784 1256 amplis
806 1173 896 1237 rebus
919 1175 1012 1257 patris
1032 1176 1248 1260 gestiensque

122 1288 183 1343 tam
205 1275 366 1341 excedenti
387 1274 532 1339 maiorum
549 1276 693 1358 dignitate
708 1284 794 1358 parta
809 1295 905 1357 neque
921 1276 1013 1339 mutis
1028 1277 1176 1341 clientelis
1191 1300 1248 1343 uo·
1273 1290 1303 1345 ta

87 1376 269 1460 bminisquc
292 1377 429 1441 claritate
451 1379 600 1461 praeditus
622 1377 653 1440 in
674 1376 883 1460 rempublicam
908 1387 957 1441 est
980 1376 1148 1458 ingressus.
1195 1379 1249 1445 Tu

123 1491 230 1543 contra
244 1489 275 1542 et
290 1480 382 1561 patris
397 1478 552 1543 nobilitate
573 1488 604 1542 et
624 1478 768 1562 dignitate
791 1488 823 1541 et
844 1498 898 1562 per
920 1487 949 1541 te
970 1477 1035 1561 ipse
1055 1480 1132 1542 satis
1153 1481 1248 1546 animi

122 1579 326 1663 magnitudine
341 1579 552 1663 diligentiaque
568 1580 720 1663 praeditus
735 1600 836 1644 noune
856 1578 979 1643 eniteris
999 1590 1031 1640 et
1044 1580 1247 1661 proficisceris

123 1679 161 1744 ad
177 1690 318 1763 paternas
332 1679 486 1745 clientelas
501 1681 646 1745 auxilium
667 1680 719 1743 tibi
740 1682 845 1763 reique
865 1677 997 1763 publicae
1018 1688 1108 1761 utque
1130 1680 1245 1763 optimo

67 1780 114 1853 28
128 1782 236 1865 cuique
250 1781 482 1865 eodagitatum'l'
499 1781 556 1846 llis
573 1783 673 1847 uerbis
689 1784 817 1847 bominis
833 1781 1002 1865 grauissimi
1015 1781 1159 1845 incitatus
1173 1782 1247 1846 ado·
1270 1794 1304 1849 tt

122 1883 305 1949 lesceutulus
321 1905 387 1948 eum
405 1884 552 1949 nauiculis
567 1884 790 1972 cuiusquemodi
804 1885 925 1968 generis
939 1893 1030 1962 xxx,
1052 1882 1126 1947 inibi
1142 1885 1248 1967 mucis

123 1984 285 2062 rostratis,
308 1986 461 2070 proiectus
479 1985 517 2050 ab
534 1985 622 2050 Vtica
635 1987 667 2050 in
682 1983 896 2051 Mauritaniam
912 2005 1097 2070 regnumque
1111 1981 1247 2068 Rogudis

122 2096 172 2151 est
183 2086 339 2169 ingressus
354 2088 552 2172 expediteque
566 2087 706 2153 exercitu
722 2109 847 2153 numero
862 2107 1031 2164 seruorum,
1047 2086 1205 2151 liberorum
1220 2096 1245 2149 11

124 2188 250 2267 milium,
274 2189 359 2255 ouius
373 2200 487 2275 parte·
502 2191 660 2268 inermem,
678 2202 791 2274 partem
807 2201 952 2255 armatam
968 2188 1125 2266 habuerat,
1140 2187 1178 2251 ud
1191 2208 1246 2271 op·

123 2291 223 2376 pidum
245 2290 396 2356 Ascurum
418 2293 562 2357 accedere
584 2292 701 2376 coepitq
724 2293 758 2355 in
780 2314 839 2375 quo
861 2292 968 2376 oppido
991 2292 1170 2374 praesidium
1192 2290 1249 2353 tuit
1266 2298 1301 2357 lt

87 2392 250 2476 trogium.
290 2390 434 2477 Pompeio
449 2395 630 2459 adueniente
645 2393 782 2478 oppidani
801 2415 896 2477 usque
911 2413 948 2457 eo
963 2394 1044 2477 passi
1061 2393 1181 2477 propius
1197 2413 1247 2455 ac·

123 2496 243 2570 cedere,
267 2494 363 2557 donec
384 2496 421 2558 ad
442 2497 524 2579 ipsas
547 2507 647 2580 portas
662 2516 698 2559 ac
714 2516 829 2559 murum
852 2495 1125 2579 adpropinquaret,
1148 2494 1246 2559 subito

124 2594 282 2678 eruptione
300 2595 380 2659 lacta
395 2607 564 2679 prostratos
585 2597 819 2681 perterritosque
834 2595 1034 2682 Pompeianos
1048 2598 1080 2661 in
1096 2617 1179 2662 mare
1193 2616 1247 2659 na·

87 2694 235 2778 suesque
251 2697 360 2780 passim
377 2701 594 2784 compulerunt.
640 2696 686 2762 lta
707 2720 742 2762 re
763 2700 840 2764 male
855 2710 940 2782 gesta
964 2697 1067 2762 Gneus
1082 2697 1247 2783 Pompeius

124 2797 202 2863 filius
225 2820 320 2864 naues
343 2801 413 2864 iude
434 2802 543 2865 auertit
564 2821 661 2883 neque
683 2811 788 2885 postea
803 2801 874 2865 litus
888 2800 993 2880 adtigit
1007 2800 1196 2882 classemque
1211 2801 1247 2865 nd
1269 2809 1302 2864 tt

123 2901 238 2966 insulas
253 2898 398 2967 Baleares
413 2923 523 2967 uersus
538 2903 702 2971 conuertit.

66 3001 112 3071 ²4
212 3000 314 3087 Scipio
329 3004 449 3069 iuterim
466 3004 584 3069 cuniis
601 3005 713 3088 copiis,
737 3023 811 3085 quas
834 3002 921 3085 paulo
940 3011 1010 3064 ante
1025 2999 1247 3064 demonstraui-

126 3124 205 3182 mus,
229 3104 339 3169 Vticae
361 3106 467 3190 grandi
490 3107 638 3192 praesidio
660 3105 767 3170 relicto
783 3103 1071 3189 proiectusprimum
1087 3101 1249 3167 Adrumeti

125 3214 223 3275 castra
246 3206 349 3290 ponit,
389 3207 495 3273 deinde
516 3206 555 3273 ibi
578 3229 688 3293 paucos
712 3209 776 3273 dies
799 3216 1002 3271 commoratus
1025 3214 1116 3269 noctu
1138 3203 1249 3268 itinere

234 3465 246 3516 1
261 3464 371 3530 perditis
382 3466 533 3530 Danielum
553 3468 661 3521 nardulo
677 3482 695 3518 o
708 3483 736 3531 e,
756 3466 856 3518 usrdiir
875 3462 936 3526 tat·
955 3461 1097 3512 audacibus
1111 3474 1138 3512 a.

124 3541 397 3606 ciuibus1bominibna
412 3544 437 3594 b.
558 3544 700 3612 bonosque]
714 3552 902 3610 senatoresque
915 3540 939 3591 b.
1061 3536 1186 3593 baseillo
1199 3536 1251 3603 (u).

233 3619 248 3671 3
262 3620 431 3686 priuatusque
443 3621 559 3672 adoleso.
573 3621 599 3672 b.
727 3624 743 3673 t
756 3620 865 3686 rollquis
877 3635 905 3673 a.
1035 3630 1100 3682 1³01¹⁶
1112 3630 1140 3664 α·

125 3697 294 3766 funditusque
308 3716 366 3766 ogo,
383 3699 500 3750 funditus
512 3716 529 3751 a
543 3702 558 3750 b
571 3716 601 3762 o,-
615 3699 733 3751 londitus
746 3706 772 3749 et
785 3713 812 3748 u.
970 3695 984 3746 7
1000 3709 1032 3745 cx
1045 3708 1098 3743 om.
1115 3693 1141 3742 b.

123 3776 140 3827 8
152 3778 414 3844 adolescentulaeque
427 3793 454 3829 u.
560 3777 590 3828 10
605 3783 656 3827 tum
668 3802 703 3813 -
716 3790 798 3841 neque
812 3789 865 3825 om.
879 3788 897 3823 u
911 3773 925 3822 b
938 3788 961 3822 e.
1069 3769 1099 3821 15
1108 3775 1137 3819 et
1149 3767 1251 3832 uspian-

123 3857 177 3903 tum
188 3868 216 3910 u,
225 3855 392 3917 elllsqitatum
405 3870 433 3906 u.
539 3855 701 3920 ldcuinsque
713 3855 789 3906 modo
803 3870 827 3918 o,
841 3850 986 3903 cuiusmodi
1000 3849 1026 3899 b.
1132 3847 1164 3898 17
1173 3845 1249 3897 Vtica

123 3926 178 3990 ab,
192 3926 268 3979 Vtica
281 3939 323 3982 eat
334 3947 362 3986 u.
469 3932 500 3984 18
515 3947 713 3985 numerumoo.
818 3927 1049 3986 lddscnurumb.
1155 3925 1250 3979 ibad-

123 4005 309 4071 propinquurct
320 4024 347 4058 u.
475 4011 510 4064 2³
523 4027 656 4077 nauesque
671 4012 765 4079 passim
778 4028 805 4075 o,
820 4011 917 4078 passim
931 4023 1065 4074 nauesque
1077 4005 1139 4057 edd.

122 4084 401 4148 arenachrnu.
523 4089 748 4144 trutinemus.
871 4089 1004 4153 adsigna.
1121 4084 1250 4138 aluisa.

231 4163 265 4217 28
276 4162 438 4213 Adrumetici
450 4180 476 4214 a,
587 4167 621 4219 29
634 4165 669 4217 ibi
682 4182 777 4233 paucos
791 4167 848 4217 dies
859 4181 876 4215 o
890 4163 950 4216 edd.
965 4168 1029 4216 auls
1042 4178 1069 4227 u,
1083 4176 1180 4228 paucos
1195 4162 1253 4214 dies

122 4241 158 4295 ibi
170 4245 228 4293 siaa
241 4242 418 4294 annotatione
430 4254 457 4291 n.
