2692 4688
502 180 824 249 -167-

100 353 207 420 referri
228 362 398 439 pateretur,
421 354 572 419 sententia
594 366 695 421 umen
709 355 810 440 inepta
824 369 924 436 esset,
952 379 1029 443 quae
1042 360 1102 426 alia
1117 362 1222 431 inesse

99 480 158 523 uon
174 467 286 542 potest,
303 457 361 523 uisi
378 458 470 522 bucer
488 459 688 542 expectabant
703 460 814 524 cotidie
828 460 931 525 durius
947 473 1078 548 tempus,
1104 469 1162 549 quo
1177 467 1222 531 ie-

98 562 233 626 niuribrrs
249 560 348 624 uentis
372 562 585 625 tramitterent.
615 561 696 629 Nam
718 584 795 647 quac
817 560 1047 649 Oudendorpius
1062 565 1120 631 sibi
1134 569 1222 633 iuue-

98 664 178 729 nisse
200 664 285 728 ιιίειιε
308 673 375 742 est,
400 660 621 743 Caesarianos,
648 666 715 730 dum
736 665 867 730 leniores
889 676 996 731 uentos
1011 681 1220 751 expectarent,

97 766 200 831 durius
223 765 335 831 cotidie
357 769 509 852 accepisse
531 778 659 853 tempus,
683 789 786 833 eorum
810 768 882 833 nihil
898 768 996 833 uideo.
1032 765 1222 838 Sententiam

94 871 209 955 requiri
224 880 360 954 apertum
376 882 424 935 est
438 871 659 935 huiuscemodi:
677 883 794 956 tempus
808 871 917 935 cotidie
933 871 1037 936 durius
1051 893 1134 958 spen
1150 875 1224 939 leni·

95 975 195 1039 oribus
212 974 313 1038 uentis
329 974 514 1037 tramitteudi
529 974 689 1039 ademisse.
712 973 818 1057 ltaque
833 973 878 1038 sie
893 974 1021 1058 scripsic
1047 975 1221 1060 ‘duriusque

95 1076 203 1143 cotidie
219 1087 338 1161 ternpus
353 1077 389 1139 ad
406 1077 666 1159 transportandum
682 1076 845 1141 lenioribus
859 1077 958 1140 nentis
975 1098 1034 1140 non
1045 1078 1221 1161 spectabat'.

96 1177 250 1245 Particuba
271 1179 412 1262 negatiue
433 1189 571 1262 separata
594 1189 642 1243 est
662 1199 680 1242 a
702 1178 871 1262 copulatiua
886 1181 923 1242 ud
939 1179 999 1243 uim
1014 1180 1094 1243 iilius
1109 1199 1223 1264 augen-

97 1282 173 1347 dum.
204 1277 258 1347 Cf.
276 1281 307 1344 b.
326 1278 407 1346 Gatl.
424 1277 484 1359 111,
499 1279 591 1358 29,2
606 1281 663 1345 ‘uti
679 1302 753 1365 opus
769 1282 943 1346 necessario
959 1281 1222 1363 intermitteretur,

96 1397 126 1451 et
138 1384 370 1450 continuatione
385 1384 521 1447 imbrium
538 1384 649 1449 diutius
663 1385 719 1449 suh
734 1384 860 1470 pellibus
875 1384 984 1448 milites
999 1385 1146 1450 contineri
1162 1407 1222 1451 non

96 1488 245 1574 possent',
267 1486 301 1549 b.
318 1485 378 1550 cin.
395 1482 422 1564 l,
439 1484 493 1563 81,
510 1485 531 1548 2
549 1492 593 1551 ‘et
607 1508 644 1551 co
659 1487 708 1552 die
722 1486 915 1551 tabernacula
929 1485 1023 1551 statui
1038 1507 1145 1571 passus
1162 1509 1222 1551 uon

96 1592 164 1670 est’,
175 1587 273 1655 Corn.
283 1585 480 1673 Nep.'1'hem.
491 1585 524 1663 3,
543 1586 561 1651 1
575 1589 766 1676 ‘longiusque
779 1590 924 1655 barbaros
939 1589 1079 1675 progredi
1094 1610 1155 1655 nou
1170 1610 1222 1675 pr·

97 1691 258 1759 [ermbur’.

182 1792 272 1878 Quae
287 1815 316 1858 e.
333 1791 376 1860 26
390 1794 427 1858 de
442 1793 567 1859 Ausonii
579 1806 609 1860 ct
625 1791 731 1861 Caleni
746 1794 930 1881 proiectione
945 1797 1100 1882 leguntur,
1116 1793 1223 1879 partim

97 1920 140 1965 ex
159 1899 249 1963 codd.
272 1897 421 1982 scriptura
444 1896 521 1961 berre
541 1899 696 1965 constituit
711 1897 947 1984 Elberlingius,
962 1900 999 1963 de
1021 1908 1104 1982 parte
1126 1897 1224 1962 minus

96 2011 189 2066 reete
201 2001 371 2085 disputarit.
406 1997 452 2063 Ea
473 2010 573 2064 antem
596 2002 689 2065 uerba
711 2003 753 2065 ite
768 2000 926 2065 scribenda
940 2012 1029 2065 sunta
1057 2000 1157 2064 ‘nacti
1172 2022 1226 2066 en·

99 2114 203 2169 suurn
224 2121 316 2167 naues
335 2103 460 2168 soluuut
482 2113 572 2185 atquc
591 2105 688 2169 altero
704 2105 751 2168 die
767 2103 955 2187 Apolloniam
973 2101 1224 2188 [Dyrrhachium]

97 2205 380 2292 praeteruebuntur.
405 2202 549 2287 Quicum
563 2216 669 2270 essent
683 2228 721 2270 cx
738 2205 904 2270 continenti
919 2205 977 2269 uisi
989 2199 1157 2288 Coponius,
1175 2206 1225 2289 qui

99 2308 283 2395 Dyrrhachii
297 2308 387 2374 classi
395 2307 532 2373 Rhodiae
540 2319 689 2393 praeerat,
707 2329 800 2373 naues
815 2329 857 2372 ex
872 2317 957 2392 portu
973 2305 1083 2385 educit,
1098 2319 1140 2386 et,
1158 2329 1226 2371 curn

96 2412 156 2477 iam
170 2411 286 2476 nostris
300 2411 474 2476 remissiore
486 2423 579 2475 uento
594 2411 879 2496 appropinquasset,
902 2410 980 2475 idem
1003 2420 1108 2474 auster
1127 2411 1228 2476 incre·

98 2514 181 2581 bruit
201 2513 375 2596 nostrisque
395 2513 545 2598 praesidio
567 2513 634 2577 fuit.
665 2512 775 2597 Neque
797 2534 869 2577 uero
892 2512 943 2578 ille
964 2513 1002 2577 ub
1024 2534 1089 2578 earu
1105 2535 1227 2579 causam

101 2629 213 2683 conatu
235 2615 417 2693 desistebat,
441 2615 494 2680 sed
516 2614 618 2680 labore
640 2628 672 2681 et
694 2617 920 2701 perseuerantia
941 2628 1097 2681 nautarum
1120 2628 1151 2682 ct
1166 2619 1226 2681 uim

101 2720 292 2809 tempestatis
299 2719 436 2803 superari
446 2739 535 2803 posse
545 2718 698 2802 sperabat,
715 2731 998 2805 praeteruectosque
1006 2717 1228 2804 Dyrrhachium

102 2844 212 2909 magna
234 2823 265 2887 ui
287 2822 370 2886 uenti
393 2821 486 2885 nihilo
501 2822 600 2885 secius
621 2822 833 2906 sequebatur’.
866 2821 1070 2906 ‘Apolloniam
1092 2818 1228 2905 Dyrrha-

101 2928 216 2993 chium’
236 2925 384 3009 scriptum
403 2933 451 2988 cst
469 2922 502 2987 in
516 2920 590 2987 Par.
607 2944 672 2989 sec.
689 2922 780 2989 Leid.
798 2945 843 3010 pr.
861 2921 944 2990 Scal.
962 2921 1065 2988 Haun.
1084 2944 1130 3008 pr.
1148 2946 1229 2988 cum·

101 3030 298 3116 flatibusque
319 3024 512 3091 deteriorum.
543 3023 580 3091 Iu
601 3026 710 3110 quibus
732 3026 833 3093 uerbis
857 3049 925 3090 cum
949 3046 1046 3113 neque
1061 3027 1229 3110 asyndeton

102 3132 189 3210 terri,
204 3150 303 3215 neque
318 3127 366 3192 bio
381 3127 439 3191 ianr
451 3124 672 3213 Dyrrhachium
687 3128 876 3214 praeteruehi
893 3124 1072 3193 Caesariani
1088 3129 1145 3192 dici
1161 3151 1231 3213 pos-

104 3235 186 3315 sint,¹
199 3252 277 3317 qnos
292 3240 395 3316 postes
409 3232 538 3303 demum,
563 3252 630 3294 cunr
645 3251 698 3295 eos
714 3227 868 3316 Coponius
883 3230 999 3294 leuiore
1021 3242 1113 3297 uento
1135 3252 1231 3318 paeuc

105 3346 264 3403 wmarus
278 3346 380 3413 emet,
404 3334 434 3399 id
457 3332 596 3418 oppidum
611 3344 703 3398 uento
717 3354 823 3398 rursus
838 3333 1080 3398 increbrescente
1095 3346 1231 3418 prseter-

105 3450 210 3505 ueetos
232 3456 302 3503 esse
325 3436 512 3512 declaretur,
544 3435 591 3499 his
612 3436 650 3500 de
673 3435 772 3501 causis
792 3434 999 3523 Elberlingius
1020 3448 1104 3500 recte
1126 3436 1232 3502 statuit

106 3537 327 3626 liyurbscbium
340 3538 554 3622 interpolatum
568 3557 637 3602 esse
651 3558 694 3602 ex
708 3538 809 3603 uerbis
826 3560 854 3600 c.
871 3537 931 3616 30,
957 3536 973 3601 t
992 3546 1232 3622 ‘praeteruectus

106 3640 296 3728 Apollonium
318 3638 599 3726 Dyrrbuehiumqnc
621 3661 714 3704 naues
738 3640 904 3704 uiderant'.
940 3636 1000 3705 Sed
1023 3642 1101 3724 quod
1125 3642 1232 3707 deiude

106 3744 293 3811 mbeudum
316 3742 503 3808 existimauit
526 3753 657 3807 ‘etcum
672 3742 732 3806 iam
749 3743 846 3807 nostri
862 3778 904 3793 ·-·
919 3743 1231 3828 appropinquassent',

106 3849 175 3913 atti
189 3848 233 3926 id,
252 3846 330 3931 quod
340 3840 535 3910 Vascusanus
549 3845 647 3929 posuit
662 3845 786 3930 ipseque
801 3846 1026 3931 suprascripsi,
1043 3847 1233 3913 retinendum

107 3949 235 4028 ridetur,
258 3949 331 4014 dicet
344 3949 377 4013 in
392 3947 528 4012 omnibus
543 3948 628 4011 codd.
647 3947 765 4032 legatur
781 3949 1102 4033 ‘appropinquassent',
1120 3962 1149 4015 et
1168 3959 1235 4015 ‘no-

107 4054 187 4119 stris'
202 4054 235 4117 iu
252 4049 360 4116 Cuiae.
376 4061 493 4133 mutum
508 4049 682 4133 duobusque
698 4050 908 4116 deterioribus.
941 4049 1028 4134 Quod
1052 4064 1151 4117 autern
1172 4051 1235 4117 Ou-

106 4154 286 4239 dendorpius
310 4154 444 4219 ‘uostris’
469 4163 501 4218 et
516 4152 824 4236 ‘appropinquassent'
840 4156 931 4219 edidit
946 4167 977 4219 et
993 4157 1048 4219 hoe
1064 4157 1101 4219 ad
1119 4155 1235 4216 ‘naues’

106 4257 220 4337 retulit,
236 4278 275 4322 cu
289 4256 436 4321 cretionis
453 4257 548 4320 forma
564 4255 653 4320 nimis
667 4256 875 4340 impeditaest.
900 4252 1079 4322 Caesariani
1092 4273 1235 4318 neronou
