2692 4688
425 202 566 273 CObffl.
583 201 659 274 Vlll
674 201 940 272 CRM-37.
1244 202 1306 270 tel

127 399 197 445 nem
212 398 254 443 es
269 396 308 443 eo
321 397 447 442 numero
464 378 562 441 uiuum
577 379 641 462 capi
658 378 823 462 potiuntur.
858 373 997 458 Profugit
1010 374 1080 440 iube
1096 395 1162 440 eum
1178 396 1250 461 peu·

127 483 172 548 cia
187 480 351 546 Lucterius
367 501 423 544 nec
438 501 472 543 se
487 481 594 564 recipit
608 481 639 543 in
655 488 765 543 eastre.
799 477 846 542 lie
862 478 938 541 bene
952 486 1037 561 gesta
1046 473 1193 541 Caninius
1209 499 1250 543 ex
1260 477 1306 548 86

128 584 257 669 captiuis
273 583 419 666 comperit
433 593 546 667 partem
562 583 713 666 copiarum
729 602 794 644 cum
810 579 963 665 Drappete
978 580 1091 644 esseio
1107 581 1249 645 castris·

130 686 249 750 milibus
264 685 355 770 longe
370 705 430 747 nou
446 684 571 768 amplius
586 695 648 747 xll.
680 680 748 766 Qua
770 703 804 746 rc
826 704 866 746 ex
892 682 1092 766 compluribus
1116 681 1248 764 cognita,

94 802 109 852 t
132 808 199 853 eum
214 788 406 873 intellegeret
428 789 529 870 fugato
551 786 626 849 duce
649 786 745 849 altero
759 784 935 868 perterritos
951 784 1083 866 reliquos
1098 784 1184 847 facile
1200 805 1252 868 op-

128 889 217 975 primi
232 908 333 975 posse,
350 908 477 972 magnae
488 887 638 952 felicitatis
654 907 723 951 esse
737 886 942 951 arbitrabatur
958 887 1103 949 neminem
1113 888 1252 951 excaeele

130 991 280 1076 relegisse
295 991 328 1054 in
343 1001 462 1068 castra,
488 990 539 1072 qui
560 991 598 1053 ‹le
618 1000 740 1073 acceptu
763 988 933 1052 calamitate
956 988 1091 1051 nuntium
1107 986 1252 1073 Drappeti

129 1096 289 1177 perferret.
307 1092 370 1158 sm
385 1094 416 1156 in
431 1091 619 1175 experiundo
635 1111 701 1154 cum
717 1091 882 1173 periculum
898 1090 1008 1152 nullum
1025 1090 1152 1169 uideret,
1170 1091 1252 1173 equi-
1267 1091 1289 1154 2

131 1204 228 1258 menn
242 1214 359 1259 omnem
375 1191 603 1276 Germanosque
618 1194 749 1276 pedites,
771 1213 904 1257 summac
920 1191 1088 1255 uelocitatis
1104 1192 1250 1271 borsines,

18 1353 21 1360 .
77 1307 109 1359 ιι
132 1296 169 1361 etl
184 1306 285 1360 castra
301 1296 430 1360 bostium
446 1296 628 1379 praemittit3
649 1296 715 1379 ipse
736 1296 883 1378 legionem
907 1316 996 1358 unam
1012 1295 1042 1357 iu
1059 1296 1138 1358 trina
1154 1306 1252 1359 castra

132 1398 303 1476 distribuit,
330 1398 456 1462 alteram
472 1417 573 1461 secum
589 1398 758 1480 expeditam
774 1397 867 1460 ducit.
915 1391 991 1460 Cum
1015 1398 1137 1481 propius
1160 1398 1288 1462 bostisb

131 1499 325 1577 accessisset,
342 1500 380 1563 ab
396 1499 649 1583 exploratoribus,
667 1521 742 1583 quos
759 1499 966 1584 praemiserat,
983 1498 1140 1584 cognoscit
1153 1511 1253 1563 castra

132 1622 257 1681 corun,
279 1612 314 1666 ut
328 1600 522 1666 barbarorum
539 1603 601 1666 fere
617 1602 802 1666 consuetudo
816 1612 882 1675 est,
899 1601 1012 1665 relictis
1029 1602 1102 1665 locis
1118 1602 1254 1686 superio-

133 1704 216 1767 ribus
230 1706 268 1770 srl
283 1705 366 1788 ripas
382 1703 512 1767 llominis
527 1724 595 1768 esse
610 1704 758 1783 bemissc3
783 1714 815 1767 at
828 1701 998 1767 Germanos
1019 1704 1193 1786 equitesque
1207 1706 1254 1768 in·

78 1815 110 1867 ts
132 1806 333 1890 prudentibus
350 1805 489 1901 omnibns
511 1806 548 1869 tc
570 1806 723 1890 inprouiso
739 1806 897 1870 aduolasse
913 1806 1117 1889 proeliumque
1132 1807 1254 1869 commi·

134 1908 226 1972 sisse.
259 1904 328 1990 Qus
349 1926 386 1972 re
407 1908 527 1993 cognita
550 1909 697 1991 legionem
713 1919 856 1971 armatam
872 1909 1106 1989 instructamque
1121 1907 1290 1972 adducitl

134 2005 184 2071 ln
196 2019 322 2093 repente
334 2010 472 2074 onmbm
487 2030 528 2074 ex
544 2009 678 2094 partibus
699 2010 786 2093 siguo
802 2010 870 2074 (loto
885 2010 951 2073 loca
965 2009 1119 2092 superiora
1134 2011 1256 2094 capiun-

137 2121 196 2175 tur.
229 2107 319 2193 Qrol
334 2111 527 2188 eumoccidit,
544 2108 689 2175 Germani
712 2111 886 2193 equitesque
908 2112 1003 2193 signis
1032 2111 1158 2194 legionis
1181 2112 1255 2176 uisis

133 2213 397 2278 uehementissime
411 2215 608 2297 proeliantur.
634 2208 801 2276 Confestim
818 2213 957 2275 cobortes
973 2212 1099 2292 undiquc
1116 2213 1291 2294 impetnmb

77 2324 113 2379 ιι
135 2316 249 2379 faciunt
263 2314 460 2398 omnibusque
475 2327 527 2379 aot
542 2315 710 2379 interfectis
726 2325 778 2378 cut
793 2314 1004 2399 captismagnu
1016 2313 1124 2396 praeda
1140 2315 1258 2395 potinu-

137 2427 198 2481 tur.
228 2413 355 2502 Capitur
369 2417 435 2502 ipse
449 2438 486 2483 eo
501 2417 615 2501 proelio
631 2415 780 2502 Drappes.
806 2413 955 2481 Caninius
972 2415 1142 2480 felicissime
1158 2434 1192 2478 re
1207 2435 1259 2499 ge·
1272 2415 1315 2486 37

135 2528 183 2582 sta
197 2519 264 2583 sine
278 2519 340 2583 ullo
355 2539 451 2603 paene
466 2519 569 2583 militis
586 2521 711 2584 uulnere
726 2522 763 2584 ab
779 2521 956 2584 obsidendos
972 2520 1137 2604 oppidanos
1153 2539 1257 2584 reuer-

135 2619 209 2684 titur
222 2631 412 2704 externoque
429 2622 515 2684 hoste
530 2622 645 2699 deleto,
670 2623 753 2687 euius
770 2623 875 2687 timore
891 2634 980 2687 antea
996 2624 1128 2687 diuidere
1143 2623 1257 2706 pracsi-
1271 2625 1293 2688 2

137 2723 185 2786 lia
201 2734 233 2787 et
248 2723 415 2787 munitione
431 2723 594 2809 oppidanos
610 2725 796 2789 circumdare
812 2726 977 2808 prohibitus
993 2734 1079 2799 erat,
1097 2744 1187 2806 opera
1202 2746 1257 2786 un·

77 2835 111 2886 25
133 2824 222 2907 <lique
236 2824 364 2908 imperat
378 2825 593 2892 administrari.
626 2824 721 2892 Venit
742 2829 843 2893 eodem
868 2848 932 2889 cum
949 2824 1012 2889 sois
1027 2824 1120 2906 copiis
1136 2834 1256 2908 postero
1273 2826 1291 2887 3

135 2926 184 2991 lia
199 2923 296 2992 Ceius
311 2924 425 2992 Fabius
440 2941 613 3014 partemque
628 2931 726 3015 oppidi
740 2929 833 2994 sumit
847 2930 883 2992 ad
899 2925 1104 2991 obsidendum.

247 3101 258 3152 l
275 3100 426 3167 profugitlf
440 3103 558 3169 ‘eeterf',
574 3105 664 3169 ell'ugit
675 3122 720 3155 ce.
858 3103 963 3166 llonge
976 3104 1101 3152 crateron
1115 3101 1257 3164 collocasti,

136 3177 210 3243 guod
219 3181 250 3228 fn
262 3176 287 3229 B
299 3183 327 3228 et
338 3180 452 3246 relr'qua'e
463 3189 529 3247 poet
541 3198 601 3233 eam
613 3197 706 3234 uocem
719 3184 837 3249 legitur,
860 3185 889 3231 a'n
904 3179 988 3231 bede
1001 3182 1150 3231 omittitur.

136 3255 408 3311 munemne.
514 3261 631 3328 pluribus
645 3262 669 3312 b.
775 3259 946 3327 bperterrerl
960 3259 1072 3325 reliquos
1087 3258 1164 3310 facile
1177 3267 1259 3326 etop-

137 3336 213 3401 prlml
227 3335 263 3386 be
275 3337 342 3401 (pro
356 3336 436 3389 facile
448 3347 515 3391 ante
527 3355 600 3391 corr.
615 3340 703 3391 facere
712 3341 756 3402 B).
863 3339 879 3390 b
892 3337 1057 3389 infelicitatis
1065 3338 1214 3390 Danielus:
1229 3344 1260 3389 ιιι

136 3415 280 3475 sequentia
292 3416 332 3463 sie
344 3415 471 3480 explica:
487 3417 509 3467 si
525 3433 598 3467 nemo
610 3445 646 3456 -
657 3418 809 3480 relegisset.
931 3418 1047 3467 nemiues
1061 3417 1094 3465 A.
1227 3431 1258 3466 ex

138 3489 222 3540 caede
234 3489 378 3556 fugisseC‚·
392 3509 424 3545 cx
434 3496 514 3545 caede
523 3495 643 3560 refugare
654 3498 699 3559 bc,
715 3495 843 3546 excedere
857 3492 947 3558 fugere
956 3511 980 3544 e.
1086 3490 1258 3544 brelerretb.

247 3566 263 3618 2
276 3570 437 3636 uelocitatis]
453 3571 589 3622 felicitatis
603 3575 637 3624 A.
804 3569 920 3620 homines
933 3571 988 3622 Bo
996 3570 1137 3621 Dabeeu
1150 3571 1263 3637 (suerat

139 3647 250 3706 omnes).
358 3646 390 3698 10
403 3648 428 3696 in
443 3650 512 3699 trine
525 3664 572 3712 ae,
588 3651 657 3700 intra
669 3650 692 3699 B
705 3655 733 3699 et
743 3648 847 3712 relique·
854 3647 990 3712 plerique.
1097 3647 1125 3697 ll
1143 3649 1261 3714 proprius

138 3723 172 3773 B.
278 3724 498 3789 bostisABGI),
514 3728 602 3778 bostes
616 3744 630 3777 e
645 3711 778 3793 ‘reliqui'.
887 3725 916 3776 lb
926 3725 982 3775 fere
996 3725 1155 3774 consuetudo
1169 3724 1243 3777 estB
1249 3743 1262 3777 e

140 3799 277 3865 ‘reliqui’‚
293 3800 347 3852 fert
360 3803 520 3853 consuetudo
534 3820 594 3853 cum
607 3804 679 3855 And.
695 3805 783 3855 Omen.
798 3819 826 3852 ιι.
945 3801 977 3854 11
990 3801 1095 3850 dimissu
1109 3802 1152 3851 be.

139 3878 293 3944 equitesque
305 3879 351 3941 (Β)
361 3878 424 3942 01),
438 3881 539 3945 equites
551 3882 631 3931 Abe.
739 3879 938 3946 inprudentibus
947 3876 979 3928 B.
1087 3878 1118 3929 15
1132 3880 1260 3947 omnibus]

139 3954 285 4005 bominibus
300 3957 368 4006 bce.
482 3958 615 4025 inprouiso
627 3958 660 4009 B.
777 3959 955 4025 proeliumque
968 3957 1015 4008 Be
1029 3959 1102 4008 ‘men
1117 3960 1258 4028 plerique',

139 4031 346 4098 etproeliumu.
452 4034 627 4085 commississe
641 4033 674 4084 Β.
778 4035 810 4087 18
823 4035 976 4101 equitesque
989 4032 1108 4101 (mel),
1124 4038 1262 4104 equitesA

140 4107 183 4157 bel
189 4123 213 4156 e.
319 4107 354 4162 22
366 4122 449 4172 poene
462 4110 495 4159 B.
610 4110 643 4163 2³
657 4117 735 4160 antea
748 4110 864 4162 diuidere
877 4111 957 4162 ΑΜ
971 4112 1081 4177 ‘relique'
1090 4115 1107 4176 ',·
1122 4114 1204 4164 dicire
1217 4113 1264 4162 arel

140 4183 224 4233 dicire
238 4199 269 4244 e,
291 4199 388 4249 sugere
400 4185 472 4236 And.
489 4188 577 4239 Onon.
593 4191 620 4237 et
631 4202 683 4237 aee.
698 4203 734 4237 m.
750 4187 782 4253 d,
806 4190 875 4240 etbr'
886 4193 915 4239 et
927 4204 940 4238 e
953 4193 1052 4241 omisso
1066 4198 1152 4240 autea.

140 4259 173 4312 21
187 4258 269 4311 Ceius
282 4263 313 4324 B,
329 4261 358 4312 C.
372 4277 400 4311 ιι.

167 4334 253 4378 Caesar
274 4336 309 4380 ed.
327 4335 435 4394 Nipperl.
1071 4339 1110 4403 31
