2684 4694
523 191 822 259 ...85-

111 364 275 430 seeundum
291 363 377 427 codd.
403 365 498 428 forma
514 373 600 446 aptae
615 377 668 428 ant
682 365 875 450 interpositae
891 365 1104 432 enuntiationis
1127 367 1236 451 prima·

107 469 173 532 riae
190 487 249 529 nou
265 465 444 550 respondet,
469 485 519 528 res
542 465 573 527 16
589 467 807 549 permutatione
822 466 873 529 illa
888 480 1053 552 peruagata
1067 471 1235 536 coniuncti·

113 590 218 632 uorum
236 565 354 653 ‘possit'
371 577 402 630 61
418 567 542 650 ‘posset’
558 569 694 632 uertitur.
731 567 802 633 Vid.
827 568 858 631 b.
876 565 958 632 Gall.
976 567 1002 647 l,
1019 570 1052 649 8,
1068 571 1101 637 2.
1118 571 1161 651 V,
1181 571 1234 648 ll,

109 669 142 734 4.
165 668 220 749 46,
245 670 277 733 4.
303 666 474 747 V11,2,2.
502 670 556 748 71,
574 671 603 734 3.
637 670 819 754 Numquae
842 668 969 735 166611.
992 669 1238 754 vll,15‚4te·

108 783 221 858 guntur
245 770 454 855 ‘procumbunt
476 771 613 836 omuibus
636 771 732 837 Gallis
755 773 791 836 ad
815 773 905 857 pedes
928 770 1095 859 Bituriges,
1121 796 1159 840 ue
1175 777 1237 860 pul·

109 874 288 938 uberrimam
306 895 398 958 prope
413 874 505 936 totius
521 871 639 936 Galliae
656 873 770 953 urbem,
795 895 872 958 qnae
895 885 927 939 et
940 876 1090 959 praesidio
1105 887 1137 941 et
1151 898 1240 942 orua-

114 987 216 1040 meuto
231 977 272 1039 sit
287 975 422 1053 ciuitati,
446 976 510 1038 suis
527 974 664 1039 manibus
679 977 862 1040 succendere
878 988 1078 1062 cogerentur:
1104 980 1191 1043 facile
1207 1001 1240 1044 66

111 1077 170 1141 1661
193 1089 299 1142 natura
320 1077 496 1141 defensuros
519 1077 640 1151 dicunt,
665 1075 749 1160 quod
764 1098 856 1162 prope
879 1098 920 1141 ex
940 1078 1077 1143 omnibus
1107 1081 1241 1166 partibus

112 1181 232 1244 1166166
255 1190 286 1244 61
308 1179 415 1262 palude
438 1177 639 1255 circumdata,
664 1199 755 1243 unum
778 1176 886 1243 habeat
902 1190 934 1243 et
949 1191 1162 1266 perangustum
1178 1183 1241 1248 adi·

114 1280 199 1360 1666,
223 1282 293 1344 1166
317 1302 394 1364 quae
416 1301 457 1344 ex
479 1279 598 1364 optimis
618 1280 706 1343 codd.
728 1280 849 1344 restitui
870 1277 944 1359 vlt,
968 1279 1006 1346 61
1026 1295 1108 1347 extr.
1135 1292 1241 1371 ‘parua

114 1405 203 1447 mauu
218 1384 323 1461 61666,
342 1405 418 1466 quae
434 1394 548 1448 tantum
565 1381 785 1467 progrediatur,
810 1394 952 1467 quantum
969 1404 1060 1447 naues
1075 1387 1240 1470 processis·

113 1485 203 1559 seut’‚
220 1497 252 1549 et
266 1506 294 1548 6.
312 1482 355 1548 66
370 1497 449 1550 extr.
472 1486 886 1574 ι66661166166ζ16161666666
902 1486 1071 1549 confirmari
1087 1498 1238 1573 oportere,

114 1608 152 1651 66
168 1597 248 1651 16616
263 1587 438 1670 recipiatur,
456 1607 495 1651 ue
509 1589 548 1652 ad
562 1589 685 1665 liberos,
704 1609 743 1654 ne
758 1589 794 1652 66
811 1597 964 1671 parentes,
981 1588 1019 1651 ad
1036 1610 1165 1654 uxorem
1176 1592 1239 1654 adi·

114 1699 175 1752 166
198 1688 323 1767 habeat,
352 1691 401 1772 qui
424 1711 484 1752 non
505 1690 551 1754 bis
574 1712 628 1776 per
650 1711 758 1775 agmen
790 1689 918 1754 hostium
943 1689 1185 1773 perequitasset’,
1209 1702 1242 1756 et

112 1788 168 1869 66,
184 1790 204 1854 1
222 1792 358 1876 ‘proinde
373 1793 490 1876 agmine
505 1792 663 1876 impeditos
679 1792 881 1857 adorirentur.
907 1787 942 1854 Si
957 1791 1071 1875 pedites
1079 1794 1142 1856 suis
1153 1794 1240 1857 auxi·

111 1894 184 1957 lium
202 1896 301 1956 lerant
314 1905 404 1976 atque
419 1895 450 1957 16
466 1914 502 1956 66
517 1904 684 1972 morentur,
700 1895 760 1959 iter
768 1897 869 1959 lacere
877 1914 937 1956 nou
949 1892 1049 1979 posse'
1061 1905 1147 1972 6611,
1166 1894 1239 1960 liaeo

112 1996 208 2079 igitur
224 1995 393 2058 rectissime
409 1995 559 2058 dicuntur.
583 1993 664 2058 Nam
680 1996 890 2061 coniunctiuus
907 2008 939 2060 et
953 1998 1084 2060 loturum
1101 2007 1239 2060 exactum

112 2107 147 2161 61
162 2095 360 2180 imperatiuus
375 2096 507 2158 directae
523 2097 668 2160 orationis
683 2097 839 2182 inobliqua
852 2099 999 2177 oratione,
1017 2119 1083 2161 cum
1100 2110 1240 2163 accurate

112 2198 236 2274 dicitur,
254 2199 286 2261 16
302 2198 522 2260 666166611666
537 2197 704 2282 imperfecti
719 2211 750 2264 et
770 2200 1049 2287 plusquamperleoti
1069 2212 1237 2266 transeunt.

115 2298 176 2364 Vll
191 2313 304 2377 tamen,
331 2299 382 2380 19,
410 2299 555 2365 5retiuui
572 2302 747 2386 scripturam
769 2303 1016 2387 interpolatorum
1040 2304 1126 2367 codd.
1152 2312 1239 2386 ‘quos

113 2423 180 2466 cum
195 2402 239 2466 sic
253 2402 353 2466 66166
370 2415 490 2487 paratos
505 2403 625 2482 uideat,
649 2414 683 2467 ut
704 2402 815 2467 nullum
832 2424 884 2488 pro
900 2425 954 2468 sua
975 2405 1061 2469 laude
1077 2406 1240 2491 periculum

114 2516 271 2583 recusent,
295 2527 427 2570 summae
449 2528 482 2570 se
502 2505 671 2588 iniquitatis
696 2506 888 2570 condemnari
904 2508 1032 2586 debere,
1056 2509 1114 2572 nisi
1136 2529 1240 2571 eorum

115 2609 206 2673 uitam
221 2630 277 2674 sua
292 2608 388 2672 661616
405 2607 511 2671 habeat
526 2608 697 2672 cariorem‘.
734 2606 814 2672 Natu
837 2609 863 2672 61
888 2611 1040 2674 ‘uideret'
1065 2611 1240 2695 probamus,

115 2712 193 2794 quod
208 2713 240 2775 in
255 2709 378 2793 reliquis
393 2711 480 2774 6666.
497 2710 626 2794 legitur,
651 2713 741 2775 etiam
757 2710 956 2775 ‘recusarent‘
972 2712 1159 2776 scribendum
1180 2723 1238 2791 661,

115 2833 201 2896 quam
217 2813 432 2877 correctionem
449 2833 526 2877 unus
542 2810 642 2898 Bong.
651 2835 697 2898 pr.
707 2814 881 2894 adiuuat,iu
897 2833 956 2897 qno
972 2812 1238 2878 est‘recusasent'.

201 3013 273 3081 Lib.
292 3014 347 3095 Vl,
366 3014 418 3096 11,
435 3016 502 3080 216
518 3017 700 3081 6166666166
724 3015 780 3081 ‘ln
797 3015 896 3082 Gallia
912 3039 971 3081 uon
987 3018 1131 3081 6616616
1147 3018 1241 3082 omui·

117 3117 173 3183 bns
195 3119 367 3184 ciuitatibus
390 3131 478 3202 atque
500 3119 533 3182 in
556 3118 693 3182 omnibus
716 3121 799 3204 pagis
821 3119 1032 3204 partibusque,
1065 3121 1118 3183 666
1146 3140 1241 3204 paene

119 3222 209 3286 etiam
225 3222 352 3305 singulis
369 3221 503 3285 domibus
520 3220 666 3283 lectiones
681 3223 759 3284 suut’
784 3218 914 3285 Dauisio
936 3221 1161 3305 ‘partibusque’
1184 3222 1241 3286 tol·

117 3325 236 3388 lendum
251 3325 348 3388 61666
364 3338 422 3401 661,
441 3324 518 3406 quod
534 3333 634 3406 partes
650 3323 817 3387 ciuitatium
830 3320 955 3388 Caesari
972 3324 1040 3410 pagi
1055 3324 1238 3388 dicerentur.

118 3421 205 3507 Quae
219 3449 293 3491 sane
308 3427 386 3489 ratio
402 3426 483 3490 nulla
498 3437 563 3506 est,
588 3446 653 3489 666
668 3425 806 3490 ciuitates
822 3448 881 3490 uon
897 3427 992 3490 solum
1008 3426 1040 3488 16
1055 3447 1165 3510 pagos,
1188 3426 1242 3489 666

118 3528 208 3592 61166
224 3529 255 3592 16
270 3529 344 3592 61166
360 3541 459 3614 partes
476 3528 591 3593 diuisae
607 3549 674 3593 esse
698 3529 860 3612 potuerint.
901 3524 962 3593 Sed
992 3528 1070 3612 quod
1100 3523 1242 3592 curtim

120 3637 224 3716 ‘pagos
247 3629 416 3713 partesque'
441 3631 542 3695 eadem
566 3630 717 3695 sententia
736 3630 795 3695 6161
816 3605 1011 3696 existiuiabat
1031 3640 1118 3712 atque
1135 3638 1242 3713 ‘pagos

117 3744 276 3817 partesque
291 3733 456 3816 pagorum',
481 3735 576 3796 torma
602 3732 749 3797 orationis
764 3733 861 3797 661166
877 3732 951 3796 61166
967 3731 1025 3795 6161
1041 3728 1160 3796 Galliae
1176 3753 1242 3816 par·

117 3846 163 3899 166
183 3835 317 3918 intellegi
340 3833 462 3917 patitur.
497 3834 591 3919 Atqui
615 3836 769 3913 ciuitates,
794 3836 880 3919 pagi,
906 3835 1008 3898 domus
1031 3834 1148 3918 speeies
1171 3845 1242 3897 suut

116 3937 245 4022 partium
260 3935 390 4001 Galliae.
414 3934 518 4019 ltaque
533 3938 637 4001 uitium
652 3939 684 4001 in
700 3958 736 4000 eo
752 3937 878 4020 positum
895 3947 953 4017 661,
971 3936 1049 4019 quod
1064 3947 1241 4020 partescum

117 4041 165 4104 his
179 4041 327 4105 orationis
343 4041 438 4103 lorma
454 4051 676 4122 exaequantur,
693 4049 783 4122 atque
797 4039 840 4103 ita
856 4061 951 4124 genus
968 4051 1116 4122 tamquam
1126 4041 1243 4122 species

117 4145 239 4228 generis
256 4143 387 4227 ponitur.
421 4143 523 4225 Atque
545 4141 600 4204 hac
622 4141 658 4204 de
681 4161 771 4206 causa
795 4139 921 4207 Dauisio
943 4142 1165 4207 assentiendum
1182 4149 1240 4203 est.

118 4243 208 4330 Quod
224 4246 272 4312 hio
282 4247 315 4312 iu
330 4246 432 4312 codice
448 4246 613 4331 archetypo
629 4245 738 4309 lactum
754 4254 813 4326 est,
837 4243 914 4309 idem
937 4241 964 4323 1,
989 4242 1042 4322 12,
1066 4243 1088 4307 t
1102 4243 1244 4306 1616166-
