2692 4688
382 244 385 248 ·
448 200 746 274 cutmncnr.
761 206 916 277 il-bb.
1256 202 1322 275 bdl

141 377 224 443 uitae
239 385 375 461 ternpore
390 374 526 441 homines
542 378 642 444 lucere
656 390 850 459 consuerunt,
867 388 918 443 eut
931 399 1017 445 mom
1032 391 1158 446 norun
1172 381 1264 449 niso
1303 434 1311 461 ,.

140 480 289 547 rabautur
302 489 355 544 aut
370 488 510 564 ponentes
525 500 597 545 suos
613 482 872 560 commendabant,
889 482 916 546 si
932 503 1007 565 quoe
1022 503 1062 547 ex
1078 503 1115 549 ec
1131 485 1263 568 periculo

141 584 263 648 lurtum
287 601 411 646 seruere
433 583 590 665 potuisset.
627 580 724 648 Pleno
744 595 833 648 erant
854 583 954 649 omnio
977 574 1091 648 timoris
1107 596 1138 649 et
1151 585 1262 650 lectus.

142 682 259 763 Curio,
284 681 335 749 ubi
358 683 528 768 perterritis
551 684 689 750 omnibus
711 706 808 770 neque
830 686 1055 751 cohortationes
1078 706 1149 751 suas
1165 708 1261 771 neque
1274 686 1321 758 dt

103 800 122 853 5
144 807 249 875 preces
264 786 362 850 audiri
377 785 543 870 intellegit,
571 807 660 852 unam
682 797 716 852 ut
738 787 770 850 in
785 786 903 852 miseris
918 787 1009 853 rebus
1024 809 1106 872 spem
1120 789 1264 873 reliquam

142 888 250 955 sslufis
267 908 335 953 esse
350 887 514 953 arbitratus
537 889 691 972 proximos
713 890 807 955 colles
823 910 931 974 capere
946 891 1107 956 uniuersus
1122 901 1211 973 etque
1226 911 1264 955 co

142 990 230 1076 signe
251 990 357 1055 inferri
382 990 474 1055 iubet.
507 988 573 1055 llos
594 1011 713 1074 quoque
734 1002 934 1075 praeoccupat
954 992 1065 1057 missus
1089 1013 1106 1056 ιι
1129 988 1265 1057 sanun

144 1092 305 1177 equitatus.
330 1090 410 1155 Tum
420 1112 492 1155 uero
506 1093 544 1156 ed
559 1114 704 1157 summum
719 1092 956 1177 desperationem
973 1094 1070 1159 nostri
1086 1095 1265 1179 perueniunt
1278 1095 1301 1161 2

144 1203 177 1259 et
191 1194 296 1278 partim
313 1193 461 1277 fugientes
477 1193 514 1257 ab
530 1195 662 1277 equitatu
677 1195 915 1273 interficiuntur,
939 1197 1046 1280 partim
1069 1195 1179 1280 integri
1195 1218 1265 1282 pro·

86 1306 123 1361 tt
143 1295 298 1361 cumbunt.
329 1294 477 1360 llortntur
492 1291 657 1361 Curionem
672 1293 732 1361 Cn.
752 1295 913 1376 Domitius,
930 1300 1101 1381 praelectus
1116 1298 1260 1382 equitum,
1278 1298 1299 1364 3

145 1420 213 1462 cnm
229 1398 330 1482 paneis
345 1398 493 1481 equitibus
510 1398 745 1474 circumsistens,
763 1410 796 1463 ot
811 1400 878 1483 lupo
894 1400 1019 1465 salutem
1035 1411 1117 1486 petat
1127 1412 1217 1486 etque
1231 1400 1263 1466 io

143 1510 245 1565 castra
260 1499 430 1578 contendat,
448 1510 527 1564 etse
542 1500 579 1563 ab
595 1522 631 1565 co
647 1523 708 1565 non
723 1501 923 1566 discessurum
939 1502 1108 1586 pollicetur.
1141 1504 1186 1567 At
1201 1498 1301 1568 Cot

143 1600 192 1666 rio
206 1622 363 1686 numquam
378 1622 414 1666 se
429 1602 538 1667 amisso
554 1604 702 1682 exercitu,
719 1625 804 1688 quem
820 1599 981 1668 nGsesare
996 1604 1264 1672 fideicommissum

145 1704 308 1790 acceperit,
325 1704 356 1768 in
371 1704 436 1769 eius
444 1715 634 1791 conspectum
650 1726 843 1771 reuersurum
855 1707 1109 1790 confirmatatque
1124 1707 1165 1770 ite
1177 1728 1263 1792 proe-

89 1816 123 1871 tu
144 1806 223 1872 licus
238 1805 429 1870 interficitur.
460 1805 587 1890 Equites
609 1830 649 1871 cx
671 1807 783 1892 proelio
807 1807 947 1892 perpauci
970 1827 1004 1872 se
1019 1807 1185 1891 recipiunt,
1210 1807 1299 1873 sed5

145 1907 187 1985 ii,
211 1929 288 1995 quos
303 1909 340 1972 ad
356 1908 548 1974 nouissimum
565 1930 671 1993 agmen
688 1930 830 1993 equorum
847 1909 1072 1974 reficiendorum
1088 1931 1178 1974 ceusa
1194 1910 1265 1974 sub-

144 2008 261 2074 stitisse
269 2008 498 2076 demonstratum
509 2022 565 2089 est,
586 2011 754 2095 lugatotius
770 2010 922 2073 exercitus
938 2012 1039 2096 procul
1055 2012 1265 2078 animaduersa

146 2130 216 2176 sese
229 2110 395 2175 incolumes
410 2111 440 2177 in
456 2123 555 2177 castra
572 2115 740 2176 couierunt.
764 2109 880 2175 Milites
895 2113 931 2175 od
948 2134 1037 2175 unum
1054 2136 1156 2178 omnen
1173 2115 1266 2178 inter·

145 2212 300 2279 ficiuntur.
333 2212 388 2277 ttts
409 2213 501 2279 rebus
524 2216 651 2300 coguitis
667 2212 803 2278 Marcius
818 2212 917 2277 liuius
941 2225 1083 2295 quaestor
1103 2216 1134 2277 in
1158 2215 1265 2277 castris
1280 2212 1323 2282 43

85 2324 122 2382 2⁰
143 2314 267 2380 relictus
282 2336 299 2379 u
316 2311 451 2381 Curione
466 2317 638 2382 cohortatur
653 2337 737 2396 suos,
756 2336 793 2379 ne
809 2316 907 2378 auimo
924 2315 1073 2378 deliciunt.
1115 2313 1162 2380 llli
1179 2326 1267 2378 orant

145 2427 236 2501 atque
250 2417 427 2494 obsecrant,
452 2429 485 2483 ut
507 2418 538 2482 iu
554 2416 688 2483 Siciliam
712 2419 838 2483 nauibus
853 2429 1057 2503 reportentur.
1102 2413 1268 2483 Pollicctur
1323 2477 1327 2493 ,

143 2518 356 2604 magistrisque
371 2522 498 2606 imperat
512 2523 649 2601 nauium,
668 2534 699 2586 ut
715 2522 809 2607 primo
825 2542 952 2606 uespere
968 2542 1070 2585 omncs
1086 2522 1212 2607 scopbas
1227 2523 1264 2586 ad

145 2620 217 2687 litus
233 2622 373 2709 adpulsas
388 2624 528 2688 babeant.
561 2620 622 2688 Sed
639 2634 739 2688 tentus
754 2626 808 2688 luit
825 2624 955 2688 omnium
973 2635 1083 2703 terror,
1101 2637 1135 2689 ut
1149 2625 1200 2690 clii
1214 2624 1301 2690 att-t

146 2743 215 2789 esse
237 2725 339 2810 copies
361 2722 453 2790 lubae
476 2726 629 2806 dicerent,
663 2727 712 2791 alii
740 2748 805 2790 eum
830 2725 996 2810 legionibus
1017 2727 1133 2789 instare
1148 2724 1264 2791 Varum

83 2834 121 2892 25
142 2823 302 2909 iamqucse
312 2827 464 2912 puluerem
478 2829 804 2907 uenientiumccrnere‚
823 2850 944 2911 quarum
956 2848 1055 2892 rerum
1066 2827 1267 2889 nihilomnino

145 2928 315 3007 occiderat,
340 2929 389 2992 olii
407 2930 532 2995 classem
556 2932 685 2995 bostium
702 2933 844 2995 celeriter
859 2930 1062 2993 aduolaturam
1079 2926 1268 3010 suspicaren-

145 3038 206 3094 tur.
243 3026 350 3114 ltaque
373 3033 544 3115 perterritis
559 3032 696 3096 omnibus
712 3032 767 3094 sibi
785 3032 908 3114 quisque
925 3030 1112 3093 consulebat.
1159 3024 1220 3110 Qui
1236 3029 1266 3091 in
1281 3026 1302 3092 3

146 3130 246 3198 classe
255 3143 352 3211 crant,
370 3135 518 3215 proticisci
535 3134 743 3218 properabunt.
761 3131 875 3194 Horum
893 3133 962 3214 luga
978 3131 1096 3194 nauium
1113 3130 1268 3193 oneraria·

146 3254 213 3297 rum
230 3235 389 3318 magistros
404 3236 567 3300 incitabatz
591 3236 677 3320 pauci
693 3234 845 3299 lenunculi
861 3234 897 3297 ad
912 3234 1036 3297 officium
1053 3233 1267 3318 imperiumque

86 3348 122 3401 ³⁰
146 3337 376 3402 conueniebcnt.
417 3335 475 3402 Sed
502 3349 584 3402 tanta
608 3348 674 3402 crat
694 3336 847 3421 completis
872 3336 1008 3400 litoribus
1024 3336 1192 3411 eontentio,
1217 3333 1304 3418 quib

146 3439 331 3524 potissimum
348 3463 388 3505 ex
403 3463 512 3525 magno
528 3461 652 3505 numero
668 3439 916 3516 conscenderent,
935 3448 966 3501 ut
982 3438 1267 3520 multitudineatquc
1322 3510 1326 3523 ί

254 3696 328 3766 leo]
342 3716 388 3751 suo
402 3716 418 3749 n
429 3698 453 3749 b.
576 3699 590 3749 5
603 3699 693 3750 nudire
706 3699 765 3748 eine
777 3697 955 3747 annotatione
969 3709 995 3745 ιι.
1125 3694 1151 3743 in
1164 3694 1268 3744 miseris

144 3791 162 3826 ιι
178 3774 251 3827 ‘men
266 3782 293 3828 ct
306 3777 367 3828 edd.
382 3776 466 3842 qdd.',
481 3776 585 3827 miseris
598 3778 622 3827 in
637 3793 665 3828 u.
766 3788 836 3840 spem
849 3773 881 3823 ad
896 3771 996 3838 reliqua
1011 3771 1036 3821 b.
1139 3770 1155 3822 9
1169 3777 1269 3838 partem

146 3853 243 3918 integri
257 3870 284 3904 a.
392 3855 423 3906 to
436 3854 596 3922 preelectus]
610 3855 684 3917 Pllu,
700 3870 738 3920 pr.
754 3852 825 3904 bod.
932 3866 997 3916 eque
1012 3847 1073 3900 bed
1085 3853 1111 3899 ot
1123 3851 1269 3903 seeundum

147 3930 344 3981 Acbcr'ntrium
356 3947 382 3994 ιι,
397 3931 430 3981 de
441 3946 494 3996 quo
509 3935 582 3981 lacet
591 3931 745 3997 cherle'ue.
851 3927 881 3978 13
891 3942 1018 3994 nunquam
1028 3925 1078 3993 (ιι).
1186 3929 1216 3980 tt
1226 3944 1268 3979 ne·

148 4007 249 4073 ceperit
262 4022 291 4058 se
304 4008 329 4057 in
345 4011 435 4058 inuito
450 4007 517 4058 Ortd.
532 4023 559 4057 ιι.
669 4007 698 4058 15
714 4022 746 4056 ex
759 4005 858 4072 proelio
872 4006 994 4072 perpauci
1008 4021 1024 4055 a
1038 4006 1112 4056 ‘mse
1124 4006 1266 4073 plerique’,

147 4085 273 4151 perpsoei
286 4100 319 4135 cx
332 4085 429 4151 proelio
442 4100 469 4134 ιι.
626 4085 672 4136 scd
687 4084 712 4133 bi
725 4099 751 4133 ιι.
891 4077 1076 4147 llblarciusa,
1092 4081 1200 4136 Montius
1214 4086 1266 4144 bc‚·

148 4159 184 4213 bl·
198 4178 226 4212 ιι.
367 4161 398 4213 nt
414 4161 584 4227 deportentur
598 4161 622 4209 b.
762 4156 935 4214 essentne.
1058 4159 1091 4212 23
1105 4160 1228 4227 adpulsas
1239 4175 1266 4210 a.

256 4239 289 4291 2⁹
304 4238 438 4304 imperium
450 4238 642 4289 conueniebant
653 4251 679 4287 a.
786 4236 819 4287 30
832 4236 963 4288 littoribus
977 4253 1004 4287 a.

162 4334 256 4393 Goesar,
266 4337 302 4382 ed.
313 4337 422 4396 lltpperd.
1054 4317 1097 4382 36
