2692 4688
82 196 146 265 82⁰
482 189 540 260 DE
562 188 707 259 uncto
724 187 916 259 uuerco

140 367 237 433 omnis
253 362 379 430 Gallicis
401 364 527 428 nauibus
550 385 619 448 spes
641 365 672 428 iu
695 365 770 428 nelis
792 363 1044 446 armamentisque
1066 363 1261 442 consisteret,

103 470 126 536 8
143 472 190 535 bis
206 468 316 552 ereptis
332 466 428 532 omnis
445 487 516 530 usus
531 467 651 530 nauium
668 488 727 529 uno
742 476 876 550 tempore
892 466 1071 550 eriperetur.
1100 463 1261 548 Reliquum

142 583 208 639 erat
223 581 375 636 certamen
392 569 520 653 positum
536 569 567 631 in
584 570 706 645 uirtute,
724 591 781 652 qua
797 569 893 633 nostri
910 569 1018 632 milites
1035 568 1122 633 facile
1137 588 1263 651 supera·

139 677 225 754 bant,
244 685 333 757 atque
349 693 385 737 eo
401 672 508 756 magis,
526 672 602 754 quod
619 672 650 735 in
665 682 826 754 conspectu
838 669 981 736 Caesaris
997 681 1087 754 atque
1102 671 1199 735 omnis
1210 691 1265 736 ex·

141 779 253 845 ercitus
267 796 317 840 res
332 774 511 861 gerebatur,
534 784 568 837 ut
588 774 699 838 nullum
722 774 810 859 paulo
833 775 940 838 fortius
956 776 1065 838 laetum
1080 773 1176 837 latere
1191 793 1262 857 pos·
1282 787 1298 839 a

104 881 208 960 9set3
233 899 335 943 omues
359 878 438 942 enirn
453 877 544 941 colles
560 899 595 940 ac
611 877 677 940 loca
692 877 867 961 superiora,
894 877 971 940 unde
993 885 1061 940 erat
1081 876 1264 960 propinquus

83 984 126 1056 15
143 985 302 1067 despectus
317 981 350 1046 in
364 1000 459 1055 mare,
477 979 513 1043 ab
529 979 667 1043 exercitu
684 980 872 1043 tenebuntur.
895 977 1053 1058 Disiectis,
1071 990 1103 1042 nt
1117 977 1263 1060 diximus,

141 1084 308 1162 antemnis,
332 1103 400 1146 cum
426 1082 559 1164 singulas
582 1080 670 1145 binae
692 1101 727 1145 ac
750 1092 855 1147 ternae
877 1101 971 1145 naues
987 1082 1262 1162 circumsteterant,

141 1189 251 1253 milites
273 1185 441 1250 summani
463 1185 679 1248 transcendere
701 1185 732 1249 in
756 1184 883 1248 bostium
907 1205 1000 1248 naues
1029 1184 1262 1250 contendebant.

105 1291 128 1358 2
143 1288 229 1373 Quod
245 1298 399 1373 postquam
417 1286 536 1351 barbari
552 1287 617 1350 beri
633 1287 928 1364 animaduerterunt,
947 1286 1127 1370 expugnatis
1142 1289 1266 1373 coapln·
1287 1300 1321 1354 to

141 1393 225 1460 ribus
241 1390 380 1467 nauibus,
399 1410 465 1452 cum
481 1389 508 1452 ei
524 1389 570 1452 rei
586 1390 700 1453 nullum
716 1390 901 1474 reperiretur
915 1389 1078 1466 auxilium,
1097 1390 1165 1474 luga
1181 1390 1265 1456 sala-

107 1497 202 1561 3tem
219 1504 323 1578 petere
336 1492 566 1555 contenderunt.
605 1489 653 1554 Ac
675 1491 733 1554 iam
750 1491 905 1556 conuersis
921 1490 952 1553 in
968 1511 1033 1555 eam
1049 1501 1164 1574 partem
1178 1493 1264 1559 mati·

142 1597 219 1675 bus,
237 1615 295 1679 guo
312 1603 420 1657 uentus
436 1592 570 1669 ferebat,
588 1603 672 1656 tanta
686 1594 784 1657 subito
800 1594 926 1657 malacia
941 1613 978 1655 ac
995 1594 1193 1675 tranquillitas
1209 1615 1266 1661 ex·

106 1699 128 1762 t
144 1699 216 1774 uuir,
234 1708 267 1761 ut
281 1716 315 1761 se
331 1716 372 1760 ex
387 1694 453 1759 loco
468 1715 657 1760 commouere
673 1715 733 1759 nou
750 1706 883 1780 possent.
925 1692 1011 1776 Quae
1026 1695 1145 1777 quidem
1159 1716 1213 1762 res
1226 1698 1266 1765 ad

111 1798 131 1865 b
147 1801 299 1884 negotium
316 1797 531 1863 conficiendum
546 1798 677 1863 manium
693 1799 747 1861 luit
763 1808 949 1883 opportuna:
976 1817 1044 1862 num
1060 1798 1196 1882 singulas
1210 1818 1266 1865 no·
1286 1811 1319 1865 ts

141 1903 197 1967 stri
212 1901 377 1966 consectati
393 1911 653 1984 expugnaueruut,
671 1912 704 1965 ut
718 1922 884 1985 perpaucae
899 1921 941 1964 ex
956 1900 1036 1963 omni
1057 1921 1184 1965 numero
1209 1922 1266 1967 no·

143 2004 200 2068 ctis
222 2005 394 2067 interuentu
418 2003 453 2066 ad
478 2012 588 2067 terram
605 2004 817 2086 peruenerint‚
845 2025 912 2066 cum
928 2003 964 2068 ab
981 2002 1055 2068 bora
1078 2004 1144 2069 iere
1158 2014 1265 2087 quarta

84 2104 127 2177 16
142 2125 236 2188 usquc
251 2106 288 2170 ad
304 2107 377 2170 solis
393 2124 531 2169 occasum
547 2117 742 2190 pugnaretur.
785 2102 854 2187 Quo
875 2106 989 2190 proelio
1005 2105 1113 2170 bellum
1129 2102 1266 2171 Veneto·

105 2208 209 2274 2rum
224 2207 378 2292 totiusque
393 2229 464 2272 orae
487 2209 663 2273 maritumae
686 2210 852 2273 conlectum
869 2220 927 2274 est.
971 2206 1054 2272 Nam
1077 2227 1141 2273 cuna
1164 2208 1264 2273 omnis

143 2312 297 2388 iuuentus,
314 2332 418 2375 omnes
434 2310 523 2373 etiam
540 2312 689 2394 grauioris
705 2311 832 2388 aetatis,
850 2312 881 2374 in
897 2310 1004 2394 quibus
1018 2308 1128 2393 aliqud
1142 2309 1264 2375 consilii
1285 2322 1324 2378 bb

143 2425 196 2477 aut
211 2413 364 2498 dignitatis
381 2414 447 2488 luit,
465 2433 500 2476 eo
510 2424 728 2490 conuenerant,
746 2425 806 2477 tum
816 2414 936 2477 nauium
945 2413 1024 2494 quod
1039 2409 1148 2496 ubique
1162 2411 1265 2478 marus

107 2512 129 2578 3
144 2516 175 2578 iu
191 2535 282 2578 uuum
297 2514 394 2576 locum
404 2521 584 2594 coegerant,
602 2515 708 2598 quibus
722 2515 840 2578 arnissis
856 2516 964 2598 reliqui
980 2534 1077 2599 neque
1092 2534 1151 2598 quo
1166 2534 1202 2579 sc
1215 2532 1265 2579 rc·

145 2618 300 2701 ciperent,
331 2636 428 2697 neque
457 2617 701 2698 quemadmodum
726 2618 831 2702 oppida
855 2618 1071 2696 defenderent,
1101 2616 1262 2683 babebant.

107 2718 247 2802 litaque
262 2738 295 2782 se
311 2738 424 2801 suaque
439 2719 538 2782 omnia
554 2713 680 2783 Caesari
696 2720 882 2784 dediderunt.
928 2718 964 2784 ln
985 2741 1061 2803 quos
1082 2738 1121 2785 eo
1140 2720 1265 2809 gramm

144 2818 261 2888 Caesar
275 2821 484 2886 uindicandum
500 2822 622 2898 statuit,
648 2843 705 2905 quo
722 2823 894 2906 diligentius
909 2823 939 2885 in
955 2822 1100 2906 reliquum
1118 2834 1265 2908 tempusa
1286 2833 1323 2891 2⁸

251 3101 267 3153 3
281 3099 376 3168 nostri]
389 3100 439 3152 nisi
448 3115 495 3168 pr.
507 3115 544 3153 aa.
557 3101 591 3154 B.
696 3101 711 3152 b
724 3101 883 3165 gerebantur
894 3104 1068 3167 cumpuncta
1079 3100 1129 3151 sub
1143 3098 1204 3153 aa.

143 3178 229 3247 paullo
242 3179 300 3245 (B).
404 3180 420 3232 Ἰ
434 3179 541 3231 deiectis
553 3195 585 3242 a,-
598 3178 680 3243 igitur
692 3179 755 3230 add.
773 3179 805 3230 C.
893 3179 909 3229 8
922 3192 952 3228 ae
962 3178 1010 3244 (B)
1022 3174 1127 3245 Cels)
1140 3174 1263 3242 ‘onnes'g

143 3262 171 3304 et
182 3256 225 3319 Ι),
238 3262 284 3305 aut
295 3255 329 3307 E.
433 3257 658 3308 circumsisterent
671 3257 685 3306 b
696 3258 771 3324 cas,
786 3256 1023 3322 circumsisterent,
1037 3261 1069 3307 ut
1078 3255 1264 3309 Aaaaantrtua

141 3332 245 3398 reffert,
266 3333 306 3397 B,
324 3349 376 3399 pro
393 3350 446 3398 quo
459 3350 476 3386 c
489 3333 682 3402 appellandum
691 3336 784 3401 suinae
803 3341 833 3388 et
848 3336 973 3403 Beperla'e'
989 3337 1134 3387 silentiam
1149 3342 1179 3389 et
1194 3342 1266 3391 acri·

139 3415 225 3476 ptura
239 3409 326 3475 bees
334 3409 420 3461 docet.
600 3412 632 3464 to
645 3412 701 3463 fleri
713 3427 767 3463 om.
783 3414 806 3464 b.
971 3415 1214 3467 animaduerterunt
1224 3416 1261 3467 Ι).

250 3486 417 3553 conpluribus
429 3489 461 3539 B.
567 3487 596 3540 ll
612 3491 793 3556 repperiretur
805 3491 837 3541 B.
937 3492 1262 3561 l2contendabantbaj.

250 3564 283 3617 ta
296 3564 356 3631 quo]
371 3567 396 3616 in
411 3581 485 3633 quarn
498 3568 577 3634 eset
588 3583 641 3618 see.
653 3583 690 3617 m.
706 3569 731 3618 b.
841 3568 952 3620 malacia
964 3571 989 3620 B
1001 3570 1117 3634 (diserto
1132 3572 1263 3636 tutin),

142 3642 248 3694 malatia
261 3640 300 3705 A,
315 3643 418 3694 malicia
431 3645 453 3695 C
459 3646 484 3695 D
492 3646 516 3695 Ε
521 3664 530 3707 ,·
544 3643 668 3695 mollities
682 3646 697 3695 b
711 3649 739 3694 et
750 3659 821 3696 corr.
828 3646 858 3712 s.
999 3647 1088 3697 extitit
1100 3648 1135 3699 B.

144 3718 174 3771 ll
187 3734 292 3769 mouere
307 3719 370 3771 bod
381 3724 423 3784 ct,
438 3724 561 3786 quiante
574 3736 607 3771 ex
620 3720 677 3771 loeo
686 3723 784 3786 ponit,
800 3724 830 3785 s.
955 3723 985 3774 15
999 3724 1128 3776 maximae
1142 3723 1208 3776 bed
1218 3722 1265 3787 (da

140 3812 192 3861 guo
208 3797 397 3864 Oudendorpio
417 3799 580 3865 refragatur
591 3798 709 3862 exempl.
722 3798 819 3863 Febr.)
833 3799 911 3865 eset
923 3815 959 3849 an.
972 3815 1016 3865 pr.
1030 3801 1064 3851 B.
1171 3815 1266 3867 oppor-

140 3874 246 3924 tunitati
261 3875 383 3940 bedas,
396 3875 444 3925 sed
455 3876 500 3924 bic
512 3875 693 3943 oportunitati,
707 3880 741 3926 ut
751 3884 878 3942 oportuna
890 3877 985 3928 ABD.
1074 3877 1106 3931 lo
1119 3878 1213 3930 sectati
1224 3878 1264 3930 D.

250 3950 280 4000 tt
295 3953 462 4014 peruenirent
476 3953 523 4017 bs.
630 3959 722 4019 quartu
735 3952 805 4016 As,
818 3969 858 4004 nn
870 3969 993 4021 supa-cac.
1008 3955 1065 4020 as,
1080 3969 1106 4005 ιν
1121 3955 1179 4021 (Β).

141 4027 174 4080 18
187 4027 254 4092 quod
268 4030 367 4093 proelio
375 4045 423 4096 pr.
436 4047 473 4082 m.
486 4032 520 4082 B.
611 4031 641 4083 lb
655 4032 735 4083 tutius
748 4038 813 4084 unte
826 4034 958 4100 totiusque
969 4033 1034 4085 cdd.
1045 4049 1090 4100 pr.
1103 4050 1141 4085 m.
1153 4034 1187 4085 B.

141 4106 376 4158 maritumacBD.
463 4109 679 4164 2llinnentuam.
690 4125 735 4175 pr.
751 4110 783 4160 B.
884 4112 1019 4177 grauiores
1032 4118 1061 4163 at
1071 4120 1266 4167 anemalata

141 4200 222 4252 super
233 4184 329 4236 aetatis
342 4186 375 4236 B.
480 4188 514 4244 22
526 4204 601 4239 unum
614 4187 641 4239 in
654 4188 774 4255 locutus.
880 4192 914 4247 2l
927 4190 1050 4242 dedirunt
1062 4206 1097 4243 an.
1109 4206 1155 4259 pr.
1171 4189 1203 4242 B.

141 4264 173 4316 25
188 4261 248 4330 quo]
262 4261 328 4330 quod
344 4262 369 4313 11
383 4262 407 4312 b.
