2692 4688
510 237 799 305 cAPvrr-to.
1211 240 1275 311 billi

93 433 232 496 magnum
264 430 416 475 numerum
441 410 582 474 frumenti
604 430 672 474 esse
695 409 842 475 audiebat.
881 408 966 475 llaec
990 411 1032 473 ita
1053 412 1254 499 imperabatla

95 516 276 596 unicuique,
294 513 336 575 ita
352 513 563 596 praecipiebat,
580 514 625 576 uti
640 514 704 577 fieri
719 536 781 577 non
797 534 886 597 posse
901 532 997 596 neque
1012 512 1109 577 locum
1125 538 1217 582 excu-

94 618 172 681 satio
188 617 279 678 ullum
296 615 418 678 baberet
432 636 488 679 nec
504 637 618 678 moram
634 617 858 700 tergiuersatio.
881 613 949 700 lpse
964 616 1079 681 interea
1095 637 1136 681 ex
1151 641 1217 703 per·
1232 620 1253 686 5

94 719 172 802 iugis
189 730 220 782 ct
236 719 341 781 incolis
358 718 485 801 cognitis
501 717 724 782 condicionibus
742 717 893 803 Scipionis
909 728 940 781 et
955 719 1005 801 qui
1020 740 1086 782 cum
1104 741 1140 784 eo
1156 721 1218 786 bel-

57 836 72 886 5
96 823 157 884 lum
180 830 285 884 contra
306 841 341 884 sa
361 820 506 903 gerebant
527 820 665 884 miserari
681 822 811 903 (regium
833 822 911 885 enim
935 820 1098 903 equitatum
1115 821 1217 909 Scipio

94 944 134 987 ex
157 923 310 1007 prouincia
326 921 428 986 Alrica
453 921 565 1000 alebat)
585 932 668 986 tanta
684 922 818 988 bomines
834 944 902 988 esse
918 924 1084 1000 dementia,
1109 935 1143 988 ut
1157 948 1220 991 ma·

92 1027 147 1091 lint
168 1025 251 1107 regis
268 1045 335 1088 esse
351 1023 534 1107 uectigales,
559 1046 646 1106 qnam
662 1046 727 1089 cum
745 1026 861 1089 ciuibus
876 1027 907 1089 in
923 1025 1019 1109 patria
1033 1026 1065 1088 in
1080 1028 1143 1090 suis
1158 1029 1218 1092 ior-

92 1129 172 1192 tnnis
194 1148 263 1191 csse
285 1126 462 1190 incolumes.
496 1122 612 1190 Caesar
636 1149 665 1190 a.
689 1128 719 1190 d.
738 1137 773 1189 tlt
787 1126 872 1192 Non.
890 1125 957 1191 Ian.
977 1139 1076 1194 castra
1098 1132 1254 1211 monet3ll

93 1229 183 1315 Lepti
203 1251 261 1293 sex
283 1228 449 1293 cohortium
473 1229 623 1312 praesidio
646 1249 712 1292 cum
728 1227 861 1294 Saserna
883 1229 989 1294 relicto
1012 1230 1076 1314 ipse
1098 1252 1215 1313 rursus,

39 1343 71 1395 to
93 1333 171 1396 unde
187 1332 280 1417 pridie
297 1340 434 1406 uenerat,
445 1328 610 1413 Ruspinam
627 1352 693 1394 cum
709 1331 830 1414 reliquis
846 1333 938 1417 copiis
955 1333 1105 1396 conuertit
1117 1334 1217 1419 ibique

95 1435 223 1497 sarcinis
238 1434 389 1497 exercitus
405 1431 519 1495 relictis
535 1433 599 1516 ipse
614 1454 679 1496 cum
695 1434 836 1517 expedita
850 1455 939 1498 manu
951 1434 1149 1518 proficiscitur
1159 1441 1218 1501 cir·

96 1557 160 1598 curn
184 1537 271 1599 uillas
288 1537 496 1598 frumentatum
513 1535 726 1619 oppidanisqne
742 1535 879 1620 imperat,
897 1547 930 1600 nt
944 1537 1058 1620 plostra
1072 1537 1218 1604 iumenta·

96 1657 153 1719 qne
183 1638 282 1701 omnia
312 1647 486 1719 sequantur.
518 1635 624 1721 ltaque
654 1659 762 1722 magno
785 1659 909 1701 numero
931 1639 1071 1702 frumenti
1092 1640 1253 1708 innent02

94 1739 260 1824 Ruspinam
276 1741 365 1804 redit.
390 1736 456 1801 Huc
473 1759 539 1801 aum
555 1740 667 1804 idcirco
683 1741 823 1803 existimo
839 1741 1002 1823 recepisse,
1014 1751 1046 1803 ut
1059 1746 1217 1810 marituma

42 1854 72 1907 ta
95 1844 202 1928 oppida
225 1852 294 1925 post
314 1863 348 1905 se
374 1861 412 1905 ne
429 1862 523 1905 uacua
539 1843 723 1924 relinqueret
737 1842 943 1925 praesidioque
959 1844 1073 1905 firmata
1087 1845 1124 1907 ad
1140 1847 1217 1910 clas-

95 1946 152 2010 sim
165 1944 353 2028 receptacula
369 1944 509 2006 muniret.
535 1941 639 2027 ltaque
654 1943 694 2006 ibi
709 1944 815 2006 relicto
830 1941 865 2006 P.
877 1940 1023 2023 Saserna,
1034 1947 1128 2011 fratre
1139 1948 1216 2027 eins,
1229 1949 1272 2020 10

95 2066 182 2130 quem
196 2043 285 2130 Lepti
302 2045 437 2130 proximo
454 2047 558 2130 oppido
574 2047 754 2128 reliquerat,
771 2066 837 2109 cum
853 2047 971 2129 legione
986 2047 1069 2111 iubet
1083 2070 1217 2134 compor-

96 2150 153 2214 tari
169 2149 249 2233 ligna
264 2149 295 2212 in
311 2148 447 2233 oppidum
463 2169 549 2231 quam
566 2148 710 2233 plurima,
724 2149 786 2231 ipse
802 2169 867 2211 cum
884 2149 1056 2212 cohortibus
1071 2160 1129 2228 Vtt,
1142 2173 1216 2234 qnae
1230 2153 1253 2218 2

95 2273 136 2316 ex
150 2251 302 2316 ueteranis
319 2251 483 2336 legionibus
499 2251 530 2313 in
546 2251 643 2314 classe
659 2271 725 2313 cum
740 2248 873 2333 Sulpicio
889 2260 920 2312 et
931 2248 1053 2315 Vatinio
1068 2271 1131 2313 rem
1147 2273 1216 2337 ges·

37 2365 71 2420 20
94 2366 215 2432 serant,
240 2374 281 2417 ex
303 2354 408 2438 oppido
425 2353 561 2437 Ruspina
583 2373 723 2439 egressus
739 2352 938 2437 proficiscitur
952 2352 989 2416 ad
1005 2363 1141 2437 portum,
1166 2356 1216 2438 qui

96 2457 181 2520 abest
202 2456 238 2520 ab
259 2457 363 2541 oppido
379 2457 460 2521 milia
476 2477 614 2540 passuum
631 2457 707 2531 dno,
733 2455 832 2539 ibique
847 2455 973 2518 classem
988 2457 1042 2519 sub
1058 2477 1216 2543 uesperum

96 2580 160 2622 cum
177 2579 212 2623 ea
227 2559 312 2643 copia
327 2560 509 2622 conscendit.
541 2556 685 2623 Omnibus
700 2560 733 2622 in
748 2560 885 2623 exercitu
900 2559 1002 2623 insciis
1018 2570 1048 2623 et
1063 2560 1252 2645 requiren·3

96 2662 173 2726 tibus
195 2663 385 2746 imperatoris
408 2662 566 2725 consilium
589 2682 697 2746 magno
720 2672 800 2724 metu
823 2681 858 2724 ac
880 2662 1057 2724 tristimonio
1072 2662 1217 2726 sollicita-

94 2764 213 2829 bantur.
238 2761 337 2827 Parna
352 2763 430 2827 enim
446 2785 511 2827 cum
528 2764 612 2847 eopia
627 2773 658 2826 et
672 2783 708 2825 ea
723 2765 854 2825 tironum
870 2782 966 2843 neque
983 2766 1063 2827 omni
1078 2766 1217 2847 exposita
1230 2764 1253 2828 4

37 2875 70 2931 2⁵
93 2866 125 2930 in
135 2865 239 2930 Airica
255 2877 360 2929 contra
376 2887 498 2951 magnas
515 2866 615 2950 copias
631 2875 662 2927 et
676 2865 840 2928 insidiosae
855 2863 986 2926 nationis
997 2865 1217 2948 equitatumque

93 2969 338 3033 innumerabilem
367 2990 400 3032 se
423 2970 577 3054 expositos
605 2967 747 3031 uidebant
768 2986 865 3049 neque
886 2965 1042 3047 quicquam
1062 2965 1163 3030 solatii
1184 2969 1216 3032 in

95 3071 265 3156 praesentia
281 3090 376 3150 neque
391 3072 536 3134 auxilium
552 3072 584 3134 in
599 3090 721 3133 suorum
738 3068 864 3132 consilio
880 3067 1009 3130 animum
1019 3068 1217 3135 aduertebant

96 3172 154 3235 nisi
169 3173 199 3234 in
215 3171 307 3255 ipsius
322 3171 511 3254 imperatoris
526 3172 623 3250 uultu,
640 3172 745 3257 uigore
761 3170 946 3253 mirabilique
963 3169 1110 3236 hilaritate
1123 3198 1131 3235 e
1149 3172 1250 3237 ani-5

201 3381 218 3434 2
232 3379 370 3446 uuicuique
383 3381 421 3431 ita
433 3396 460 3443 a,
474 3381 510 3431 ita
524 3381 663 3447 unicnique
676 3396 694 3430 u
706 3385 734 3430 et
745 3382 786 3430 sie
799 3381 814 3429 b
828 3379 882 3429 ‘ael
893 3381 962 3431 nnic.
979 3381 1034 3430 ita’.
1163 3393 1213 3429 non

93 3472 170 3523 posse
185 3473 267 3522 neque
281 3473 343 3521 ego,
364 3466 453 3525 posset
466 3474 547 3508 necne
561 3457 601 3523 (a)
617 3459 632 3507 b
645 3474 659 3507 e
671 3457 761 3521 d(nec
774 3457 884 3521 aliquot
895 3456 987 3521 dete).
1002 3457 1031 3506 P.
1046 3455 1107 3508 203.

92 3532 108 3582 3
122 3533 201 3582 ullum
214 3532 322 3598 aliquot
335 3534 401 3585 dett.
406 3574 414 3599 ,
431 3535 527 3586 nullum
542 3537 582 3598 (a)
596 3535 611 3585 b
624 3551 638 3584 c
650 3534 675 3584 d.
827 3537 843 3587 l
856 3533 1046 3585 conditionibus
1057 3531 1106 3596 (u).

94 3608 188 3659 bellum
202 3615 293 3658 contra
306 3623 334 3658 se
348 3624 375 3673 a,
389 3618 521 3661 contrusa
536 3609 630 3661 bellum
643 3607 704 3660 edd.
810 3609 888 3660 lanis
902 3609 1023 3659 lcrtnnlis
1036 3612 1136 3660 oma'uo
1148 3609 1174 3658 in
1189 3609 1213 3659 b.

202 3687 300 3754 ccepti
314 3703 373 3753 ego,
388 3688 488 3756 Leptim
501 3705 518 3738 o
531 3694 559 3740 et
570 3693 610 3739 sio
624 3688 679 3738 ‘uel
689 3687 851 3754 Leptimque’
865 3689 880 3737 b
893 3703 908 3736 o
919 3689 936 3738 4
948 3687 1015 3737 dett.
1023 3704 1031 3749 ,·
1046 3686 1172 3752 Laptique
1185 3703 1214 3740 u.

203 3767 232 3818 ll
248 3765 376 3815 exercitui
389 3780 405 3814 a
418 3767 442 3815 b.
565 3767 598 3820 12
612 3765 848 3830 frumentatumque
861 3763 1048 3830 oppidanisqne
1060 3777 1086 3826 a,
1102 3761 1216 3814 tramen-

96 3850 148 3893 tnm
163 3842 297 3907 oppidanis
313 3843 336 3891 b.
459 3842 557 3907 plostra
571 3858 597 3905 a,
611 3841 729 3908 plaustra
742 3840 801 3890 edd.
926 3840 958 3892 13
973 3855 1078 3890 numero
1092 3838 1215 3892 frumenti

93 3921 200 3970 inuento
213 3935 229 3968 a
242 3919 404 3984 Stephanus,
422 3917 544 3970 lrnmenti
558 3920 664 3969 inuento
678 3934 784 3969 numero
798 3924 903 3970 ceterae
915 3918 975 3969 edd.
1093 3920 1125 3972 li
1137 3918 1216 3987 Rupi-

93 4010 152 4046 nnm
165 4010 192 4044 o.
297 3995 345 4045 bne
357 3996 496 4059 Dauisius,
513 3996 561 4046 lucc
573 3995 650 4047 codd.
756 3997 888 4062 recepisse
901 4010 918 4045 a
932 3997 947 4046 b
960 4013 983 4057 e,
999 3995 1095 4047 iecisse
1107 4012 1136 4047 u.
1149 3997 1213 4049 Va'd.

93 4073 132 4125 Μ.
148 4073 227 4125 Caes.
242 4071 279 4122 ad
290 4073 387 4122 Front.
402 4072 448 4134 IV,
464 4074 519 4138 dp.
530 4073 580 4126 102
592 4071 669 4123 Rom.
776 4074 913 4124 marituma
926 4089 953 4124 a.
1060 4074 1213 4126 ldSesarna

93 4162 119 4198 a.
255 4147 323 4214 ains]
337 4164 384 4197 sno
397 4150 421 4198 b.
554 4149 586 4201 21
600 4149 655 4199 mil.
669 4148 732 4215 pas‘s
745 4165 772 4199 a.
898 4152 932 4206 21
946 4157 1065 4218 tyronum
1078 4164 1104 4199 a.

91 4226 125 4280 21
138 4227 274 4293 quiequam
285 4243 313 4292 a,
327 4241 380 4278 non
394 4225 481 4292 qnidq.
621 4226 742 4276 solatium
754 4242 771 4276 a
783 4243 806 4277 e.
939 4229 972 4282 21
987 4242 1034 4278 nee
1049 4227 1175 4277 auxilinm
1187 4228 1211 4277 b.

201 4304 313 4355 aninum
326 4301 501 4355 adnectebant
512 4317 529 4352 a
537 4301 561 4366 b,
575 4315 629 4354 non
640 4301 770 4355 aninadn.
870 4303 992 4369 tssnulgu
1003 4318 1031 4368 a,
1043 4302 1132 4354 uultus
1146 4303 1171 4354 b.
