2692 4688
445 174 585 245 contre
601 174 633 243 11
648 174 905 246 CAPJd—Nl
1239 181 1303 252 Μ

124 298 231 417 Gallos
246 350 368 414 uirtutis
383 350 483 434 opinio
498 361 546 414 est
559 349 739 435 singularis,
765 350 815 432 qui
837 351 944 415 auxilii
958 373 1050 417 cause
1069 352 1107 417 sb
1122 353 1247 422 ciuiletc

124 449 336 520 edCeeserem
345 453 429 517 missi
445 462 603 531 uenerunt,
620 475 686 517 eum
702 453 892 516 multitudine
908 454 1037 518 hostium
1053 467 1152 520 cestre
1163 478 1246 523 eom·

123 557 214 642 pleri,
230 557 366 641 legiones
382 555 477 640 premi
491 566 522 618 et
537 576 631 639 poene
647 555 866 619 circumuentos
883 558 991 635 teneri,
1011 558 1145 637 colones,
1162 561 1244 643 eqni·

124 671 192 739 tes,
216 659 401 737 funditores,
424 656 574 722 Numidas
597 658 733 721 diuersos
749 659 966 742 dissipatosque
981 661 1012 722 in
1028 681 1131 724 omnes
1146 672 1247 744 portes

86 777 104 828 t
127 765 235 846 lugere
250 761 416 838 uidissent,
440 760 605 845 desperatis
627 761 739 824 nostris
762 761 853 824 rebus
875 762 991 825 domum
1007 762 1245 842 contenderunt3
1274 814 1279 823 .

123 864 282 931 Romanos
297 864 399 947 pulsos
413 874 642 948 snperutosque,
661 864 769 928 cestris
783 864 1058 948 impedimentisque
1074 887 1177 930 eorum
1193 865 1246 930 bo-
1261 863 1282 928 b

124 979 189 1033 stes
211 967 323 1051 potitos
344 966 460 1030 ciuitati
478 966 738 1031 renuntiaueront.
783 962 900 1030 Caesen
915 968 950 1030 nb
967 967 1099 1032 decimae
1114 967 1245 1051 legionis
1257 966 1303 1039 25

124 1070 335 1135 cohortatione
350 1069 387 1133 ed
403 1070 542 1132 dextrum
558 1090 652 1133 cornu
667 1070 837 1153 proiectus,
864 1069 914 1133 ubi
934 1090 1005 1133 suos
1020 1069 1123 1153 urgeri
1138 1070 1247 1154 signis·
1268 1080 1273 1085 '

124 1192 183 1257 qne
204 1172 236 1237 in
252 1190 345 1235 nunni
359 1171 458 1236 locum
478 1172 606 1236 oonlntis
622 1171 813 1237 duodecimae
828 1171 954 1255 legionis
969 1174 1122 1236 confertos
1136 1172 1247 1238 milites

67 1287 103 1340 tc
124 1275 184 1340 sibi
196 1275 280 1359 ipsos
289 1275 326 1338 ed
334 1292 463 1359 pugnent
472 1294 540 1338 esse
548 1273 759 1357 impedimento
769 1273 855 1350 uidit,
872 1275 1137 1356 ‹puortoeeobortis
1151 1274 1246 1341 omni·

123 1377 184 1442 bns
211 1376 439 1442 centurionibus
461 1376 570 1440 occisis
593 1376 796 1461 signiferoque
816 1376 992 1457 interiecto,
1018 1378 1105 1462 signo
1120 1376 1244 1457 emisse,

125 1480 307 1564 reliqnnrnm
330 1480 497 1544 cohortium
519 1478 656 1543 omnibus
678 1480 741 1542 lere
764 1479 988 1543 centurionibus
1008 1489 1061 1544 eut
1079 1479 1245 1545 uulnerati·

125 1581 321 1659 artemisio,
347 1582 379 1645 in
401 1580 448 1644 tis
471 1582 616 1665 primipilo
636 1578 673 1644 P.
693 1579 801 1646 Sentio
816 1579 949 1660 Baculo,
974 1582 1139 1647 fortissimo
1161 1581 1242 1661 niro,

126 1684 227 1751 nutui
241 1683 446 1770 gradibusque
460 1683 632 1748 uolneribus
645 1685 803 1763 eonleoto,
829 1695 863 1748 ut
883 1685 942 1748 iem
964 1705 1000 1747 se
1014 1685 1166 1748 sustinere
1182 1703 1245 1749 non

69 1797 103 1851 ts
124 1799 238 1873 posset
254 1786 388 1869 reliquos
403 1806 473 1851 esse
494 1786 641 1850 tardiores
664 1798 696 1849 et
710 1788 871 1851 nonnullos
886 1785 923 1850 ab
938 1785 1111 1850 nouissimis
1124 1786 1244 1851 deserto

126 1890 242 1974 proelio
256 1890 405 1979 excedere
420 1909 457 1952 eo
472 1890 530 1952 telo
547 1889 656 1965 nitore,
674 1889 769 1953 bostis
785 1909 881 1971 neque
896 1912 914 1953 ιι
930 1891 1028 1953 lronte
1044 1909 1084 1952 ex
1099 1887 1245 1953 interiore

124 1993 195 2056 loeo
210 1990 371 2056 subeuntes
391 1992 591 2056 intermittere
614 2002 646 2054 et
667 1991 704 2055 eb
726 2003 854 2074 utroque
875 1991 967 2054 lutere
988 1992 1104 2054 instare
1128 2000 1159 2053 et
1180 2010 1246 2055 rem

127 2113 202 2157 esse
216 2091 248 2155 in
262 2104 386 2174 anguste
407 2095 484 2157 uidit
505 2114 602 2176 neque
616 2094 707 2156 ullum
723 2114 791 2157 esse
807 2093 990 2170 subsidium,
1008 2094 1086 2174 quod
1101 2093 1246 2157 summitti

126 2204 252 2279 posset,
268 2205 355 2259 scuto
367 2195 403 2260 nb
419 2197 591 2260 nouissimis
607 2196 659 2260 uni
675 2196 761 2260 militi
776 2198 930 2270 detracto,
955 2194 1033 2275 qnod
1049 2195 1113 2276 ipse
1128 2212 1164 2256 eo
1180 2194 1282 2260 sine2

65 2308 101 2364 κ
124 2307 371 2378 sentement,
393 2301 426 2364 in
442 2301 566 2385 primum
581 2300 676 2362 eciem
693 2298 840 2382 prooessit
854 2294 1136 2377 centurionibusque
1152 2295 1248 2360 nomi-

126 2399 223 2466 netin
236 2401 391 2486 ippettuis
411 2404 543 2486 reliquos
564 2403 737 2466 oobortotus
752 2401 862 2463 milites
877 2399 964 2482 signe
980 2399 1092 2463 interne
1108 2409 1137 2463 et
1151 2397 1247 2462 meni·

126 2501 214 2588 pulos
228 2502 449 2580 tassieium,
466 2527 523 2588 quo
541 2506 657 2569 lucilius
672 2503 779 2589 gladiis
794 2502 837 2566 uti
854 2513 988 2586 possent.
1010 2498 1105 2567 Cuius
1115 2502 1247 2567 aduente
1261 2500 1282 2567 3

126 2625 180 2690 spe
193 2604 287 2671 inloto
301 2606 444 2671 militibus
459 2629 494 2672 ee
510 2608 715 2692 redintegrato
730 2607 850 2684 animo,
874 2627 939 2668 oum
956 2627 1009 2688 pro
1025 2625 1058 2668 se
1074 2605 1200 2692 quisque
1213 2604 1247 2671 in

127 2719 289 2792 conspeetu
303 2709 493 2792 imperatoris
509 2712 598 2774 etiem
614 2711 645 2774 iu
660 2709 806 2773 extremis
821 2709 884 2773 suis
899 2709 988 2771 rebus
1005 2727 1123 2789 opernm
1134 2726 1247 2772 neuere

74 2819 105 2873 ts
127 2821 263 2896 cuperet,
278 2813 398 2897 peulnm
413 2813 541 2878 liostium
557 2814 686 2897 impetus
703 2812 837 2877 tardatus
853 2823 910 2876 est.
930 2806 1058 2885 Caesar,
1076 2828 1140 2871 oum
1157 2808 1248 2891 septi·
1260 2806 1303 2878 26

235 3090 253 3143 2
267 3089 300 3140 ed
313 3090 454 3143 Censorem
467 3092 541 3144 missi
553 3094 580 3145 A
585 3092 640 3144 BC
645 3094 670 3144 Β
678 3093 703 3144 Β
709 3129 717 3154 ,
731 3091 803 3143 missi
817 3089 849 3140 nd
863 3088 1003 3139 Ceesorem
1011 3088 1066 3152 su.
1159 3090 1247 3136 eostre

131 3163 253 3230 conpleri
267 3165 337 3229 cn,·
354 3175 441 3220 cestre
454 3168 579 3235 compleri
592 3175 683 3219 nostre
696 3169 721 3219 Β
730 3171 760 3229 2,·
781 3174 869 3215 eostre
889 3171 978 3215 nostru
992 3161 1113 3228 compleri
1127 3175 1140 3210 e
1153 3160 1247 3229 (flu,

132 3243 198 3292 stin
209 3241 235 3293 Β
246 3257 300 3293 ese.
313 3259 349 3293 m.
365 3253 454 3298 nostre
467 3249 675 3314 suprascripsit.
797 3244 812 3296 d
826 3243 944 3307 legiones
959 3243 1037 3309 esu,
1052 3246 1155 3291 nostres
1168 3241 1250 3307 legio-

128 3334 174 3372 nee
186 3320 454 3378 Attenuant.
574 3321 827 3376 deobortomined'.
962 3321 1083 3371 sdextno
1095 3318 1131 3369 Β.

128 3398 318 3467 decriptione.
329 3416 375 3468 pr.
389 3402 422 3453 B.
557 3402 588 3455 ld
602 3403 664 3471 ipsis
678 3407 707 3452 tn
720 3400 797 3452 codd.
812 3399 970 3451 Aodointrtn‘
982 3398 1039 3463 legi
1049 3396 1163 3459 dieitur,
1176 3393 1251 3461 quod

128 3475 161 3527 de
172 3477 312 3542 Bsalmm
326 3485 383 3543 ert,
396 3497 485 3546 neque
497 3480 529 3531 de
540 3496 557 3531 n
571 3481 650 3532 eredo
657 3519 666 3545 ,
689 3495 749 3531 eum
769 3480 839 3546 ipsos
853 3494 888 3526 our
901 3477 1023 3527 erunibus
1034 3479 1093 3526 euin
1105 3474 1252 3526 reduxerit

131 3552 198 3605 Orod.
206 3590 216 3618 ,
230 3555 313 3620 idque
326 3559 411 3607 stiam
423 3560 453 3606 dn
465 3574 479 3606 o
491 3560 624 3622 scriptum
636 3560 684 3607 sil.
790 3556 855 3605 uidit
870 3552 946 3603 codd.
961 3568 1069 3614 omnes,
1083 3566 1136 3602 om.
1150 3566 1177 3601 u.

130 3629 159 3682 ll
174 3629 303 3695 signifero
315 3633 456 3686 interfecto
471 3636 515 3702 bs.
623 3635 653 3687 lb
666 3633 794 3700 primipilo
807 3634 833 3684 A
839 3633 894 3684 ΒΒ
907 3637 980 3681 ‘mse
993 3629 1142 3697 plerique'3
1156 3630 1250 3697 primo·

128 3708 179 3775 pile
194 3708 234 3759 de
241 3745 251 3773 ,
264 3709 347 3775 primo
359 3712 412 3778 pilo
425 3712 469 3779 ss.
607 3709 716 3775 broulo]
730 3711 839 3772 Bneeio,
852 3710 902 3761 sed
914 3714 1065 3760 correctum
1078 3707 1137 3757 eod.
1151 3723 1187 3757 m.
1201 3707 1251 3758 Βι-

129 3787 205 3853 ιιΙο,
219 3786 262 3839 0!
272 3793 301 3839 et
310 3805 364 3841 seo.
378 3805 415 3840 m.
429 3794 460 3842 e'tt
472 3804 562 3854 marg.
575 3789 617 3852 B,
630 3788 719 3841 Pretio
732 3804 757 3838 o.
865 3786 1008 3838 fortissimo
1022 3785 1078 3835 niro
1093 3785 1180 3851 om.s.

130 3864 337 3931 temulentus
352 3868 377 3919 b.
481 3882 615 3918 scom.o.
721 3866 752 3917 tt
766 3882 825 3917 esse
838 3866 980 3917 traditores
993 3867 1028 3917 A.
1145 3863 1249 3917 deserto

128 3944 169 4024 4,
182 3945 304 3996 desertos
314 3946 428 4013 reliqui.
561 3945 593 3998 ld
607 3944 660 3995 telo
673 3944 763 3995 nidere
775 3960 811 3995 m.
825 3960 867 4010 pr.
883 3945 914 3996 B.
1055 3943 1138 3996 bostis
1151 3944 1177 3996 A
1184 3943 1248 3996 ΒΒ.

235 4024 375 4074 coemtio.
465 4023 806 4077 ldnllunsnbsidinmbe.
879 4022 1004 4074 summitti
1017 4023 1051 4076 Β.
1127 4022 1250 4077 tttutus

129 4097 280 4150 ndnentnc.
386 4101 776 4166 catalaunicum.
872 4101 1250 4185 llinextremisAotdes.

128 4178 253 4231 extremis
260 4181 326 4231 Anu
338 4181 430 4232 ΒΟΒ.
537 4195 634 4232 nonore
645 4181 671 4232 Β
680 4182 704 4232 b.
806 4184 840 4237 ts
854 4189 980 4248 cuperent
993 4183 1064 4250 del,
1081 4194 1202 4248 euperem
1214 4177 1250 4231 Β.

236 4257 371 4324 paulutum
387 4257 412 4309 b.

154 4359 249 4419 emer,
264 4361 300 4407 sd.
316 4359 425 4420 Nipperd.
1061 4363 1110 4429 Ἃ)
