2684 4694
516 205 838 271 -107—

108 374 151 437 uii
167 374 291 452 lnemnt,
309 384 341 437 et
355 393 425 458 pars
439 374 652 454 Aulercorum,
663 379 741 461 qnod
756 377 815 442 illis
831 387 896 441 erat
909 378 1085 462 propinqus,
1098 375 1236 441 Brenno·

110 478 210 541 uicum
227 498 395 560 cognomen
410 478 575 541 cecinerit?
612 476 706 543 Paulo
721 490 790 564 post
804 500 859 564 pro
880 478 1060 544 ‘Velaunis’
1081 480 1114 543 iu
1130 478 1233 543 ilaus.

108 598 157 662 pr.
174 580 316 662 scriptum
332 591 381 643 est
396 578 589 658 ‘Vellaunis',
602 581 793 647 ‘Vellauniis’
809 583 841 646 in
857 580 940 647 seat.
957 592 990 644 et
1000 577 1121 657 Cuiac„
1139 583 1171 645 in
1186 602 1236 645 ce-

111 683 187 745 teris
203 679 409 766 Oudendorpii
434 681 604 747 ‘Vellauis’
620 684 671 748 uel
687 684 883 748 ‘Vellaniis'r
908 684 1057 769 posterius
1079 683 1191 763 legitur
1203 684 1235 746 in

108 781 182 848 Par.
202 806 247 867 pr.
272 783 339 848 Hoc
354 787 486 868 reposui.
509 783 591 848 Nam
607 782 750 850 Straboni
765 784 810 851 lV
825 809 855 870 p.
872 786 936 852 290
950 787 1033 849 Αἰιιι.
1052 785 1236 869 appellantur

109 879 314 964 odoardus,
342 887 442 970 ibique
471 884 635 953 liramerus
663 889 779 953 monuit
807 885 990 972 singularem
1032 886 1233 952 ‘Vellauium’

108 989 472 1073 legiiniascn‘ptionibns.
490 991 576 1074 Apud
592 988 721 1055 Ptolem.
731 989 774 1070 ll,
785 989 1022 1068 7‚20dicuntnr
1029 983 1235 1064 Ouidianum,

109 1102 146 1154 nt
168 1091 201 1154 in
225 1091 416 1176 interpolatis
441 1092 528 1156 codd.
557 1088 711 1158 Caesaris.
750 1091 856 1158 Statim
884 1094 915 1157 ia
949 1092 1110 1176 ‘plerisque
1137 1092 1235 1155 codd.’

110 1188 336 1278 Oudendorpii,
361 1191 436 1258 Par.
453 1215 500 1278 pr.
517 1193 619 1259 llaun.
636 1217 683 1281 pr.
708 1197 832 1261 inuerso
854 1196 959 1259 ordine
976 1191 1157 1277 ‘Sequanis,
1180 1191 1238 1258 Sc·

111 1296 251 1360 nonibus'
267 1297 390 1381 legitur.
419 1294 462 1360 Et
476 1297 628 1381 deinceps,
645 1296 696 1362 ubi
712 1298 822 1377 editur,
846 1294 1086 1375 ‘Suessionibus,
1112 1296 1236 1360 Ambis-

110 1398 177 1475 uis,
199 1395 456 1462 Mediomatricia’
476 1409 564 1477 cett„
587 1420 642 1483 pro
667 1397 926 1479 ‘suessionibus',
950 1418 1026 1482 quos
1040 1397 1236 1462 vascosanus

111 1500 223 1584 posuit,
238 1520 344 1564 rursus
359 1500 391 1564 iu
406 1498 544 1565 omnibns
559 1501 645 1564 codd.
663 1503 808 1586 scriptum
823 1514 872 1567 est
889 1498 1095 1566 ‘Senonibus’.
1114 1498 1235 1565 Suessi-

111 1622 187 1667 ones
201 1602 319 1667 llirtiua
333 1600 421 1681 Vlll,
445 1600 479 1680 li,
496 1603 519 1665 2
535 1602 640 1668 llemis
663 1605 824 1668 attributos
849 1605 943 1669 fuisse
958 1606 1069 1682 refert,
1092 1603 1170 1687 quod
1191 1604 1235 1666 la·

110 1715 190 1768 etum
207 1726 274 1769 esse
291 1706 523 1771 existimandum
540 1716 588 1769 est
601 1708 735 1770 secundo
758 1728 859 1786 auno,
876 1729 934 1791 quo
950 1703 1068 1771 Caesar
1087 1707 1120 1769 in
1135 1703 1236 1769 Gallia

111 1807 179 1884 luit,
204 1809 343 1871 coniecto
357 1809 435 1872 bello
450 1807 585 1892 Belgieo,
603 1830 663 1892 quo
677 1830 711 1873 se
727 1808 764 1873 ab
780 1809 898 1885 Remis,
917 1810 1091 1893 quibuscum
1107 1809 1166 1872 iam
1181 1828 1235 1871 an·

108 1919 159 1972 tea
182 1909 334 1973 ciuitatem
359 1911 597 1986 coniunxerant,
621 1923 836 1994 separauerent
856 1909 963 1996 (Caes.
987 1913 1017 1974 b.
1042 1909 1124 1975 Gall.
1149 1905 1191 1986 ll,
1214 1906 1235 1973 3

107 2017 226 2093 extr).
265 2010 353 2074 Remi
379 2023 477 2075 autem
502 2014 557 2075 boc
580 2014 672 2075 totius
695 2011 812 2076 Galliae
839 2013 916 2076 bello
937 2012 1235 2083 constantissimam

107 2113 242 2178 amicitia
258 2108 401 2176 Caesaris
416 2114 730 2197 permanserunt(bui.
741 2135 848 2176 comm.
858 2112 911 2191 ut,
921 2114 974 2194 7),
984 2135 1078 2198 neque
1095 2114 1233 2180 Suessio·

108 2236 166 2279 nes
189 2216 226 2278 ab
250 2216 287 2279 iis
309 2215 347 2279 ad
367 2213 499 2296 reliquos
522 2212 626 2278 Gallos
656 2215 801 2279 defecisse
822 2202 891 2280 inde
913 2218 1131 2299 comprobatur,
1157 2216 1236 2299 quod

109 2314 228 2381 Hirtius
244 2318 293 2381 illo
308 2317 393 2395 loco,
418 2337 506 2400 quem
529 2318 618 2401 paulo
632 2329 704 2382 ante
718 2317 967 2395 commemoraui,
986 2315 1166 2381 bellouacos
1180 2317 1236 2381 im·

109 2419 295 2503 pressionem
311 2420 343 2482 in
358 2421 432 2483 fines
448 2440 552 2483 eorum
568 2421 667 2484 iacere
682 2420 814 2486 uoluisse
829 2432 945 2485 narrat.
976 2417 1081 2503 ltaque
1096 2416 1236 2484 Suessio

110 2541 166 2584 nes
182 2521 229 2584 bic
243 2522 391 2585 nominari
407 2544 468 2585 nou
482 2534 658 2605 potuerunt:
678 2535 782 2605 eatque
797 2524 1009 2608 perseipsum
1024 2523 1114 2606 longe
1129 2522 1236 2606 proba·

109 2624 199 2688 bilius
215 2626 311 2688 altero
329 2635 395 2688 utro
412 2624 477 2687 loco
495 2621 649 2689 Senonum
673 2647 782 2690 nomen
804 2627 959 2690 delendum
977 2646 1057 2690 esso.
1093 2623 1146 2687 Ex
1170 2643 1235 2688 met

109 2727 355 2805 commeatione,
373 2748 458 2810 quam
475 2726 506 2790 in
521 2728 645 2811 reliquis
660 2731 792 2793 numeris
808 2730 966 2793 ineundam
983 2727 1115 2801 docebo,
1133 2736 1235 2809 poste·

110 2829 192 2894 riore
209 2831 365 2894 delendum
380 2841 445 2909 est,
469 2841 499 2893 et
520 2830 561 2894 ibi
584 2831 615 2894 in
638 2833 775 2918 margine
795 2830 981 2896 Parisiorum
1004 2828 1117 2891 nomini
1140 2828 1234 2890 ascri·

110 2942 194 3016 ptum
210 2943 282 3017 puto
296 2929 334 2995 ab
349 2953 398 3009 eo,
414 2933 463 3018 qui
479 2943 636 3013 utrumque
650 2937 790 3018 populum
811 2934 956 2998 ininsula
974 2928 1134 3012 Sequanae
1150 2927 1234 2990 babi-

109 3045 175 3099 tare
191 3046 245 3097 aut
258 3036 323 3118 ipse
338 3036 432 3098 sciret
445 3047 498 3098 out
512 3054 552 3098 ex
568 3035 598 3097 b.
617 3036 638 3098 l.
656 3035 709 3112 58,
726 3034 934 3119 bengnosset.
975 3030 1008 3095 ln
1025 3033 1128 3095 eadem
1144 3051 1237 3094 cansa

110 3147 200 3219 atque
215 3133 354 3201 Senones
368 3148 437 3201 sunt
453 3135 651 3214 Lemouices,
675 3138 725 3219 qui
741 3148 771 3200 et
792 3148 862 3220 post
876 3134 1056 3199 Bellouacos
1079 3144 1109 3197 et
1129 3133 1236 3196 iterum

109 3239 189 3302 infra
203 3239 285 3303 inter
299 3239 436 3304 ciuitates
452 3239 627 3303 Armoricas
643 3239 846 3303 nominantur.
885 3236 970 3302 Inter
991 3235 1167 3300 Armoricos
1183 3255 1235 3298 au·

110 3352 168 3405 tem
193 3342 236 3422 (id
251 3353 300 3406 est
313 3346 393 3408 inter
408 3364 472 3420 eos,
490 3341 540 3425 qui
556 3363 639 3407 maro
652 3342 844 3406 accolebant:
869 3342 924 3405 boc
939 3342 1018 3405 enim
1039 3339 1112 3404 illud
1127 3357 1236 3401 nomen

109 3445 275 3529 significat)
291 3447 378 3530 plane
395 3445 568 3510 incredibile
583 3455 630 3508 est
644 3444 821 3509 Lemouiccs
836 3466 853 3509 a
869 3442 1003 3509 Caesare
1025 3464 1094 3507 esse
1109 3441 1234 3517 relatos,

110 3566 184 3628 quoa
205 3546 356 3610 Aruernis
378 3549 562 3632 propinquos
583 3547 676 3611 fuisse
692 3569 732 3612 ex
748 3546 829 3611 Hirt.
849 3543 933 3622 Vlll,
951 3544 1043 3623 lut
1066 3545 1231 3618 uideamus,

109 3669 244 3734 quosque
264 3647 455 3714 Ptolemaeus
478 3648 520 3728 ll,
542 3648 575 3726 7,
601 3647 642 3713 1⁰
669 3656 707 3716 dv
728 3653 770 3739 ny}
791 3647 949 3737 μεσογείᾳ
978 3648 1129 3713 habitasse
1155 3648 1236 3710 rcie·

110 3762 170 3815 rat.
202 3752 246 3815 At
261 3753 368 3816 deletis
383 3753 422 3814 ibi
439 3751 650 3817 Lemonicibus
666 3764 698 3817 et
712 3753 812 3837 priore
827 3755 894 3817 loco
910 3763 978 3838 post
993 3749 1172 3815 Rellouaeos
1186 3769 1235 3813 re·

109 3853 192 3918 lictis
205 3856 284 3918 ratio
300 3855 416 3918 exitum
432 3876 493 3917 non
507 3855 635 3919 inuenit.
674 3852 778 3939 ltaque
794 3857 865 3921 mihi
880 3859 917 3921 de
934 3856 988 3920 bac
1003 3875 1037 3919 re
1052 3855 1097 3919 sic
1116 3852 1236 3915 uidetur

110 3958 302 4022 statuendum
326 3975 406 4020 esse.
448 3953 544 4020 Paulo
570 3957 718 4036 inferius,
741 3959 792 4023 ubi
818 3962 918 4025 editur
940 3957 1148 4022 ‘Atrebatibus
1170 3953 1232 4033 IV,

110 4054 308 4137 bellocsssis,
326 4056 487 4134 Lexouiis,
504 4057 648 4123 Aulercis
662 4058 856 4129 Eburonibus
871 4061 980 4141 terna’,
1003 4055 1233 4141 Oudendorpius

112 4170 238 4224 annotat
251 4161 284 4225 in
309 4168 395 4225 ‘mss
412 4161 573 4244 plerisqne’
595 4162 655 4247 legi
680 4173 724 4227 ‘et
737 4165 901 4243 Aulercis',
926 4176 957 4230 et
977 4184 1044 4228 eam
1058 4159 1234 4247 particulam

110 4262 144 4327 in
158 4263 278 4349 optimis
293 4263 380 4329 codd.
397 4264 435 4328 ab
448 4284 486 4328 eo
501 4284 571 4330 esse
584 4265 736 4331 inuentam
750 4266 860 4333 indicio
873 4278 933 4346 est,
950 4267 1029 4351 quod
1044 4263 1147 4328 eadam
1161 4259 1235 4323 mibi
