2684 4694
518 214 819 284 ...45-

98 389 203 464 beret,
220 407 297 471 quae
311 387 343 452 in
356 384 421 473 ipse
437 385 574 453 oratioue
587 387 783 473 legebantur,
807 391 1048 473 praetermissam
1064 395 1223 465 essentiis

99 502 217 556 certum
231 504 288 556 est.
322 490 369 555 lta
383 491 461 574 quud
476 491 506 553 b.
525 488 606 553 Gall.
625 489 667 568 V,
685 488 745 565 15,
770 488 789 552 5
813 510 866 573 pro
882 488 922 573 Q.
939 490 1073 561 Laberio
1089 494 1175 563 Duro
1190 501 1223 567 in

99 594 146 659 his
161 594 350 679 interpolatis
373 594 460 657 codd.
483 594 595 676 legitur
610 614 718 657 nomen
735 587 878 657 Caesaris
894 604 977 658 certe
991 595 1151 666 lectoribus
1166 624 1221 667 no·

98 697 159 761 tius
175 694 320 772 Labieni,
337 695 367 759 id
382 695 441 760 iam
457 696 533 780 apud
548 691 693 759 Orosium
708 691 772 771 Vl,
792 692 830 756 11
847 696 1032 780 reperimuse
1057 698 1121 779 vl,
1146 702 1183 785 5,
1200 702 1221 771 3

98 800 131 863 in
146 797 334 883 interpolatis
350 799 435 861 codd.
453 798 597 883 seriptum
622 807 670 861 eat
691 794 824 880 ‘proelio
839 817 901 860 uon
915 818 983 862 esse
1000 807 1219 873 contentarum’

98 922 154 986 pro
172 901 459 974 ‘concertaturum’‚
477 900 509 964 iu
525 900 621 964 altera
635 899 820 984 integrorum
837 910 942 982 parte,
967 898 1038 968 Per.
1060 927 1106 990 pr.
1124 903 1218 975 Voss.

98 1024 143 1087 pr.
159 1001 270 1089 Egm.,
296 1009 555 1068 ‘concertaturum
572 1002 738 1066 tenturum'
762 1001 810 1085 (in
825 998 914 1085 Egm.
935 1009 1217 1093 ‘temptaturum')'=

97 1102 187 1182 vtll,
205 1103 264 1181 3⁰,
283 1102 299 1165 1
315 1106 347 1167 iu
362 1103 486 1186 reliquis
501 1104 587 1167 codd.
605 1104 716 1189 legitur
740 1110 819 1167 ‘uon
835 1103 961 1187 amplius
977 1106 1127 1172 bominum
1144 1110 1221 1178 mili·

96 1207 153 1271 bns
168 1227 210 1271 ex
224 1209 295 1292 iuga
309 1207 439 1289 quinque
460 1206 623 1282 collectis',
648 1204 680 1269 in
702 1205 890 1288 interpolatis
912 1207 1084 1274 ‘homiuum
1105 1213 1220 1280 duobus

97 1309 217 1373 milibus
233 1330 272 1373 ex
288 1311 359 1394 iuga
375 1309 537 1386 collectis’,
553 1309 585 1372 in
600 1305 698 1393 Bong.
717 1328 763 1391 pr.
784 1307 953 1373 ‘hominum
970 1310 1085 1377 duobus
1100 1315 1219 1383 milibus

98 1431 140 1476 ex
154 1413 223 1496 fuga
240 1412 367 1495 quinque
384 1411 539 1476 collectis'.
571 1408 686 1474 Eodem
702 1408 790 1473 modo
806 1407 887 1488 vlt,
905 1408 963 1487 bl,
981 1411 1218 1483 catalectum

98 1534 151 1597 pro
165 1510 331 1578 Meloduno
346 1514 473 1598 positum
490 1512 657 1575 ostendam.
700 1507 814 1574 Verum
831 1512 918 1576 huius
933 1515 1054 1599 generis
1069 1538 1217 1602 perpauca

96 1625 177 1680 sunt.
208 1614 290 1681 Nam
304 1613 480 1680 Schneideri
496 1614 684 1698 opinionem,
710 1613 759 1695 qui
783 1612 908 1697 plurimu
923 1626 955 1679 et
969 1617 1018 1680 uel
1032 1618 1218 1701 ineptissima

96 1739 251 1802 quaeque,
274 1718 305 1781 iu
321 1717 426 1800 quibus
442 1717 472 1781 hi
485 1718 571 1780 codd.
589 1716 626 1779 ab
642 1716 767 1802 integris
783 1717 971 1800 discrepant,
996 1738 1037 1782 ex
1053 1721 1217 1804 ephemeri·

96 1820 182 1884 dibus
194 1816 337 1885 Caesaris
353 1821 444 1904 petita
460 1830 556 1904 putat,
573 1828 688 1882 tautum
704 1818 820 1894 absum,
837 1828 872 1882 ut
887 1819 1019 1903 probem,
1037 1830 1079 1899 ut,
1099 1823 1216 1888 etiamsi

96 1922 301 2005 ephemerides
323 1924 469 1998 fuissent,
493 1943 568 2003 quas
591 1942 651 1984 nou
677 1919 770 1984 fuisse
794 1920 1084 2001 demonstrauimus,
1115 1934 1216 1990 tamen

95 2023 172 2089 hauc
196 2046 262 2087 rem
285 2023 486 2087 incredibilem
503 2024 719 2088 existimarem.
764 2020 810 2086 Vt
831 2024 909 2086 enim
931 2025 1065 2088 omittam
1089 2028 1163 2092 nulli
1184 2027 1216 2093 in

95 2136 226 2191 mentem
243 2125 348 2190 uenire
362 2126 506 2208 potuisse,
524 2136 558 2189 ut
571 2126 644 2189 baec
660 2144 701 2188 ex
714 2124 952 2208 ephemeridibus
963 2136 1131 2208 annotaret,
1148 2150 1216 2195 cunr

95 2228 271 2313 plerumque
291 2227 322 2291 iu
345 2228 391 2291 his
407 2228 492 2290 codd.
511 2229 696 2312 integrorum
711 2226 878 2310 scripturae
894 2228 986 2291 uerba
1003 2230 1108 2294 similis
1123 2233 1216 2315 sigui·

95 2331 242 2395 icatiouis
257 2331 488 2408 substituantur,
508 2331 635 2414 primum
652 2349 777 2394 necesse
793 2341 875 2394 esset
889 2331 1094 2414 ephemerides
1108 2333 1215 2398 iisdem

96 2446 190 2517 paene
205 2433 306 2497 uerbis
321 2434 447 2518 scriptas
463 2434 558 2498 luisse
574 2443 664 2516 atque
679 2433 931 2511 commentarios,
955 2433 1061 2497 deiude
1076 2435 1167 2499 multa
1182 2436 1215 2500 in

96 2532 140 2599 his
156 2537 242 2599 codd.
260 2534 419 2621 leguntur,
444 2557 519 2619 quae
535 2532 682 2614 Caesari,
707 2536 734 2599 si
757 2535 850 2598 semel
866 2534 1055 2619 scripsisset,
1079 2540 1214 2605 mutandi

95 2636 181 2720 plane
195 2638 277 2701 nulla
297 2658 389 2702 eausa
410 2638 529 2702 luisset.
576 2635 636 2702 Sed
659 2658 716 2721 qua
740 2637 905 2721 pertinacia
928 2638 1001 2702 haec
1024 2642 1173 2706 sententia
1195 2662 1214 2706 a

96 2734 280 2804 Schneidero
295 2751 412 2805 retenta
427 2741 478 2817 sit,
495 2739 565 2804 iude
580 2741 750 2825 perspicere
764 2740 848 2816 licet,
866 2740 944 2822 quod
958 2741 1073 2816 multa,
1091 2764 1165 2825 quae
1181 2744 1215 2809 in

96 2842 316 2907 commentariis
332 2843 406 2907 ferri
420 2864 482 2907 uon
496 2863 585 2927 posse
600 2842 763 2920 intellexit,
780 2843 819 2906 ita
836 2851 957 2919 tuetur,
981 2841 1061 2905 utin
1077 2844 1214 2927 epheme-

95 2942 206 3008 ridibus
228 2955 296 3029 apte
318 2945 387 3028 poni
408 2944 540 3029 potuisse
563 2944 647 3009 miris
668 2944 839 3025 plerumque
860 2943 1044 3027 argumentis
1060 2943 1211 3010 defendat.

95 3042 135 3107 Et
149 3057 249 3111 tamen
264 3070 325 3112 nou
341 3048 461 3124 desunt,
478 3068 554 3128 quae
568 3047 633 3130 ipse
645 3042 846 3109 Schneiderus
859 3044 996 3108 confiteri
1012 3056 1139 3130 cogatur
1152 3068 1213 3113 nou

96 3167 134 3211 ex
149 3150 385 3233 ephemeridibus
400 3149 513 3232 petita,
537 3149 590 3212 sed
613 3146 650 3211 ab
672 3146 888 3229 interpolatore
903 3144 985 3211 illata
1000 3168 1079 3213 esse.
1127 3147 1214 3231 Quae

95 3248 186 3334 igitur
198 3253 277 3317 ratio
291 3263 339 3316 est
354 3251 460 3315 fraude
475 3258 628 3333 comperta
642 3247 738 3332 decipi
752 3248 862 3325 malle,
878 3270 965 3332 pem
980 3249 1150 3336 incorrupto
1165 3250 1212 3316 in·

96 3361 246 3436 legeorum
261 3355 397 3418 codicum
412 3351 585 3418 testimonio
601 3350 770 3414 confideret
806 3347 902 3429 Mihi,
927 3372 992 3415 cum
1015 3352 1104 3439 louge
1120 3355 1212 3437 pluri-

95 3476 152 3533 ma,
168 3456 200 3520 iu
217 3458 324 3539 quibus
339 3458 370 3521 bi
386 3456 504 3520 codices
520 3453 557 3516 ab
572 3452 693 3533 reliquis
709 3451 876 3530 discedunt,
893 3453 934 3517 ita
950 3466 1121 3537 comparata
1136 3457 1209 3536 siut,

94 3567 127 3619 ut
139 3579 177 3623 ec
191 3560 298 3636 modo,
322 3580 379 3642 quc
402 3579 492 3643 supra
514 3556 596 3634 dixi,
620 3575 673 3638 pro
694 3555 834 3639 genuinis
851 3554 951 3619 uerbis
967 3556 1026 3619 alia
1040 3556 1072 3621 in
1087 3560 1211 3623 eandem

94 3660 155 3724 fere
170 3662 352 3725 seutentiam
368 3672 527 3745 ponantur,
545 3659 687 3741 quaedam
703 3657 910 3740 explicentur,
928 3658 1036 3740 partim
1051 3659 1140 3723 latius
1157 3661 1212 3724 dii-

95 3763 274 3840 iuudautur‚
300 3762 408 3847 partim
423 3762 543 3825 breuius
559 3761 793 3836 contrabantur,
817 3758 903 3843 plaue
926 3760 1043 3824 dubium
1067 3783 1127 3825 uon
1151 3774 1209 3840 est,

95 3865 162 3946 quin
179 3866 254 3930 baec
270 3863 436 3949 exemplari
450 3863 511 3940 illi,
535 3863 613 3926 uude
628 3861 808 3944 interpolata
828 3860 938 3925 familia
954 3863 1101 3949 originem
1117 3865 1208 3944 ducit,

93 3969 321 4050 agrammatico
335 3968 397 4031 sint
411 3965 562 4050 ascripta,
589 3964 638 4048 qui
662 3965 892 4028 commentarios
908 3983 969 4028 nou
984 3966 1147 4031 enarrabat
1160 3989 1211 4032 so·

93 4066 152 4131 lum
167 4069 337 4153 discipulis,
361 4069 414 4133 sed
437 4068 524 4133 etiam
542 4063 684 4130 Caesaris
707 4065 806 4129 uerbis
827 4066 858 4130 in
881 4066 970 4130 aliam
993 4068 1116 4132 formam
1140 4091 1212 4134 con·

93 4172 247 4236 uertendis
275 4173 358 4238 alere
386 4173 502 4256 copiam
530 4179 621 4251 atque
650 4166 826 4250 elegantiam
856 4167 1032 4233 discentium
1060 4169 1207 4254 cupiebat.

93 4269 236 4341 Ceteram
250 4275 299 4341 bic
320 4275 409 4340 bomo
432 4292 528 4356 neque
543 4269 685 4336 facultate
701 4270 849 4335 scribendi
864 4270 923 4334 luit
936 4271 1097 4337 destitutus
1113 4290 1211 4352 neque
