2692 4688
504 154 784 223 -8-

82 322 285 393 Scbneiderus
299 326 331 392 in
345 326 419 412 ipsis
434 328 655 394 commentariis
671 328 890 413 ephemeridem
906 325 1063 409 uestigium
1078 325 1136 391 sibi
1154 326 1209 392 de·

83 430 277 513 prehendisse
291 430 373 495 uisos
389 440 446 494 est.
477 428 548 495 Lib.
565 431 644 494 enim
659 429 705 497 IV
717 433 753 495 de
769 431 799 494 b.
816 429 896 495 Gall.
914 428 946 508 o,
963 430 1091 494 duerba
1108 428 1209 494 ‘Ebu-

82 552 188 596 rouurn
205 544 235 596 et
249 528 495 611 Condrusorum,
518 534 568 616 qui
583 545 654 597 suut
668 531 873 597 Treuerorum
891 531 1034 596 clientes*
1057 552 1099 595 ex
1115 532 1209 616 epbe·

83 633 245 698 meridibus
260 644 378 699 retenta
394 644 493 719 putat,
510 635 607 718 quod,
632 657 696 699 cum
714 636 920 699 commentarii
940 645 1208 719 componerentur,

84 755 181 819 neque
196 734 357 802 Eburones
372 737 586 820 superfuerint,
605 758 699 819 neque
713 734 843 800 Treueri
860 734 958 800 Gallia
975 737 1005 800 in
1021 737 1209 820 prouinciam

82 839 204 902 redacta
219 840 346 903 clientes
362 839 473 903 babere
489 839 659 922 potuerint:
679 839 788 903 ‘eraut’
804 839 896 922 igitur
912 849 972 902 tum
989 836 1116 903 Caesari
1130 839 1211 904 scri·

83 939 210 1006 bendum
226 942 331 1006 luisse.
364 938 497 1023 Quorum
514 952 650 1005 neutrum
667 961 771 1005 uerum
788 951 845 1003 cst.
877 937 957 1003 Nam
974 941 1030 1004 etsi
1045 939 1212 1007 Eburones
1258 950 1262 955 ’

83 1044 344 1108 uehementissime
368 1065 385 1107 a
404 1039 537 1108 Caesare
561 1043 663 1107 uexati
685 1054 775 1120 sunt,
801 1055 899 1106 tamen
921 1063 1065 1124 nusquam
1081 1043 1209 1108 relatum

85 1157 133 1209 est
147 1166 200 1210 eos
216 1147 304 1230 plane
320 1146 441 1210 excisos
457 1166 539 1210 csse.
578 1142 625 1208 lta
648 1144 727 1209 cuim
744 1144 861 1208 Hirtius
886 1144 916 1207 b.
939 1142 1020 1208 Gall.
1044 1142 1140 1225 Vlll,
1164 1145 1211 1211 24

84 1248 121 1312 de
137 1260 274 1313 extrema
290 1244 433 1313 Caesaris
449 1248 639 1332 expeditione
655 1247 739 1326 dicit,
757 1269 822 1311 eum
839 1247 1022 1330 Ambiorigis
1040 1249 1115 1312 fines
1130 1248 1211 1313 odeo

85 1350 248 1413 uastandos
265 1348 389 1415 duxisse
404 1351 531 1427 ciuibus,
548 1349 703 1426 aedificiis,
721 1370 847 1433 pecore,
865 1361 896 1413 ut
911 1350 979 1412 odio
995 1371 1117 1413 suorum
1133 1352 1211 1415 Am·

83 1450 204 1529 biorix,
227 1453 253 1516 si
276 1473 349 1534 quos
365 1455 483 1517 fortuna
500 1452 622 1515 lecisset
636 1453 785 1534 reliquos,
811 1453 920 1516 nullum
942 1453 1069 1516 reditum
1086 1462 1212 1536 propter

85 1563 187 1618 tantas
202 1554 387 1618 calamitates
401 1552 527 1618 baberet
541 1555 572 1617 in
589 1555 753 1618 ciuitatem.
784 1552 902 1619 Deinde
918 1555 1009 1618 adicit
1023 1555 1121 1617 omnia
1140 1575 1210 1619 cue·

85 1654 190 1733 dibus,
213 1655 380 1733 incendiis,
405 1656 518 1740 rapinis
534 1667 652 1720 uastata
669 1678 756 1733 csse,
780 1679 918 1740 magnum
942 1677 1097 1720 numerum
1114 1655 1211 1719 bomi-

86 1779 175 1834 uum,
201 1779 260 1822 uon
276 1779 399 1836 omues,
425 1759 613 1823 intersectum
629 1771 681 1823 aut
696 1770 824 1839 captum.
856 1755 1138 1823 Commemorautur
1152 1780 1209 1823 au·

86 1870 145 1923 tem
162 1857 323 1924 Eburones
345 1858 529 1926 aStrabone
549 1859 596 1927 IV
611 1884 640 1945 p.
657 1860 722 1925 296
744 1863 845 1940 Alm.;
864 1883 979 1948 ompue,
1002 1862 1079 1944 quod
1101 1871 1208 1945 postea

85 1982 145 2025 noo
162 1962 370 2042 nominantur,
392 1964 503 2030 iudicio
520 1976 566 2029 est
581 1986 633 2030 cos
648 1965 707 2028 iam
722 1977 783 2029 tum
800 1963 953 2027 interisse.
984 1962 1140 2028 Romanos
1156 1985 1210 2028 au·

85 2073 147 2127 tem
162 2064 193 2127 in
208 2065 426 2130 constituendis
443 2068 617 2151 prouinciis,
636 2079 775 2150 quantum
792 2066 876 2129 salua
892 2087 1007 2129 summa
1022 2066 1139 2150 imperii
1155 2088 1210 2150 po·

86 2175 194 2230 testate
210 2166 274 2231 lieri
286 2179 400 2252 posset,
418 2192 453 2234 ea
470 2169 617 2248 instituta,
635 2191 712 2253 quac
728 2172 857 2247 lucrant,
875 2189 1016 2232 seruasse
1029 2180 1132 2233 uotum
1146 2180 1207 2234 est.

87 2263 200 2349 Quidni
214 2268 306 2354 igitur
319 2266 449 2335 Treueri
465 2273 620 2336 clientelas
636 2272 835 2348 retinuerint,
852 2272 1028 2354 praesertim
1045 2272 1094 2355 qui
1110 2268 1208 2337 aPli·

87 2370 137 2434 uio
154 2371 224 2434 bist.
243 2382 306 2435 nat.
323 2369 380 2450 lv,
399 2373 451 2452 17,
470 2372 532 2438 106
548 2375 686 2438 dicautur
704 2373 810 2437 ‘liberi
827 2373 948 2436 entea'l
982 2371 1097 2437 Eadem
1114 2395 1208 2439 causa

86 2484 136 2537 est
150 2474 255 2538 borum
271 2475 421 2540 locorum:
439 2474 481 2554 V,
498 2475 540 2541 39
555 2477 619 2555 in.,
642 2476 692 2540 ubi
710 2477 745 2540 de
759 2475 887 2539 Neruiis
902 2476 1045 2555 relertur,
1065 2473 1209 2541 ‘Ceutro-

86 2596 162 2654 nes,
179 2573 329 2655 Grudios,
346 2576 508 2655 Lenaeos,
524 2576 738 2656 Ploumoxios,
756 2577 929 2656 Geidunos‚
954 2579 1001 2661 qui
1022 2580 1078 2642 sub
1104 2600 1208 2643 eorum

85 2677 212 2760 imperio
228 2679 313 2742 suut'
330 2676 443 2757 etVIl,
460 2679 514 2757 75,
532 2680 554 2743 2
570 2681 730 2766 ‘imperant
744 2680 876 2743 Haeduis
892 2692 981 2763 atque
994 2701 1096 2744 eorum
1114 2682 1209 2745 clien-

86 2780 183 2862 tibus,
200 2777 620 2865 Segusiauis,1bmbluaretis,
637 2781 779 2846 Aulercis
794 2780 1049 2861 Braunouicibus‚
1067 2781 1210 2847 Brauno·

86 2883 157 2963 uiis,
174 2884 256 2948 milia
271 2880 412 2960 XXXV,
431 2905 531 2968 parem
548 2907 700 2951 numerum
709 2885 858 2949 Mueruris
874 2885 1020 2948 adiunctis
1035 2884 1209 2952 Eleutheris

87 2980 251 3066 Cadurcis,
277 2985 422 3066 Gabalis,
445 2986 599 3067 Velauiis,
624 2989 672 3072 qui
693 2988 747 3052 sub
767 2988 892 3071 imperio
909 2986 1115 3051 Aruernorum
1138 3010 1210 3054 cssc

89 3092 293 3154 consueruut'.
326 3087 412 3173 Quae
428 3112 494 3155 cum
509 3091 552 3154 ito
568 3091 640 3169 siut,
660 3093 756 3155 nullas
772 3091 865 3154 luisse
881 3086 1026 3156 Caesaris
1043 3091 1209 3174 ephemeri·

87 3190 140 3255 des
156 3212 174 3254 a
189 3193 409 3256 commentariis
423 3194 560 3258 diuersas
576 3205 690 3257 certum
707 3215 775 3258 esso
791 3195 1008 3259 existimamus.

174 3288 250 3358 Cum
265 3303 366 3357 autem
382 3290 498 3359 Caesar
514 3317 609 3379 neque
625 3295 732 3360 Gallici
749 3318 845 3379 neque
861 3297 959 3361 ciuilis
974 3296 1042 3359 belli
1058 3316 1210 3361 commen·

89 3397 183 3460 tarios
199 3396 262 3480 ipse
277 3396 471 3480 perfecisset,
490 3418 542 3474 ea,
560 3418 636 3479 quac
653 3397 794 3470 deerant,
817 3408 1024 3481 postmortem
1040 3399 1106 3461 cius
1122 3408 1209 3481 quat·

89 3509 157 3562 tuor
171 3497 267 3576 libris,
284 3509 391 3563 octauo
407 3500 535 3564 debello
552 3498 680 3577 Gallico,
698 3501 735 3563 de
750 3499 828 3562 bello
843 3499 1071 3578 Alexandrino,
1090 3501 1210 3565 Africa·

89 3622 140 3679 uo,
151 3598 347 3684 Hispaniensi
362 3603 497 3686 suppleta
514 3613 594 3666 scrut.
613 3599 661 3665 Ile
676 3623 733 3683 qua
749 3620 781 3663 re
797 3600 926 3683 inepist.
939 3603 975 3664 ad
986 3600 1109 3666 Balbum
1126 3613 1209 3665 octa·

88 3724 127 3766 uo
148 3702 223 3766 libro
245 3705 281 3767 de
303 3703 334 3768 b.
352 3702 432 3769 Gall.
456 3705 620 3787 praemissa
641 3704 682 3766 ita
697 3705 823 3766 relatum
840 3715 903 3767 est:
938 3700 1095 3769 ‘Caesaris
1112 3707 1209 3771 nostri

88 3806 318 3869 commentarios
333 3826 431 3869 rerum
449 3815 601 3888 gestarum
619 3803 735 3869 Galliae
751 3827 810 3868 nou
831 3806 1059 3871 cohaerentibus
1074 3809 1210 3890 superio·

88 3908 172 3971 ribus
195 3919 284 3990 atque
307 3907 529 3990 insequentibus
550 3911 614 3971 cius
644 3908 765 3990 scriptis
786 3910 927 3973 contexui
956 3910 1209 3993 nouissimumquo

87 4010 294 4094 imperfectum
310 4011 347 4073 ab
363 4012 452 4074 rebus
468 4010 560 4093 gestis
576 4008 780 4074 Alexandriae
803 4013 916 4075 coul'cci
935 4011 1077 4093 usquead
1095 4012 1209 4077 exitum

88 4133 149 4175 nou
164 4112 280 4195 quidem
296 4112 393 4177 ciuilis
409 4113 626 4189 dissensionis,
651 4113 735 4176 cuius
752 4116 838 4177 linem
855 4116 966 4178 nullum
984 4114 1134 4190 uidemus,
1155 4115 1210 4179 scd

89 4215 170 4280 uitae
185 4209 352 4281 Caesaris'.
396 4213 477 4280 Nam
502 4214 767 4283 ‘cohaerentibus'
791 4228 876 4282 recte
899 4217 1068 4282 emendabit
1083 4214 1210 4282 Sobuci·
