<?xml version="1.0" encoding="UTF-8"?>
<!DOCTYPE html PUBLIC "-//W3C//DTD XHTML 1.0 Transitional//EN"
    "http://www.w3.org/TR/xhtml1/DTD/xhtml1-transitional.dtd">
<html xmlns="http://www.w3.org/1999/xhtml" xml:lang="en" lang="en">
 <head>
  <title>
</title>
<meta http-equiv="Content-Type" content="text/html;charset=utf-8" />
  <meta name='ocr-system' content='tesseract 3.04.00' />
  <meta name='ocr-capabilities' content='ocr_page ocr_carea ocr_par ocr_line ocrx_word'/>
</head>
<body>
  <div class='ocr_page' id='page_1' title='image "./civliicaesarisc02hirtgoog_0701.png"; bbox 0 0 2684 4694; ppageno 0'>
   <div class='ocr_carea' id='block_1_1' title="bbox 65 173 856 254">
    <p class='ocr_par' dir='ltr' id='par_1_1' title="bbox 65 173 856 254">
     <span class='ocr_line' id='line_1_1' title="bbox 65 173 856 254; baseline -0.013 0"><span class='ocrx_word' id='word_1_1' title='bbox 65 186 130 254; x_wconf 72' lang='grc'><strong>688</strong></span> <span class='ocrx_word' id='word_1_2' title='bbox 512 176 643 247; x_wconf 80' lang='lat' dir='ltr'>BELLI</span> <span class='ocrx_word' id='word_1_3' title='bbox 666 173 856 246; x_wconf 78' lang='lat' dir='ltr'>AFRICAE</span> 
     </span>
    </p>
   </div>
   <div class='ocr_carea' id='block_1_2' title="bbox 74 350 1312 3179">
    <p class='ocr_par' dir='ltr' id='par_1_2' title="bbox 74 350 1312 3179">
     <span class='ocr_line' id='line_1_2' title="bbox 126 350 1260 432; baseline -0.003 -11"><span class='ocrx_word' id='word_1_4' title='bbox 126 356 163 421; x_wconf 84' lang='lat' dir='ltr'><strong>ab</strong></span> <span class='ocrx_word' id='word_1_5' title='bbox 184 354 305 418; x_wconf 87' lang='lat' dir='ltr'><strong>residua</strong></span> <span class='ocrx_word' id='word_1_6' title='bbox 326 353 425 417; x_wconf 85' lang='lat' dir='ltr'><strong>elaeae</strong></span> <span class='ocrx_word' id='word_1_7' title='bbox 446 370 512 414; x_wconf 88' lang='lat' dir='ltr'><strong>oum</strong></span> <span class='ocrx_word' id='word_1_8' title='bbox 534 351 699 416; x_wconf 86' lang='lat' dir='ltr'><strong>errauisset</strong></span> <span class='ocrx_word' id='word_1_9' title='bbox 721 351 879 432; x_wconf 80' lang='lat' dir='ltr'><strong>delatoque</strong></span> <span class='ocrx_word' id='word_1_10' title='bbox 907 360 988 414; x_wconf 89' lang='lat' dir='ltr'><strong>esset</strong></span> <span class='ocrx_word' id='word_1_11' title='bbox 1009 361 1100 414; x_wconf 91' lang='lat' dir='ltr'><strong>uento</strong></span> <span class='ocrx_word' id='word_1_12' title='bbox 1116 353 1155 416; x_wconf 82' lang='lat' dir='ltr'><strong>ad</strong></span> <span class='ocrx_word' id='word_1_13' title='bbox 1169 350 1260 427; x_wconf 66' lang='grc' dir='ltr'><strong>ἸἼιι-Ι</strong></span> 
     </span>
     <span class='ocr_line' id='line_1_3' title="bbox 127 451 1259 542; baseline -0.002 -21"><span class='ocrx_word' id='word_1_14' title='bbox 127 476 214 542; x_wconf 88' lang='lat' dir='ltr'><strong>paon,</strong></span> <span class='ocrx_word' id='word_1_15' title='bbox 232 452 405 537; x_wconf 86' lang='lat' dir='ltr'><strong>a-Vergiiio</strong></span> <span class='ocrx_word' id='word_1_16' title='bbox 425 452 543 536; x_wconf 77' lang='lat' dir='ltr'><strong>sospitis</strong></span> <span class='ocrx_word' id='word_1_17' title='bbox 559 452 764 534; x_wconf 88' lang='lat' dir='ltr'><strong>nauiculisqne</strong></span> <span class='ocrx_word' id='word_1_18' title='bbox 779 451 923 516; x_wconf 71' lang='lat' dir='ltr'><strong>actuariis</strong></span> <span class='ocrx_word' id='word_1_19' title='bbox 945 463 1076 536; x_wconf 80' lang='lat' dir='ltr'><strong>excepte</strong></span> <span class='ocrx_word' id='word_1_20' title='bbox 1090 465 1141 518; x_wconf 91' lang='lat' dir='ltr'><strong>est</strong></span> <span class='ocrx_word' id='word_1_21' title='bbox 1156 466 1188 519; x_wconf 88' lang='lat' dir='ltr'><strong>et</strong></span> <span class='ocrx_word' id='word_1_22' title='bbox 1202 455 1259 518; x_wconf 78' lang='lat' dir='ltr'><strong>ab·</strong></span> 
     </span>
     <span class='ocr_line' id='line_1_4' title="bbox 90 552 1257 623; baseline -0.002 0"><span class='ocrx_word' id='word_1_23' title='bbox 90 559 225 623; x_wconf 78' lang='lat' dir='ltr'><strong>2alneta.</strong></span> <span class='ocrx_word' id='word_1_24' title='bbox 271 552 348 618; x_wconf 85' lang='lat' dir='ltr'><strong>item</strong></span> <span class='ocrx_word' id='word_1_25' title='bbox 370 553 465 618; x_wconf 86' lang='lat' dir='ltr'><strong>altera</strong></span> <span class='ocrx_word' id='word_1_26' title='bbox 489 554 576 618; x_wconf 87' lang='lat' dir='ltr'><strong>nsuie</strong></span> <span class='ocrx_word' id='word_1_27' title='bbox 600 553 702 618; x_wconf 88' lang='lat' dir='ltr'><strong>trieris</strong></span> <span class='ocrx_word' id='word_1_28' title='bbox 724 574 766 618; x_wconf 81' lang='lat' dir='ltr'><strong>ex</strong></span> <span class='ocrx_word' id='word_1_29' title='bbox 788 555 892 617; x_wconf 85' lang='lat' dir='ltr'><strong>eadem</strong></span> <span class='ocrx_word' id='word_1_30' title='bbox 916 554 1014 617; x_wconf 83' lang='lat' dir='ltr'><strong>classe</strong></span> <span class='ocrx_word' id='word_1_31' title='bbox 1029 555 1203 619; x_wconf 79' lang='lat' dir='ltr'><strong>errabunda</strong></span> <span class='ocrx_word' id='word_1_32' title='bbox 1216 577 1257 621; x_wconf 85' lang='lat' dir='ltr'><strong>ao</strong></span> 
     </span>
     <span class='ocr_line' id='line_1_5' title="bbox 130 652 1258 742; baseline -0.004 -18"><span class='ocrx_word' id='word_1_33' title='bbox 130 668 309 742; x_wconf 73' lang='lat' dir='ltr'><strong>tempestate</strong></span> <span class='ocrx_word' id='word_1_34' title='bbox 330 655 431 719; x_wconf 78' lang='lat' dir='ltr'><strong>alciato</strong></span> <span class='ocrx_word' id='word_1_35' title='bbox 450 657 488 719; x_wconf 89' lang='lat' dir='ltr'><strong>ad</strong></span> <span class='ocrx_word' id='word_1_36' title='bbox 503 654 698 737; x_wconf 78' lang='lat' dir='ltr'>Aegimurum</span> <span class='ocrx_word' id='word_1_37' title='bbox 721 676 739 718; x_wconf 90' lang='lat' dir='ltr'><strong>a</strong></span> <span class='ocrx_word' id='word_1_38' title='bbox 762 656 860 719; x_wconf 80' lang='lat' dir='ltr'><strong>classe</strong></span> <span class='ocrx_word' id='word_1_39' title='bbox 875 653 952 720; x_wconf 85' lang='lat' dir='ltr'><strong>Vari</strong></span> <span class='ocrx_word' id='word_1_40' title='bbox 968 666 999 719; x_wconf 90' lang='lat' dir='ltr'><strong>et</strong></span> <span class='ocrx_word' id='word_1_41' title='bbox 1012 652 1060 718; x_wconf 83' lang='lat' dir='ltr'><strong>M.</strong></span> <span class='ocrx_word' id='word_1_42' title='bbox 1077 653 1190 721; x_wconf 78' lang='lat' dir='ltr'><strong>Octaui</strong></span> <span class='ocrx_word' id='word_1_43' title='bbox 1209 669 1258 721; x_wconf 86' lang='lat' dir='ltr'><strong>est</strong></span> 
     </span>
     <span class='ocr_line' id='line_1_6' title="bbox 129 757 1290 844; baseline -0.003 -20"><span class='ocrx_word' id='word_1_44' title='bbox 129 772 229 844; x_wconf 80' lang='lat' dir='ltr'><strong>eapte,</strong></span> <span class='ocrx_word' id='word_1_45' title='bbox 241 761 273 822; x_wconf 91' lang='lat' dir='ltr'><strong>in</strong></span> <span class='ocrx_word' id='word_1_46' title='bbox 285 779 344 841; x_wconf 90' lang='lat' dir='ltr'><strong>qua</strong></span> <span class='ocrx_word' id='word_1_47' title='bbox 358 759 468 823; x_wconf 82' lang='lat' dir='ltr'><strong>milites</strong></span> <span class='ocrx_word' id='word_1_48' title='bbox 484 757 621 821; x_wconf 86' lang='lat' dir='ltr'><strong>ueterani</strong></span> <span class='ocrx_word' id='word_1_49' title='bbox 632 778 699 820; x_wconf 90' lang='lat' dir='ltr'><strong>oum</strong></span> <span class='ocrx_word' id='word_1_50' title='bbox 714 778 774 821; x_wconf 92' lang='lat' dir='ltr'><strong>uno</strong></span> <span class='ocrx_word' id='word_1_51' title='bbox 786 758 963 821; x_wconf 83' lang='lat' dir='ltr'><strong>centurione</strong></span> <span class='ocrx_word' id='word_1_52' title='bbox 979 769 1011 823; x_wconf 90' lang='lat' dir='ltr'><strong>et</strong></span> <span class='ocrx_word' id='word_1_53' title='bbox 1025 759 1161 822; x_wconf 84' lang='lat' dir='ltr'>nonnulli</span> <span class='ocrx_word' id='word_1_54' title='bbox 1177 759 1255 823; x_wconf 88' lang='lat' dir='ltr'><strong>tiro·</strong></span> <span class='ocrx_word' id='word_1_55' title='bbox 1275 772 1290 821; x_wconf 78' lang='lat' dir='ltr'><strong>t</strong></span> 
     </span>
     <span class='ocr_line' id='line_1_7' title="bbox 128 858 1257 942; baseline 0 -17"><span class='ocrx_word' id='word_1_56' title='bbox 128 881 183 926; x_wconf 87' lang='lat' dir='ltr'><strong>nea</strong></span> <span class='ocrx_word' id='word_1_57' title='bbox 206 862 345 938; x_wconf 82' lang='lat' dir='ltr'><strong>inerunt3</strong></span> <span class='ocrx_word' id='word_1_58' title='bbox 369 879 443 942; x_wconf 88' lang='lat' dir='ltr'><strong>quoe</strong></span> <span class='ocrx_word' id='word_1_59' title='bbox 459 858 561 923; x_wconf 88' lang='lat' dir='ltr'><strong>Varus</strong></span> <span class='ocrx_word' id='word_1_60' title='bbox 582 859 760 922; x_wconf 79' lang='lat' dir='ltr'><strong>adseruatos</strong></span> <span class='ocrx_word' id='word_1_61' title='bbox 782 860 847 923; x_wconf 87' lang='lat' dir='ltr'><strong>siue</strong></span> <span class='ocrx_word' id='word_1_62' title='bbox 866 861 1047 925; x_wconf 86' lang='lat' dir='ltr'><strong>contumelia</strong></span> <span class='ocrx_word' id='word_1_63' title='bbox 1063 860 1257 925; x_wconf 81' lang='lat' dir='ltr'><strong>deducendos</strong></span> 
     </span>
     <span class='ocr_line' id='line_1_8' title="bbox 93 957 1258 1045; baseline -0.003 -18"><span class='ocrx_word' id='word_1_64' title='bbox 93 963 114 1026; x_wconf 82' lang='lat'><strong>3</strong></span> <span class='ocrx_word' id='word_1_65' title='bbox 130 962 248 1027; x_wconf 85' lang='lat' dir='ltr'><strong>curauit</strong></span> <span class='ocrx_word' id='word_1_66' title='bbox 262 962 299 1024; x_wconf 79' lang='lat' dir='ltr'><strong>ati</strong></span> <span class='ocrx_word' id='word_1_67' title='bbox 314 958 498 1043; x_wconf 82' lang='lat' dir='ltr'><strong>Scipionem.</strong></span> <span class='ocrx_word' id='word_1_68' title='bbox 538 957 597 1042; x_wconf 84' lang='lat' dir='ltr'><strong>Qui</strong></span> <span class='ocrx_word' id='word_1_69' title='bbox 614 970 766 1043; x_wconf 81' lang='lat' dir='ltr'><strong>postquem</strong></span> <span class='ocrx_word' id='word_1_70' title='bbox 782 962 819 1025; x_wconf 86' lang='lat' dir='ltr'><strong>ad</strong></span> <span class='ocrx_word' id='word_1_71' title='bbox 835 981 902 1024; x_wconf 89' lang='lat' dir='ltr'><strong>enm</strong></span> <span class='ocrx_word' id='word_1_72' title='bbox 918 971 1120 1045; x_wconf 87' lang='lat' dir='ltr'><strong>peruenerunt</strong></span> <span class='ocrx_word' id='word_1_73' title='bbox 1135 971 1167 1024; x_wconf 86' lang='lat' dir='ltr'><strong>et</strong></span> <span class='ocrx_word' id='word_1_74' title='bbox 1180 972 1258 1024; x_wconf 85' lang='lat' dir='ltr'><strong>ante</strong></span> 
     </span>
     <span class='ocr_line' id='line_1_9' title="bbox 131 1058 1258 1148; baseline -0.004 -19"><span class='ocrx_word' id='word_1_75' title='bbox 131 1074 304 1148; x_wconf 87' lang='lat' dir='ltr'><strong>suggestum</strong></span> <span class='ocrx_word' id='word_1_76' title='bbox 328 1063 545 1140; x_wconf 87' lang='lat' dir='ltr'><strong>constiterunt,</strong></span> <span class='ocrx_word' id='word_1_77' title='bbox 571 1058 657 1124; x_wconf 85' lang='lat' dir='ltr'><strong>‘Non</strong></span> <span class='ocrx_word' id='word_1_78' title='bbox 671 1064 797 1139; x_wconf 85' lang='lat' dir='ltr'><strong>uestra’,</strong></span> <span class='ocrx_word' id='word_1_79' title='bbox 821 1063 937 1144; x_wconf 85' lang='lat' dir='ltr'><strong>iuquit,</strong></span> <span class='ocrx_word' id='word_1_80' title='bbox 964 1071 1082 1147; x_wconf 84' lang='lat' dir='ltr'><strong>‘sponte</strong></span> <span class='ocrx_word' id='word_1_81' title='bbox 1096 1082 1151 1125; x_wconf 87' lang='lat' dir='ltr'><strong>uos</strong></span> <span class='ocrx_word' id='word_1_82' title='bbox 1166 1073 1258 1125; x_wconf 88' lang='lat' dir='ltr'><strong>ecrto</strong></span> 
     </span>
     <span class='ocr_line' id='line_1_10' title="bbox 131 1163 1257 1248; baseline -0.003 -19"><span class='ocrx_word' id='word_1_83' title='bbox 131 1165 207 1240; x_wconf 90' lang='lat' dir='ltr'><strong>acio,</strong></span> <span class='ocrx_word' id='word_1_84' title='bbox 231 1164 285 1227; x_wconf 85' lang='lat' dir='ltr'><strong>sed</strong></span> <span class='ocrx_word' id='word_1_85' title='bbox 300 1164 381 1227; x_wconf 89' lang='lat' dir='ltr'><strong>iliius</strong></span> <span class='ocrx_word' id='word_1_86' title='bbox 397 1163 535 1229; x_wconf 75' lang='lat' dir='ltr'><strong>senioreti</strong></span> <span class='ocrx_word' id='word_1_87' title='bbox 551 1163 644 1227; x_wconf 90' lang='lat' dir='ltr'><strong>nestri</strong></span> <span class='ocrx_word' id='word_1_88' title='bbox 659 1164 850 1248; x_wconf 87' lang='lat' dir='ltr'><strong>imperatoris</strong></span> <span class='ocrx_word' id='word_1_89' title='bbox 864 1164 984 1248; x_wconf 89' lang='lat' dir='ltr'><strong>inpulsu</strong></span> <span class='ocrx_word' id='word_1_90' title='bbox 998 1175 1027 1228; x_wconf 89' lang='lat' dir='ltr'><strong>et</strong></span> <span class='ocrx_word' id='word_1_91' title='bbox 1044 1163 1168 1247; x_wconf 84' lang='lat' dir='ltr'><strong>imperio</strong></span> <span class='ocrx_word' id='word_1_92' title='bbox 1182 1183 1257 1226; x_wconf 87' lang='lat' dir='ltr'><strong>coa·</strong></span> 
     </span>
     <span class='ocr_line' id='line_1_11' title="bbox 95 1261 1311 1349; baseline -0.003 -17"><span class='ocrx_word' id='word_1_93' title='bbox 95 1266 197 1332; x_wconf 77' lang='lat' dir='ltr'><strong>letos</strong></span> <span class='ocrx_word' id='word_1_94' title='bbox 213 1265 295 1330; x_wconf 89' lang='lat' dir='ltr'><strong>eines</strong></span> <span class='ocrx_word' id='word_1_95' title='bbox 311 1276 342 1329; x_wconf 89' lang='lat' dir='ltr'><strong>et</strong></span> <span class='ocrx_word' id='word_1_96' title='bbox 356 1266 497 1349; x_wconf 88' lang='lat' dir='ltr'><strong>optimum</strong></span> <span class='ocrx_word' id='word_1_97' title='bbox 513 1285 659 1348; x_wconf 88' lang='lat' dir='ltr'><strong>quemque</strong></span> <span class='ocrx_word' id='word_1_98' title='bbox 675 1266 791 1330; x_wconf 87' lang='lat' dir='ltr'><strong>nelarie</strong></span> <span class='ocrx_word' id='word_1_99' title='bbox 805 1267 984 1329; x_wconf 81' lang='lat' dir='ltr'><strong>consectari.</strong></span> <span class='ocrx_word' id='word_1_100' title='bbox 1014 1261 1100 1346; x_wconf 78' lang='lat' dir='ltr'><strong>Quos</strong></span> <span class='ocrx_word' id='word_1_101' title='bbox 1114 1265 1258 1347; x_wconf 90' lang='lat' dir='ltr'><strong>quoniam</strong></span> <span class='ocrx_word' id='word_1_102' title='bbox 1281 1274 1311 1328; x_wconf 87' lang='lat' dir='ltr'><strong>n</strong></span> 
     </span>
     <span class='ocr_line' id='line_1_12' title="bbox 131 1364 1256 1451; baseline -0.003 -19"><span class='ocrx_word' id='word_1_103' title='bbox 131 1369 252 1432; x_wconf 78' lang='lat' dir='ltr'><strong>fortuna</strong></span> <span class='ocrx_word' id='word_1_104' title='bbox 268 1367 299 1430; x_wconf 92' lang='lat' dir='ltr'><strong>in</strong></span> <span class='ocrx_word' id='word_1_105' title='bbox 316 1377 449 1430; x_wconf 87' lang='lat' dir='ltr'><strong>nostram</strong></span> <span class='ocrx_word' id='word_1_106' title='bbox 464 1367 571 1431; x_wconf 81' lang='lat' dir='ltr'><strong>detulit</strong></span> <span class='ocrx_word' id='word_1_107' title='bbox 585 1377 775 1451; x_wconf 85' lang='lat' dir='ltr'><strong>potestatem,</strong></span> <span class='ocrx_word' id='word_1_108' title='bbox 808 1367 846 1444; x_wconf 92' lang='lat' dir='ltr'><strong>si,</strong></span> <span class='ocrx_word' id='word_1_109' title='bbox 871 1368 901 1431; x_wconf 80' lang='lat' dir='ltr'><strong>iai</strong></span> <span class='ocrx_word' id='word_1_110' title='bbox 917 1368 994 1450; x_wconf 90' lang='lat' dir='ltr'><strong>qaod</strong></span> <span class='ocrx_word' id='word_1_111' title='bbox 1008 1367 1107 1429; x_wconf 85' lang='lat' dir='ltr'><strong>lacero</strong></span> <span class='ocrx_word' id='word_1_112' title='bbox 1122 1364 1256 1444; x_wconf 85' lang='lat' dir='ltr'><strong>debetis,</strong></span> 
     </span>
     <span class='ocr_line' id='line_1_13' title="bbox 131 1465 1259 1553; baseline -0.002 -20"><span class='ocrx_word' id='word_1_113' title='bbox 131 1466 345 1553; x_wconf 83' lang='lat' dir='ltr'><strong>rempublicam</strong></span> <span class='ocrx_word' id='word_1_114' title='bbox 369 1489 435 1530; x_wconf 91' lang='lat' dir='ltr'><strong>cum</strong></span> <span class='ocrx_word' id='word_1_115' title='bbox 465 1468 576 1550; x_wconf 90' lang='lat' dir='ltr'><strong>optimo</strong></span> <span class='ocrx_word' id='word_1_116' title='bbox 598 1488 715 1552; x_wconf 91' lang='lat' dir='ltr'><strong>quoque</strong></span> <span class='ocrx_word' id='word_1_117' title='bbox 739 1468 921 1543; x_wconf 86' lang='lat' dir='ltr'><strong>defendetis,</strong></span> <span class='ocrx_word' id='word_1_118' title='bbox 953 1478 1067 1531; x_wconf 87' lang='lat' dir='ltr'><strong>eertum</strong></span> <span class='ocrx_word' id='word_1_119' title='bbox 1098 1475 1146 1529; x_wconf 85' lang='lat' dir='ltr'><strong>est</strong></span> <span class='ocrx_word' id='word_1_120' title='bbox 1168 1465 1259 1531; x_wconf 87' lang='lat' dir='ltr'><strong>uobis</strong></span> 
     </span>
     <span class='ocr_line' id='line_1_14' title="bbox 131 1567 1260 1654; baseline -0.003 -21"><span class='ocrx_word' id='word_1_121' title='bbox 131 1571 223 1633; x_wconf 88' lang='lat' dir='ltr'><strong>uitam</strong></span> <span class='ocrx_word' id='word_1_122' title='bbox 239 1579 271 1632; x_wconf 89' lang='lat' dir='ltr'><strong>et</strong></span> <span class='ocrx_word' id='word_1_123' title='bbox 286 1570 440 1651; x_wconf 84' lang='lat' dir='ltr'><strong>pecuniam</strong></span> <span class='ocrx_word' id='word_1_124' title='bbox 456 1570 579 1634; x_wconf 88' lang='lat' dir='ltr'><strong>donare.</strong></span> <span class='ocrx_word' id='word_1_125' title='bbox 625 1567 829 1654; x_wconf 76' lang='lat' dir='ltr'><strong>Quapropter,</strong></span> <span class='ocrx_word' id='word_1_126' title='bbox 853 1569 920 1652; x_wconf 86' lang='lat' dir='ltr'><strong>quid</strong></span> <span class='ocrx_word' id='word_1_127' title='bbox 936 1568 1083 1644; x_wconf 84' lang='lat' dir='ltr'><strong>sentiatis,</strong></span> <span class='ocrx_word' id='word_1_128' title='bbox 1101 1567 1260 1651; x_wconf 87' lang='lat' dir='ltr'><strong>proloqui-</strong></span> 
     </span>
     <span class='ocr_line' id='line_1_15' title="bbox 74 1666 1261 1755; baseline -0.002 -21"><span class='ocrx_word' id='word_1_129' title='bbox 74 1671 119 1742; x_wconf 75' lang='grc'><strong>45</strong></span> <span class='ocrx_word' id='word_1_130' title='bbox 135 1670 228 1734; x_wconf 83' lang='lat' dir='ltr'><strong>miui’.</strong></span> <span class='ocrx_word' id='word_1_131' title='bbox 274 1666 341 1732; x_wconf 88' lang='lat' dir='ltr'><strong>liae</strong></span> <span class='ocrx_word' id='word_1_132' title='bbox 355 1670 456 1733; x_wconf 86' lang='lat' dir='ltr'><strong>habita</strong></span> <span class='ocrx_word' id='word_1_133' title='bbox 471 1670 607 1734; x_wconf 87' lang='lat' dir='ltr'><strong>oratioue</strong></span> <span class='ocrx_word' id='word_1_134' title='bbox 622 1667 737 1755; x_wconf 80' lang='lat' dir='ltr'><strong>Scipio,</strong></span> <span class='ocrx_word' id='word_1_135' title='bbox 763 1692 827 1735; x_wconf 89' lang='lat' dir='ltr'><strong>oum</strong></span> <span class='ocrx_word' id='word_1_136' title='bbox 841 1670 1044 1733; x_wconf 72' lang='lat' dir='ltr'><strong>existimasset</strong></span> <span class='ocrx_word' id='word_1_137' title='bbox 1059 1688 1186 1752; x_wconf 87' lang='lat' dir='ltr'><strong>proauo</strong></span> <span class='ocrx_word' id='word_1_138' title='bbox 1201 1667 1261 1732; x_wconf 86' lang='lat' dir='ltr'><strong>be·</strong></span> 
     </span>
     <span class='ocr_line' id='line_1_16' title="bbox 132 1770 1309 1856; baseline -0.002 -19"><span class='ocrx_word' id='word_1_139' title='bbox 132 1771 240 1837; x_wconf 79' lang='lat' dir='ltr'><strong>ueioio</strong></span> <span class='ocrx_word' id='word_1_140' title='bbox 262 1770 330 1834; x_wconf 87' lang='lat' dir='ltr'><strong>sine</strong></span> <span class='ocrx_word' id='word_1_141' title='bbox 351 1772 438 1835; x_wconf 84' lang='lat' dir='ltr'><strong>lulio</strong></span> <span class='ocrx_word' id='word_1_142' title='bbox 454 1771 491 1835; x_wconf 84' lang='lat' dir='ltr'><strong>ab</strong></span> <span class='ocrx_word' id='word_1_143' title='bbox 508 1773 553 1836; x_wconf 88' lang='lat' dir='ltr'><strong>his</strong></span> <span class='ocrx_word' id='word_1_144' title='bbox 569 1774 683 1856; x_wconf 88' lang='lat' dir='ltr'><strong>gratias</strong></span> <span class='ocrx_word' id='word_1_145' title='bbox 698 1773 755 1837; x_wconf 84' lang='lat' dir='ltr'><strong>sibi</strong></span> <span class='ocrx_word' id='word_1_146' title='bbox 770 1782 868 1837; x_wconf 90' lang='lat' dir='ltr'><strong>aetum</strong></span> <span class='ocrx_word' id='word_1_147' title='bbox 882 1773 939 1848; x_wconf 88' lang='lat' dir='ltr'><strong>iri,</strong></span> <span class='ocrx_word' id='word_1_148' title='bbox 960 1780 1140 1855; x_wconf 86' lang='lat' dir='ltr'><strong>potestatem</strong></span> <span class='ocrx_word' id='word_1_149' title='bbox 1156 1770 1195 1834; x_wconf 88' lang='lat' dir='ltr'><strong>iis</strong></span> <span class='ocrx_word' id='word_1_150' title='bbox 1211 1772 1258 1835; x_wconf 80' lang='lat' dir='ltr'><strong>ui·</strong></span> <span class='ocrx_word' id='word_1_151' title='bbox 1281 1782 1309 1835; x_wconf 86' lang='lat' dir='ltr'><strong>n</strong></span> 
     </span>
     <span class='ocr_line' id='line_1_17' title="bbox 96 1871 1258 1958; baseline -0.005 -18"><span class='ocrx_word' id='word_1_152' title='bbox 96 1872 219 1940; x_wconf 80' lang='lat' dir='ltr'><strong>2oemli</strong></span> <span class='ocrx_word' id='word_1_153' title='bbox 243 1872 324 1935; x_wconf 84' lang='lat' dir='ltr'><strong>iecit.</strong></span> <span class='ocrx_word' id='word_1_154' title='bbox 370 1871 423 1936; x_wconf 83' lang='lat' dir='ltr'><strong>Ex</strong></span> <span class='ocrx_word' id='word_1_155' title='bbox 444 1875 489 1938; x_wconf 89' lang='lat' dir='ltr'><strong>eis</strong></span> <span class='ocrx_word' id='word_1_156' title='bbox 510 1875 647 1939; x_wconf 86' lang='lat' dir='ltr'><strong>centurio</strong></span> <span class='ocrx_word' id='word_1_157' title='bbox 669 1874 798 1958; x_wconf 82' lang='lat' dir='ltr'><strong>legionis</strong></span> <span class='ocrx_word' id='word_1_158' title='bbox 820 1885 912 1953; x_wconf 85' lang='lat' dir='ltr'><strong>xtttl,</strong></span> <span class='ocrx_word' id='word_1_159' title='bbox 946 1872 1019 1938; x_wconf 85' lang='lat' dir='ltr'><strong>‘Pro</strong></span> <span class='ocrx_word' id='word_1_160' title='bbox 1039 1871 1116 1950; x_wconf 87' lang='lat' dir='ltr'><strong>tuo&#39;,</strong></span> <span class='ocrx_word' id='word_1_161' title='bbox 1146 1871 1258 1955; x_wconf 89' lang='lat' dir='ltr'><strong>inquit,</strong></span> 
     </span>
     <span class='ocr_line' id='line_1_18' title="bbox 139 1973 1259 2060; baseline -0.003 -20"><span class='ocrx_word' id='word_1_162' title='bbox 139 1984 265 2040; x_wconf 86' lang='lat' dir='ltr'><strong>‘summo</strong></span> <span class='ocrx_word' id='word_1_163' title='bbox 281 1974 439 2052; x_wconf 86' lang='lat' dir='ltr'><strong>beneficio,</strong></span> <span class='ocrx_word' id='word_1_164' title='bbox 457 1973 572 2059; x_wconf 87' lang='lat' dir='ltr'><strong>Scipio,</strong></span> <span class='ocrx_word' id='word_1_165' title='bbox 590 1977 643 2040; x_wconf 86' lang='lat' dir='ltr'><strong>tibi</strong></span> <span class='ocrx_word' id='word_1_166' title='bbox 658 1978 770 2060; x_wconf 87' lang='lat' dir='ltr'><strong>gratias</strong></span> <span class='ocrx_word' id='word_1_167' title='bbox 786 1996 843 2059; x_wconf 82' lang='lat' dir='ltr'><strong>ago</strong></span> <span class='ocrx_word' id='word_1_168' title='bbox 860 1979 934 2057; x_wconf 86' lang='lat' dir='ltr'><strong>(uon</strong></span> <span class='ocrx_word' id='word_1_169' title='bbox 949 1976 1029 2040; x_wconf 90' lang='lat' dir='ltr'><strong>enim</strong></span> <span class='ocrx_word' id='word_1_170' title='bbox 1044 1975 1259 2058; x_wconf 84' lang='lat' dir='ltr'><strong>imperatorem</strong></span> 
     </span>
     <span class='ocr_line' id='line_1_19' title="bbox 132 2074 1259 2161; baseline -0.003 -20"><span class='ocrx_word' id='word_1_171' title='bbox 132 2088 164 2141; x_wconf 84' lang='lat' dir='ltr'><strong>te</strong></span> <span class='ocrx_word' id='word_1_172' title='bbox 179 2076 321 2160; x_wconf 86' lang='lat' dir='ltr'><strong>appello),</strong></span> <span class='ocrx_word' id='word_1_173' title='bbox 339 2077 414 2159; x_wconf 86' lang='lat' dir='ltr'><strong>qnod</strong></span> <span class='ocrx_word' id='word_1_174' title='bbox 430 2077 501 2141; x_wconf 80' lang='lat' dir='ltr'><strong>milri</strong></span> <span class='ocrx_word' id='word_1_175' title='bbox 518 2076 607 2142; x_wconf 81' lang='lat' dir='ltr'><strong>uitam</strong></span> <span class='ocrx_word' id='word_1_176' title='bbox 623 2078 916 2161; x_wconf 80' lang='lat' dir='ltr'><strong>incolumitatemque</strong></span> <span class='ocrx_word' id='word_1_177' title='bbox 930 2076 1005 2141; x_wconf 88' lang='lat' dir='ltr'><strong>belii</strong></span> <span class='ocrx_word' id='word_1_178' title='bbox 1015 2078 1080 2141; x_wconf 86' lang='lat' dir='ltr'><strong>iure</strong></span> <span class='ocrx_word' id='word_1_179' title='bbox 1094 2078 1180 2159; x_wconf 80' lang='lat' dir='ltr'><strong>capto</strong></span> <span class='ocrx_word' id='word_1_180' title='bbox 1192 2074 1259 2159; x_wconf 93' lang='lat' dir='ltr'><strong>pol·</strong></span> 
     </span>
     <span class='ocr_line' id='line_1_20' title="bbox 132 2176 1259 2257; baseline -0.004 -14"><span class='ocrx_word' id='word_1_181' title='bbox 132 2179 251 2253; x_wconf 89' lang='lat' dir='ltr'><strong>liceris,</strong></span> <span class='ocrx_word' id='word_1_182' title='bbox 276 2189 307 2242; x_wconf 90' lang='lat' dir='ltr'><strong>et</strong></span> <span class='ocrx_word' id='word_1_183' title='bbox 329 2180 431 2242; x_wconf 86' lang='lat' dir='ltr'><strong>iorsan</strong></span> <span class='ocrx_word' id='word_1_184' title='bbox 452 2191 555 2244; x_wconf 86' lang='lat' dir='ltr'><strong>uterer</strong></span> <span class='ocrx_word' id='word_1_185' title='bbox 575 2181 633 2245; x_wconf 90' lang='lat' dir='ltr'><strong>isto</strong></span> <span class='ocrx_word' id='word_1_186' title='bbox 647 2178 810 2257; x_wconf 86' lang='lat' dir='ltr'><strong>beneiieio,</strong></span> <span class='ocrx_word' id='word_1_187' title='bbox 834 2181 860 2243; x_wconf 88' lang='lat' dir='ltr'><strong>si</strong></span> <span class='ocrx_word' id='word_1_188' title='bbox 875 2200 936 2242; x_wconf 91' lang='lat' dir='ltr'><strong>nou</strong></span> <span class='ocrx_word' id='word_1_189' title='bbox 951 2179 979 2244; x_wconf 90' lang='lat' dir='ltr'><strong>ei</strong></span> <span class='ocrx_word' id='word_1_190' title='bbox 996 2198 1139 2249; x_wconf 86' lang='lat' dir='ltr'><strong>summum</strong></span> <span class='ocrx_word' id='word_1_191' title='bbox 1153 2176 1259 2241; x_wconf 88' lang='lat' dir='ltr'><strong>scelus</strong></span> 
     </span>
     <span class='ocr_line' id='line_1_21' title="bbox 99 2278 1312 2365; baseline -0.003 -19"><span class='ocrx_word' id='word_1_192' title='bbox 99 2282 358 2364; x_wconf 73' lang='lat' dir='ltr'><strong>ilalioogeretuc.</strong></span> <span class='ocrx_word' id='word_1_193' title='bbox 389 2279 496 2364; x_wconf 82' lang='lat' dir='ltr'><strong>Egone</strong></span> <span class='ocrx_word' id='word_1_194' title='bbox 512 2292 617 2347; x_wconf 89' lang='lat' dir='ltr'><strong>contra</strong></span> <span class='ocrx_word' id='word_1_195' title='bbox 634 2278 811 2358; x_wconf 86' lang='lat' dir='ltr'><strong>Caesarem,</strong></span> <span class='ocrx_word' id='word_1_196' title='bbox 828 2281 1039 2365; x_wconf 76' lang='lat' dir='ltr'><strong>imperatorem</strong></span> <span class='ocrx_word' id='word_1_197' title='bbox 1054 2301 1163 2357; x_wconf 88' lang='lat' dir='ltr'><strong>meum,</strong></span> <span class='ocrx_word' id='word_1_198' title='bbox 1180 2279 1260 2363; x_wconf 79' lang='lat' dir='ltr'><strong>uputl</strong></span> <span class='ocrx_word' id='word_1_199' title='bbox 1280 2286 1312 2342; x_wconf 80' lang='lat' dir='ltr'><strong>tt</strong></span> 
     </span>
     <span class='ocr_line' id='line_1_22' title="bbox 134 2381 1259 2467; baseline -0.003 -21"><span class='ocrx_word' id='word_1_200' title='bbox 134 2404 220 2467; x_wconf 91' lang='lat' dir='ltr'><strong>qoem</strong></span> <span class='ocrx_word' id='word_1_201' title='bbox 237 2381 370 2445; x_wconf 86' lang='lat' dir='ltr'><strong>ordinem</strong></span> <span class='ocrx_word' id='word_1_202' title='bbox 386 2381 472 2459; x_wconf 81' lang='lat' dir='ltr'><strong>duxi,</strong></span> <span class='ocrx_word' id='word_1_203' title='bbox 496 2383 619 2466; x_wconf 86' lang='lat' dir='ltr'><strong>eiusque</strong></span> <span class='ocrx_word' id='word_1_204' title='bbox 634 2384 812 2457; x_wconf 84' lang='lat' dir='ltr'><strong>exereitum,</strong></span> <span class='ocrx_word' id='word_1_205' title='bbox 834 2404 887 2467; x_wconf 86' lang='lat' dir='ltr'><strong>pro</strong></span> <span class='ocrx_word' id='word_1_206' title='bbox 902 2385 988 2447; x_wconf 86' lang='lat' dir='ltr'><strong>onius</strong></span> <span class='ocrx_word' id='word_1_207' title='bbox 1003 2383 1147 2466; x_wconf 75' lang='lat' dir='ltr'><strong>lignitate</strong></span> <span class='ocrx_word' id='word_1_208' title='bbox 1163 2381 1259 2444; x_wconf 88' lang='lat' dir='ltr'><strong>uicto-</strong></span> 
     </span>
     <span class='ocr_line' id='line_1_23' title="bbox 133 2483 1256 2568; baseline -0.002 -21"><span class='ocrx_word' id='word_1_209' title='bbox 133 2486 237 2564; x_wconf 90' lang='lat' dir='ltr'><strong>riaque</strong></span> <span class='ocrx_word' id='word_1_210' title='bbox 259 2483 383 2563; x_wconf 89' lang='lat' dir='ltr'><strong>amplius</strong></span> <span class='ocrx_word' id='word_1_211' title='bbox 398 2485 421 2564; x_wconf 92' lang='lat'><em>†</em></span> <span class='ocrx_word' id='word_1_212' title='bbox 436 2493 549 2546; x_wconf 82' lang='lat' dir='ltr'><strong>xxxvl</strong></span> <span class='ocrx_word' id='word_1_213' title='bbox 565 2485 653 2548; x_wconf 86' lang='lat' dir='ltr'><strong>annis</strong></span> <span class='ocrx_word' id='word_1_214' title='bbox 677 2487 863 2568; x_wconf 77' lang='lat' dir='ltr'><strong>depugnaui,</strong></span> <span class='ocrx_word' id='word_1_215' title='bbox 887 2487 1032 2549; x_wconf 87' lang='lat' dir='ltr'><strong>aduersos</strong></span> <span class='ocrx_word' id='word_1_216' title='bbox 1062 2495 1256 2564; x_wconf 81' lang='lat' dir='ltr'><strong>armatusque</strong></span> 
     </span>
     <span class='ocr_line' id='line_1_24' title="bbox 134 2581 1259 2675; baseline -0.001 -28"><span class='ocrx_word' id='word_1_217' title='bbox 134 2583 320 2647; x_wconf 79' lang='lat' dir='ltr'><strong>consistam?</strong></span> <span class='ocrx_word' id='word_1_218' title='bbox 348 2581 458 2664; x_wconf 85' lang='lat' dir='ltr'><strong>Neque</strong></span> <span class='ocrx_word' id='word_1_219' title='bbox 482 2604 539 2667; x_wconf 87' lang='lat' dir='ltr'><strong>ego</strong></span> <span class='ocrx_word' id='word_1_220' title='bbox 558 2586 638 2648; x_wconf 89' lang='lat' dir='ltr'><strong>istud</strong></span> <span class='ocrx_word' id='word_1_221' title='bbox 653 2586 786 2651; x_wconf 83' lang='lat' dir='ltr'><strong>facturus</strong></span> <span class='ocrx_word' id='word_1_222' title='bbox 802 2608 887 2675; x_wconf 83' lang='lat' dir='ltr'><strong>sum,</strong></span> <span class='ocrx_word' id='word_1_223' title='bbox 912 2598 942 2649; x_wconf 87' lang='lat' dir='ltr'><strong>et</strong></span> <span class='ocrx_word' id='word_1_224' title='bbox 958 2597 988 2650; x_wconf 90' lang='lat' dir='ltr'><strong>te</strong></span> <span class='ocrx_word' id='word_1_225' title='bbox 1004 2605 1201 2671; x_wconf 88' lang='lat' dir='ltr'><strong>magnopere,</strong></span> <span class='ocrx_word' id='word_1_226' title='bbox 1225 2594 1259 2647; x_wconf 92' lang='lat' dir='ltr'><strong>ut</strong></span> 
     </span>
     <span class='ocr_line' id='line_1_25' title="bbox 100 2682 1257 2772; baseline -0.001 -22"><span class='ocrx_word' id='word_1_227' title='bbox 100 2687 121 2749; x_wconf 78' lang='grc'>4</span> <span class='ocrx_word' id='word_1_228' title='bbox 137 2686 173 2750; x_wconf 80' lang='lat' dir='ltr'><strong>ele</strong></span> <span class='ocrx_word' id='word_1_229' title='bbox 189 2685 311 2767; x_wconf 88' lang='lat' dir='ltr'><strong>negotio</strong></span> <span class='ocrx_word' id='word_1_230' title='bbox 319 2683 457 2761; x_wconf 89' lang='lat' dir='ltr'><strong>desistas,</strong></span> <span class='ocrx_word' id='word_1_231' title='bbox 468 2686 621 2753; x_wconf 83' lang='lat' dir='ltr'><strong>adhortor.</strong></span> <span class='ocrx_word' id='word_1_232' title='bbox 646 2682 857 2772; x_wconf 74' lang='lat' dir='ltr'><strong>Contruonius</strong></span> <span class='ocrx_word' id='word_1_233' title='bbox 872 2689 950 2751; x_wconf 87' lang='lat' dir='ltr'><strong>enim</strong></span> <span class='ocrx_word' id='word_1_234' title='bbox 961 2688 1061 2771; x_wconf 89' lang='lat' dir='ltr'><strong>copias</strong></span> <span class='ocrx_word' id='word_1_235' title='bbox 1077 2688 1257 2762; x_wconf 84' lang='lat' dir='ltr'><strong>contendas,</strong></span> 
     </span>
     <span class='ocr_line' id='line_1_26' title="bbox 136 2787 1311 2873; baseline -0.002 -22"><span class='ocrx_word' id='word_1_236' title='bbox 136 2787 164 2852; x_wconf 92' lang='lat' dir='ltr'><strong>si</strong></span> <span class='ocrx_word' id='word_1_237' title='bbox 179 2789 276 2850; x_wconf 90' lang='lat' dir='ltr'><strong>minus</strong></span> <span class='ocrx_word' id='word_1_238' title='bbox 292 2796 382 2850; x_wconf 88' lang='lat' dir='ltr'><strong>antea</strong></span> <span class='ocrx_word' id='word_1_239' title='bbox 398 2798 604 2870; x_wconf 75' lang='lat' dir='ltr'><strong>expectasse,</strong></span> <span class='ocrx_word' id='word_1_240' title='bbox 628 2788 699 2852; x_wconf 88' lang='lat' dir='ltr'><strong>lieet</strong></span> <span class='ocrx_word' id='word_1_241' title='bbox 715 2811 793 2853; x_wconf 91' lang='lat' dir='ltr'><strong>nuno</strong></span> <span class='ocrx_word' id='word_1_242' title='bbox 809 2810 987 2872; x_wconf 72' lang='lat' dir='ltr'><strong>cognoscas.</strong></span> <span class='ocrx_word' id='word_1_243' title='bbox 1021 2787 1111 2873; x_wconf 84' lang='lat' dir='ltr'><strong>Elige</strong></span> <span class='ocrx_word' id='word_1_244' title='bbox 1135 2809 1177 2852; x_wconf 76' lang='lat' dir='ltr'><strong>ex</strong></span> <span class='ocrx_word' id='word_1_245' title='bbox 1198 2788 1260 2851; x_wconf 90' lang='lat' dir='ltr'><strong>tuis</strong></span> <span class='ocrx_word' id='word_1_246' title='bbox 1280 2795 1311 2849; x_wconf 70' lang='lat' dir='ltr'><strong>et</strong></span> 
     </span>
     <span class='ocr_line' id='line_1_27' title="bbox 135 2890 1258 2972; baseline -0.003 -18"><span class='ocrx_word' id='word_1_247' title='bbox 135 2891 288 2954; x_wconf 85' lang='lat' dir='ltr'><strong>eohortem</strong></span> <span class='ocrx_word' id='word_1_248' title='bbox 305 2909 405 2965; x_wconf 81' lang='lat' dir='ltr'><strong>uuam,</strong></span> <span class='ocrx_word' id='word_1_249' title='bbox 423 2909 509 2972; x_wconf 88' lang='lat' dir='ltr'><strong>qnam</strong></span> <span class='ocrx_word' id='word_1_250' title='bbox 526 2899 611 2972; x_wconf 88' lang='lat' dir='ltr'><strong>potas</strong></span> <span class='ocrx_word' id='word_1_251' title='bbox 627 2911 697 2954; x_wconf 88' lang='lat' dir='ltr'><strong>esse</strong></span> <span class='ocrx_word' id='word_1_252' title='bbox 713 2891 923 2968; x_wconf 75' lang='lat' dir='ltr'><strong>firmissimam,</strong></span> <span class='ocrx_word' id='word_1_253' title='bbox 940 2902 971 2954; x_wconf 90' lang='lat' dir='ltr'><strong>et</strong></span> <span class='ocrx_word' id='word_1_254' title='bbox 985 2890 1132 2954; x_wconf 84' lang='lat' dir='ltr'><strong>constitue</strong></span> <span class='ocrx_word' id='word_1_255' title='bbox 1148 2898 1258 2952; x_wconf 89' lang='lat' dir='ltr'><strong>contra</strong></span> 
     </span>
     <span class='ocr_line' id='line_1_28' title="bbox 134 2988 1258 3075; baseline -0.002 -20"><span class='ocrx_word' id='word_1_256' title='bbox 134 3011 267 3074; x_wconf 70' lang='lat' dir='ltr'><strong>magego</strong></span> <span class='ocrx_word' id='word_1_257' title='bbox 282 3001 380 3054; x_wconf 84' lang='lat' dir='ltr'><strong>sotem</strong></span> <span class='ocrx_word' id='word_1_258' title='bbox 397 3009 436 3052; x_wconf 88' lang='lat' dir='ltr'><strong>ex</strong></span> <span class='ocrx_word' id='word_1_259' title='bbox 451 2988 526 3054; x_wconf 89' lang='lat' dir='ltr'><strong>meis</strong></span> <span class='ocrx_word' id='word_1_260' title='bbox 542 2992 804 3069; x_wconf 86' lang='lat' dir='ltr'><strong>commilitonibus,</strong></span> <span class='ocrx_word' id='word_1_261' title='bbox 815 3012 889 3075; x_wconf 86' lang='lat' dir='ltr'><strong>qnos</strong></span> <span class='ocrx_word' id='word_1_262' title='bbox 904 3011 985 3056; x_wconf 92' lang='lat' dir='ltr'><strong>nuno</strong></span> <span class='ocrx_word' id='word_1_263' title='bbox 997 2992 1028 3055; x_wconf 93' lang='lat' dir='ltr'><strong>iu</strong></span> <span class='ocrx_word' id='word_1_264' title='bbox 1044 3001 1093 3053; x_wconf 88' lang='lat' dir='ltr'><strong>tua</strong></span> <span class='ocrx_word' id='word_1_265' title='bbox 1105 3000 1258 3074; x_wconf 84' lang='lat' dir='ltr'><strong>potestate</strong></span> 
     </span>
     <span class='ocr_line' id='line_1_29' title="bbox 137 3090 1257 3179; baseline -0.001 -24"><span class='ocrx_word' id='word_1_266' title='bbox 137 3104 242 3170; x_wconf 84' lang='lat' dir='ltr'><strong>tonos,</strong></span> <span class='ocrx_word' id='word_1_267' title='bbox 266 3111 326 3154; x_wconf 93' lang='lat' dir='ltr'><strong>non</strong></span> <span class='ocrx_word' id='word_1_268' title='bbox 347 3093 474 3176; x_wconf 90' lang='lat' dir='ltr'><strong>amplius</strong></span> <span class='ocrx_word' id='word_1_269' title='bbox 493 3102 519 3155; x_wconf 94' lang='lat' dir='ltr'><strong>x</strong></span> <span class='ocrx_word' id='word_1_270' title='bbox 534 3113 660 3156; x_wconf 89' lang='lat' dir='ltr'><strong>sumam.</strong></span> <span class='ocrx_word' id='word_1_271' title='bbox 689 3090 777 3158; x_wconf 84' lang='lat' dir='ltr'><strong>Tunc</strong></span> <span class='ocrx_word' id='word_1_272' title='bbox 792 3095 950 3179; x_wconf 87' lang='lat' dir='ltr'><strong>intelleges</strong></span> <span class='ocrx_word' id='word_1_273' title='bbox 970 3114 1012 3159; x_wconf 83' lang='lat' dir='ltr'><strong>ex</strong></span> <span class='ocrx_word' id='word_1_274' title='bbox 1026 3092 1135 3157; x_wconf 89' lang='lat' dir='ltr'><strong>uirtute</strong></span> <span class='ocrx_word' id='word_1_275' title='bbox 1150 3102 1257 3154; x_wconf 88' lang='lat' dir='ltr'><strong>nostra</strong></span> 
     </span>
    </p>
   </div>
   <div class='ocr_carea' id='block_1_3' title="bbox 135 3295 1260 4142">
    <p class='ocr_par' dir='ltr' id='par_1_3' title="bbox 135 3295 1259 3599">
     <span class='ocr_line' id='line_1_30' title="bbox 213 3295 1258 3366; baseline -0.002 -18"><span class='ocrx_word' id='word_1_276' title='bbox 213 3324 216 3331; x_wconf 24' lang='grc' dir='ltr'><strong>Α</strong></span> <span class='ocrx_word' id='word_1_277' title='bbox 245 3297 257 3348; x_wconf 91' lang='grc'>1</span> <span class='ocrx_word' id='word_1_278' title='bbox 273 3297 464 3348; x_wconf 83' lang='lat' dir='ltr'><strong>emuaiasento</strong></span> <span class='ocrx_word' id='word_1_279' title='bbox 478 3312 500 3360; x_wconf 91' lang='lat' dir='ltr'><strong>o,</strong></span> <span class='ocrx_word' id='word_1_280' title='bbox 514 3305 631 3348; x_wconf 81' lang='lat' dir='ltr'><strong>crrosset</strong></span> <span class='ocrx_word' id='word_1_281' title='bbox 644 3299 669 3348; x_wconf 78' lang='lat' dir='ltr'><strong>b.</strong></span> <span class='ocrx_word' id='word_1_282' title='bbox 694 3330 698 3337; x_wconf 87' lang='lat'><em>·</em></span> <span class='ocrx_word' id='word_1_283' title='bbox 819 3295 940 3366; x_wconf 75' lang='lat' dir='ltr'><strong>‘l&#39;lrupaon</strong></span> <span class='ocrx_word' id='word_1_284' title='bbox 955 3300 970 3349; x_wconf 81' lang='lat' dir='ltr'><strong>i</strong></span> <span class='ocrx_word' id='word_1_285' title='bbox 983 3314 1006 3361; x_wconf 83' lang='lat' dir='ltr'><strong>e,</strong></span> <span class='ocrx_word' id='word_1_286' title='bbox 1019 3296 1140 3349; x_wconf 78' lang='lat' dir='ltr'><strong>&#39;l&#39;iuhson</strong></span> <span class='ocrx_word' id='word_1_287' title='bbox 1153 3312 1170 3346; x_wconf 84' lang='lat' dir='ltr'><strong>c</strong></span> <span class='ocrx_word' id='word_1_288' title='bbox 1178 3315 1189 3359; x_wconf 90' lang='lat'><strong>,·</strong></span> <span class='ocrx_word' id='word_1_289' title='bbox 1202 3312 1258 3348; x_wconf 80' lang='lat' dir='ltr'><strong>nos</strong></span> 
     </span>
     <span class='ocr_line' id='line_1_31' title="bbox 135 3373 1259 3443; baseline -0.001 -15"><span class='ocrx_word' id='word_1_290' title='bbox 135 3375 276 3443; x_wconf 83' lang='lat' dir='ltr'><strong>Thapsum.</strong></span> <span class='ocrx_word' id='word_1_291' title='bbox 392 3375 409 3425; x_wconf 78' lang='lat'>2</span> <span class='ocrx_word' id='word_1_292' title='bbox 422 3373 539 3440; x_wconf 81' lang='lat' dir='ltr'><strong>Vergilio</strong></span> <span class='ocrx_word' id='word_1_293' title='bbox 552 3391 579 3440; x_wconf 86' lang='lat' dir='ltr'><strong>a,</strong></span> <span class='ocrx_word' id='word_1_294' title='bbox 592 3375 702 3442; x_wconf 85' lang='lat' dir='ltr'><strong>Virgilio</strong></span> <span class='ocrx_word' id='word_1_295' title='bbox 715 3390 743 3427; x_wconf 82' lang='lat' dir='ltr'><strong>u.</strong></span> <span class='ocrx_word' id='word_1_296' title='bbox 861 3379 971 3429; x_wconf 82' lang='lat' dir='ltr'><strong>obductu</strong></span> <span class='ocrx_word' id='word_1_297' title='bbox 985 3379 1009 3440; x_wconf 75' lang='lat' dir='ltr'><strong>t,</strong></span> <span class='ocrx_word' id='word_1_298' title='bbox 1024 3378 1136 3429; x_wconf 80' lang='lat' dir='ltr'><strong>andeolo</strong></span> <span class='ocrx_word' id='word_1_299' title='bbox 1148 3392 1165 3427; x_wconf 86' lang='lat' dir='ltr'><strong>o</strong></span> <span class='ocrx_word' id='word_1_300' title='bbox 1179 3393 1193 3424; x_wconf 82' lang='lat' dir='ltr'><strong>c</strong></span> <span class='ocrx_word' id='word_1_301' title='bbox 1201 3395 1210 3439; x_wconf 90' lang='lat'><strong>,·</strong></span> <span class='ocrx_word' id='word_1_302' title='bbox 1224 3377 1259 3427; x_wconf 84' lang='lat' dir='ltr'><strong>ad</strong></span> 
     </span>
     <span class='ocr_line' id='line_1_32' title="bbox 136 3452 1258 3520; baseline 0 -16"><span class='ocrx_word' id='word_1_303' title='bbox 136 3452 281 3520; x_wconf 81' lang='lat' dir='ltr'><strong>Scipionem</strong></span> <span class='ocrx_word' id='word_1_304' title='bbox 295 3452 405 3503; x_wconf 80' lang='lat' dir='ltr'><strong>deductu</strong></span> <span class='ocrx_word' id='word_1_305' title='bbox 419 3469 447 3504; x_wconf 84' lang='lat' dir='ltr'><strong>u.</strong></span> <span class='ocrx_word' id='word_1_306' title='bbox 550 3457 567 3507; x_wconf 77' lang='lat' dir='ltr'><strong>l</strong></span> <span class='ocrx_word' id='word_1_307' title='bbox 581 3454 669 3507; x_wconf 79' lang='lat' dir='ltr'><strong>delata</strong></span> <span class='ocrx_word' id='word_1_308' title='bbox 682 3455 713 3505; x_wconf 83' lang='lat' dir='ltr'><strong>ati</strong></span> <span class='ocrx_word' id='word_1_309' title='bbox 726 3455 891 3519; x_wconf 72' lang='lat' dir='ltr'><strong>Aegimurum</strong></span> <span class='ocrx_word' id='word_1_310' title='bbox 904 3471 930 3518; x_wconf 82' lang='lat' dir='ltr'><strong>a,</strong></span> <span class='ocrx_word' id='word_1_311' title='bbox 945 3455 977 3504; x_wconf 81' lang='lat' dir='ltr'><strong>mi</strong></span> <span class='ocrx_word' id='word_1_312' title='bbox 990 3456 1154 3518; x_wconf 73' lang='lat' dir='ltr'><strong>Aegimurum</strong></span> <span class='ocrx_word' id='word_1_313' title='bbox 1168 3454 1258 3504; x_wconf 80' lang='lat' dir='ltr'><strong>delata</strong></span> 
     </span>
     <span class='ocr_line' id='line_1_33' title="bbox 135 3527 1257 3599; baseline 0.003 -20"><span class='ocrx_word' id='word_1_314' title='bbox 135 3528 196 3579; x_wconf 77' lang='lat' dir='ltr'><strong>edd.</strong></span> <span class='ocrx_word' id='word_1_315' title='bbox 318 3527 411 3580; x_wconf 82' lang='lat' dir='ltr'><strong>(letoni</strong></span> <span class='ocrx_word' id='word_1_316' title='bbox 424 3546 450 3580; x_wconf 89' lang='lat' dir='ltr'><strong>a.</strong></span> <span class='ocrx_word' id='word_1_317' title='bbox 576 3531 689 3582; x_wconf 66' lang='lat' dir='ltr'><strong>laeteri</strong></span> <span class='ocrx_word' id='word_1_318' title='bbox 701 3546 728 3582; x_wconf 88' lang='lat' dir='ltr'><strong>o.</strong></span> <span class='ocrx_word' id='word_1_319' title='bbox 851 3539 958 3599; x_wconf 79' lang='lat' dir='ltr'><strong>tyrones</strong></span> <span class='ocrx_word' id='word_1_320' title='bbox 971 3546 998 3581; x_wconf 92' lang='lat' dir='ltr'><strong>o.</strong></span> <span class='ocrx_word' id='word_1_321' title='bbox 1122 3533 1137 3582; x_wconf 81' lang='lat' dir='ltr'><strong>e</strong></span> <span class='ocrx_word' id='word_1_322' title='bbox 1151 3546 1216 3596; x_wconf 83' lang='lat' dir='ltr'><strong>quas</strong></span> <span class='ocrx_word' id='word_1_323' title='bbox 1229 3547 1257 3582; x_wconf 89' lang='lat' dir='ltr'><strong>n.</strong></span> 
     </span>
    </p>

    <p class='ocr_par' dir='ltr' id='par_1_4' title="bbox 136 3603 1260 3985">
     <span class='ocr_line' id='line_1_34' title="bbox 243 3603 1260 3676; baseline 0.001 -18"><span class='ocrx_word' id='word_1_324' title='bbox 243 3607 434 3660; x_wconf 81' lang='lat' dir='ltr'><strong>adseruatoao.</strong></span> <span class='ocrx_word' id='word_1_325' title='bbox 528 3603 835 3676; x_wconf 63' lang='lat' dir='ltr'><strong>deducendosqnoob.&#39;</strong></span> <span class='ocrx_word' id='word_1_326' title='bbox 900 3609 1260 3675; x_wconf 78' lang='lat' dir='ltr'><strong>8snggestumabc,anggo-</strong></span> 
     </span>
     <span class='ocr_line' id='line_1_35' title="bbox 137 3684 1260 3754; baseline 0.002 -16"><span class='ocrx_word' id='word_1_327' title='bbox 137 3693 203 3738; x_wconf 87' lang='lat' dir='ltr'><strong>atum</strong></span> <span class='ocrx_word' id='word_1_328' title='bbox 215 3686 272 3738; x_wconf 85' lang='lat' dir='ltr'><strong>eius</strong></span> <span class='ocrx_word' id='word_1_329' title='bbox 285 3703 312 3737; x_wconf 85' lang='lat' dir='ltr'><strong>o.</strong></span> <span class='ocrx_word' id='word_1_330' title='bbox 419 3687 497 3739; x_wconf 76' lang='lat' dir='ltr'><strong>liscio</strong></span> <span class='ocrx_word' id='word_1_331' title='bbox 511 3702 563 3736; x_wconf 83' lang='lat' dir='ltr'><strong>om.</strong></span> <span class='ocrx_word' id='word_1_332' title='bbox 573 3702 600 3738; x_wconf 87' lang='lat' dir='ltr'><strong>a.</strong></span> <span class='ocrx_word' id='word_1_333' title='bbox 705 3689 843 3754; x_wconf 90' lang='lat' dir='ltr'><strong>iopnisna.</strong></span> <span class='ocrx_word' id='word_1_334' title='bbox 952 3689 1020 3740; x_wconf 81' lang='lat' dir='ltr'><strong>teau</strong></span> <span class='ocrx_word' id='word_1_335' title='bbox 1033 3686 1073 3736; x_wconf 82' lang='lat' dir='ltr'><strong>iuis</strong></span> <span class='ocrx_word' id='word_1_336' title='bbox 1086 3701 1102 3734; x_wconf 89' lang='lat' dir='ltr'><strong>o</strong></span> <span class='ocrx_word' id='word_1_337' title='bbox 1115 3684 1176 3734; x_wconf 81' lang='lat' dir='ltr'><strong>edd.</strong></span> <span class='ocrx_word' id='word_1_338' title='bbox 1192 3694 1260 3739; x_wconf 78' lang='lat' dir='ltr'><strong>onte</strong></span> 
     </span>
     <span class='ocr_line' id='line_1_36' title="bbox 136 3763 1260 3833; baseline -0.008 -14"><span class='ocrx_word' id='word_1_339' title='bbox 136 3767 210 3830; x_wconf 76' lang='lat' dir='ltr'><strong>Ata,</strong></span> <span class='ocrx_word' id='word_1_340' title='bbox 225 3764 256 3815; x_wconf 88' lang='lat' dir='ltr'><strong>ob</strong></span> <span class='ocrx_word' id='word_1_341' title='bbox 270 3764 302 3816; x_wconf 90' lang='lat' dir='ltr'><strong>iis</strong></span> <span class='ocrx_word' id='word_1_342' title='bbox 316 3765 404 3816; x_wconf 80' lang='lat' dir='ltr'><strong>Aldus</strong></span> <span class='ocrx_word' id='word_1_343' title='bbox 416 3781 444 3816; x_wconf 82' lang='lat' dir='ltr'><strong>o.</strong></span> <span class='ocrx_word' id='word_1_344' title='bbox 589 3766 687 3830; x_wconf 74' lang='lat' dir='ltr'><strong>gratim</strong></span> <span class='ocrx_word' id='word_1_345' title='bbox 700 3767 848 3817; x_wconf 87' lang='lat' dir='ltr'><strong>subacturis</strong></span> <span class='ocrx_word' id='word_1_346' title='bbox 860 3772 956 3833; x_wconf 85' lang='lat' dir='ltr'><strong>potest.</strong></span> <span class='ocrx_word' id='word_1_347' title='bbox 970 3780 1011 3816; x_wconf 83' lang='lat' dir='ltr'><strong>ac</strong></span> <span class='ocrx_word' id='word_1_348' title='bbox 1022 3769 1056 3824; x_wconf 86' lang='lat' dir='ltr'><strong>ot,</strong></span> <span class='ocrx_word' id='word_1_349' title='bbox 1072 3764 1121 3826; x_wconf 77' lang='lat' dir='ltr'><strong>qut</strong></span> <span class='ocrx_word' id='word_1_350' title='bbox 1132 3763 1260 3818; x_wconf 80' lang='lat' dir='ltr'><strong>subactu.</strong></span> 
     </span>
     <span class='ocr_line' id='line_1_37' title="bbox 136 3839 1145 3906; baseline -0.004 -13"><span class='ocrx_word' id='word_1_351' title='bbox 136 3858 189 3906; x_wconf 87' lang='lat' dir='ltr'><strong>ros,</strong></span> <span class='ocrx_word' id='word_1_352' title='bbox 205 3843 229 3890; x_wconf 76' lang='lat' dir='ltr'><strong>b.</strong></span> <span class='ocrx_word' id='word_1_353' title='bbox 377 3842 407 3893; x_wconf 80' lang='lat' dir='ltr'><strong>iii</strong></span> <span class='ocrx_word' id='word_1_354' title='bbox 422 3841 530 3892; x_wconf 77' lang='lat' dir='ltr'><strong>forsitan</strong></span> <span class='ocrx_word' id='word_1_355' title='bbox 545 3843 569 3892; x_wconf 79' lang='lat' dir='ltr'><strong>ir.</strong></span> <span class='ocrx_word' id='word_1_356' title='bbox 715 3849 804 3894; x_wconf 85' lang='lat' dir='ltr'><strong>uterer</strong></span> <span class='ocrx_word' id='word_1_357' title='bbox 816 3843 866 3893; x_wconf 83' lang='lat' dir='ltr'><strong>isto</strong></span> <span class='ocrx_word' id='word_1_358' title='bbox 879 3859 905 3905; x_wconf 85' lang='lat' dir='ltr'><strong>a,</strong></span> <span class='ocrx_word' id='word_1_359' title='bbox 921 3843 972 3893; x_wconf 88' lang='lat' dir='ltr'><strong>isto</strong></span> <span class='ocrx_word' id='word_1_360' title='bbox 984 3849 1072 3892; x_wconf 86' lang='lat' dir='ltr'><strong>uterer</strong></span> <span class='ocrx_word' id='word_1_361' title='bbox 1084 3839 1145 3890; x_wconf 77' lang='lat' dir='ltr'><strong>edd.</strong></span> 
     </span>
     <span class='ocr_line' id='line_1_38' title="bbox 136 3917 1256 3985; baseline 0.004 -18"><span class='ocrx_word' id='word_1_362' title='bbox 136 3917 304 3981; x_wconf 71' lang='lat' dir='ltr'><strong>wergonel.</strong></span> <span class='ocrx_word' id='word_1_363' title='bbox 405 3919 502 3985; x_wconf 91' lang='lat' dir='ltr'><strong>meum]</strong></span> <span class='ocrx_word' id='word_1_364' title='bbox 512 3927 627 3970; x_wconf 84' lang='lat' dir='ltr'><strong>nostrum</strong></span> <span class='ocrx_word' id='word_1_365' title='bbox 640 3935 657 3970; x_wconf 86' lang='lat' dir='ltr'><strong>o</strong></span> <span class='ocrx_word' id='word_1_366' title='bbox 666 3919 755 3970; x_wconf 78' lang='lat' dir='ltr'><strong>altero</strong></span> <span class='ocrx_word' id='word_1_367' title='bbox 767 3933 890 3985; x_wconf 82' lang='lat' dir='ltr'><strong>eupraac.</strong></span> <span class='ocrx_word' id='word_1_368' title='bbox 989 3917 1256 3985; x_wconf 68' lang='lat' dir='ltr'><strong>22†xuxvr]i².2i³.</strong></span> 
     </span>
    </p>

    <p class='ocr_par' dir='ltr' id='par_1_5' title="bbox 136 3991 1260 4142">
     <span class='ocr_line' id='line_1_39' title="bbox 245 3991 1146 4062; baseline 0.007 -18"><span class='ocrx_word' id='word_1_369' title='bbox 245 3991 295 4046; x_wconf 78' lang='lat' dir='ltr'><strong>anai</strong></span> <span class='ocrx_word' id='word_1_370' title='bbox 308 4011 332 4046; x_wconf 87' lang='lat' dir='ltr'><strong>o.</strong></span> <span class='ocrx_word' id='word_1_371' title='bbox 496 3999 623 4050; x_wconf 86' lang='lat' dir='ltr'><strong>aduersus</strong></span> <span class='ocrx_word' id='word_1_372' title='bbox 637 4006 749 4050; x_wconf 85' lang='lat' dir='ltr'><strong>armatos</strong></span> <span class='ocrx_word' id='word_1_373' title='bbox 762 4014 778 4048; x_wconf 89' lang='lat' dir='ltr'><strong>o</strong></span> <span class='ocrx_word' id='word_1_374' title='bbox 792 4014 814 4062; x_wconf 88' lang='lat' dir='ltr'><strong>o,</strong></span> <span class='ocrx_word' id='word_1_375' title='bbox 830 3998 967 4048; x_wconf 86' lang='lat' dir='ltr'><strong>aduersum</strong></span> <span class='ocrx_word' id='word_1_376' title='bbox 981 4006 1107 4048; x_wconf 89' lang='lat' dir='ltr'><strong>armatum</strong></span> <span class='ocrx_word' id='word_1_377' title='bbox 1122 3999 1146 4050; x_wconf 75' lang='lat' dir='ltr'><strong>ir.</strong></span> 
     </span>
     <span class='ocr_line' id='line_1_40' title="bbox 136 4070 1260 4142; baseline 0.006 -20"><span class='ocrx_word' id='word_1_378' title='bbox 136 4070 283 4126; x_wconf 61' lang='lat' dir='ltr'><strong>iiudortor</strong></span> <span class='ocrx_word' id='word_1_379' title='bbox 295 4088 322 4122; x_wconf 87' lang='lat' dir='ltr'><strong>o.</strong></span> <span class='ocrx_word' id='word_1_380' title='bbox 425 4074 458 4124; x_wconf 73' lang='lat'><strong>25</strong></span> <span class='ocrx_word' id='word_1_381' title='bbox 468 4079 548 4136; x_wconf 81' lang='lat' dir='ltr'><strong>nune]</strong></span> <span class='ocrx_word' id='word_1_382' title='bbox 561 4091 598 4127; x_wconf 91' lang='lat' dir='ltr'><strong>se.</strong></span> <span class='ocrx_word' id='word_1_383' title='bbox 610 4077 633 4128; x_wconf 81' lang='lat' dir='ltr'><strong>b.</strong></span> <span class='ocrx_word' id='word_1_384' title='bbox 738 4074 944 4128; x_wconf 68' lang='lat' dir='ltr'><strong>illicitissimam</strong></span> <span class='ocrx_word' id='word_1_385' title='bbox 957 4075 981 4124; x_wconf 75' lang='grc' dir='ltr'><strong>ὁ.</strong></span> <span class='ocrx_word' id='word_1_386' title='bbox 1084 4074 1118 4128; x_wconf 76' lang='lat'><strong>27</strong></span> <span class='ocrx_word' id='word_1_387' title='bbox 1127 4083 1260 4142; x_wconf 84' lang='lat' dir='ltr'><strong>potestate</strong></span> 
     </span>
    </p>
   </div>
   <div class='ocr_carea' id='block_1_4' title="bbox 135 4151 1258 4279">
    <p class='ocr_par' dir='ltr' id='par_1_6' title="bbox 135 4151 1258 4279">
     <span class='ocr_line' id='line_1_41' title="bbox 136 4151 1258 4276; baseline 0.006 -76"><span class='ocrx_word' id='word_1_388' title='bbox 136 4154 210 4200; x_wconf 83' lang='lat' dir='ltr'><strong>tenes</strong></span> <span class='ocrx_word' id='word_1_389' title='bbox 224 4163 250 4211; x_wconf 87' lang='lat' dir='ltr'><strong>a,</strong></span> <span class='ocrx_word' id='word_1_390' title='bbox 265 4155 480 4276; x_wconf 54' lang='grc' dir='ltr'><strong>ῑειῗοεὲἓῑοοωε</strong></span> <span class='ocrx_word' id='word_1_391' title='bbox 493 4151 552 4202; x_wconf 82' lang='lat' dir='ltr'><strong>edd.</strong></span> <span class='ocrx_word' id='word_1_392' title='bbox 658 4151 839 4215; x_wconf 80' lang='lat' dir='ltr'><strong>28inteiicgas</strong></span> <span class='ocrx_word' id='word_1_393' title='bbox 851 4166 884 4203; x_wconf 83' lang='lat' dir='ltr'><strong>cx</strong></span> <span class='ocrx_word' id='word_1_394' title='bbox 896 4152 993 4203; x_wconf 89' lang='lat' dir='ltr'><strong>uirtute</strong></span> <span class='ocrx_word' id='word_1_395' title='bbox 1008 4161 1181 4216; x_wconf 70' lang='lat' dir='ltr'><strong>postremos</strong></span> <span class='ocrx_word' id='word_1_396' title='bbox 1194 4155 1258 4209; x_wconf 88' lang='lat' dir='ltr'><strong>oirt.</strong></span> 
     </span>
     <span class='ocr_line' id='line_1_42' title="bbox 135 4227 388 4279; baseline -0.024 -2"><span class='ocrx_word' id='word_1_397' title='bbox 135 4235 216 4279; x_wconf 87' lang='lat' dir='ltr'><strong>nostr.</strong></span> <span class='ocrx_word' id='word_1_398' title='bbox 231 4227 284 4276; x_wconf 90' lang='lat' dir='ltr'><strong>inte</strong></span> <span class='ocrx_word' id='word_1_399' title='bbox 309 4241 343 4276; x_wconf 85' lang='lat' dir='ltr'><strong>‚e</strong></span> <span class='ocrx_word' id='word_1_400' title='bbox 383 4258 388 4271; x_wconf 93' lang='lat'><strong>.</strong></span> 
     </span>
    </p>
   </div>
   <div class='ocr_carea' id='block_1_5' title="bbox 0 0 1348 4694">
    <p class='ocr_par' dir='ltr' id='par_1_7' title="bbox 0 0 1348 4694">
     <span class='ocr_line' id='line_1_43' title="bbox 0 0 1348 4694; baseline 0 0"><span class='ocrx_word' id='word_1_401' title='bbox 0 0 1348 4694; x_wconf 95' lang='lat' dir='ltr'><strong> </strong></span> 
     </span>
    </p>
   </div>
  </div>
 </body>
</html>
