2692 4688
472 166 614 239 con.
629 166 678 237 111
692 167 917 241 CAH—ll.
1252 171 1315 240 ato

138 341 234 406 silius
248 339 361 406 missus
376 340 409 406 in
423 339 567 421 lisuuios,
584 339 708 409 Marone
724 343 856 409 Trebius
873 343 978 409 Gallus
995 343 1028 407 in
1044 337 1257 422 Coriosolitas,

139 441 271 527 Quintus
286 442 433 510 Velanius
449 467 516 510 eum
530 444 602 510 t'ito
617 443 693 511 Silio
708 447 740 512 in
755 444 902 512 Venetos.
948 445 1046 511 liuius
1062 456 1109 510 est
1124 446 1255 511 oiuitatis
1268 444 1293 516 8

137 548 229 630 longe
249 547 432 632 amplissima
454 548 615 611 auotoritas
639 549 736 613 omnis
758 570 832 613 orae
855 549 1021 614 maritimae
1035 549 1191 631 regionum
1206 569 1258 614 ea·

138 670 216 729 rnre,
233 650 312 732 quod
328 660 359 713 et
375 670 466 714 naues
481 649 592 715 babent
607 650 716 716 Veneti
732 653 885 737 plurimas,
903 652 1010 736 quibus
1024 651 1056 714 in
1071 649 1258 715 Britanniam

99 767 117 817 b
140 751 286 836 nauigare
301 763 502 831 consuerunt,
526 763 556 818 et
575 753 702 819 seientia
716 766 808 837 atque
822 776 878 819 usu
893 756 1080 818 nauticarum
1094 775 1195 817 rerum
1208 772 1260 817 re·

136 855 236 938 liquos
250 855 433 918 antecedunt
452 864 483 919 et
503 855 536 919 in
558 877 666 942 magno
688 858 799 940 impetu
822 857 914 921 maris
929 869 1020 941 atque
1036 865 1141 939 aperto
1157 853 1259 939 paneis

136 956 273 1042 portibus
287 957 468 1034 interiectis,
486 979 559 1041 quos
575 968 680 1023 tenent
693 960 762 1044 ipsi,
779 981 883 1024 omnes
900 962 982 1038 lere,
1006 959 1056 1041 qui
1071 980 1107 1023 eo
1123 957 1199 1021 mari
1213 955 1259 1023 uti

138 1068 342 1136 oonsuemnt,
366 1058 480 1124 babent
500 1061 676 1144 uectigales.
718 1061 768 1126 Ab
784 1063 830 1126 bis
846 1063 879 1126 lit
893 1062 1009 1126 initium
1025 1060 1171 1124 retinendi
1188 1054 1292 1123 sitiit

136 1173 227 1246 atque
242 1159 381 1241 Velanii',
405 1162 484 1245 quot
505 1183 561 1246 per
575 1184 626 1228 eos
641 1184 715 1228 suos
729 1185 764 1229 se
779 1163 916 1242 obsides,
933 1186 1008 1247 qnos
1024 1159 1138 1227 Crasso
1160 1161 1258 1226 ‹ledis-

77 1276 111 1330 to
134 1274 215 1340 rent,
231 1262 454 1346 reciperaturos
469 1265 692 1329 existimabant.
739 1265 855 1331 llorum
877 1267 1054 1331 auctoritate
1069 1263 1186 1329 finitimi
1205 1261 1258 1327 ad·
1272 1258 1293 1325 3

138 1367 218 1432 lusti
241 1369 299 1445 (nt
318 1376 391 1430 sunt
405 1364 559 1431 Gallorum
581 1367 679 1433 subita
702 1380 734 1433 et
748 1370 904 1453 repentina
921 1369 1070 1450 consilia)
1093 1366 1198 1431 eadem
1220 1364 1258 1429 tle

136 1490 229 1534 rause
236 1467 380 1533 Trebiam
391 1467 655 1554 Terrasidiumque
670 1473 814 1551 minent,
832 1471 1017 1537 etreleriter
1031 1469 1131 1533 missis
1147 1466 1257 1552 legatis

134 1592 276 1656 persnas
296 1570 446 1655 principes
467 1572 547 1637 inter
568 1593 603 1638 se
624 1573 789 1649 estimant
799 1575 875 1661 nibil
890 1576 949 1638 nisi
964 1571 1113 1638 maimoni
1128 1569 1257 1636 oonsilio

135 1684 260 1739 acturos
275 1674 460 1756 eundemque
481 1676 577 1740 omnis
597 1678 736 1741 fortunae
751 1677 866 1742 exitum
881 1697 951 1742 esse
967 1678 1093 1752 laturos,
1109 1668 1292 1756 reliquas-l

79 1788 110 1841 ts
134 1798 191 1861 que
205 1776 349 1841 ciuitates
364 1777 540 1855 sollicitant,
558 1787 591 1841 nt
605 1778 636 1843 in
652 1799 689 1843 ea
703 1778 861 1858 libertate,
891 1801 979 1864 quam
994 1800 1013 1843 a
1028 1774 1192 1840 maioribus
1206 1793 1257 1837 ao·

136 1889 298 1964 ceperant,
319 1899 496 1963 permanere
518 1900 606 1963 quam
621 1878 825 1945 llomanorum
841 1883 1017 1947 seruitutem
1033 1879 1169 1963 parlarre
1183 1872 1257 1939 reel-

135 1982 215 2046 leut.
256 1977 347 2047 Omni
366 2003 421 2046 ora
441 1982 592 2045 maritima
614 1983 753 2047 celeriter
767 1983 805 2046 ad
819 2005 903 2048 suam
918 1983 1098 2048 sententiam
1114 1979 1257 2063 perlaeta
1271 1971 1292 2038 b

139 2103 323 2147 communem
335 2085 515 2169 legationem
531 2086 568 2148 ed
580 2083 717 2149 Publium
734 2081 878 2149 Crassum
893 2088 1026 2162 mittunt,
1053 2083 1081 2148 si
1096 2082 1170 2146 uelit
1184 2099 1256 2144 suos

135 2186 287 2270 resipere,
303 2185 422 2253 obsides
437 2188 496 2252 sibi
512 2190 658 2252 remittat.
690 2184 807 2269 Quibus
822 2187 964 2252 derebus
981 2182 1097 2249 Caesar
1112 2182 1148 2246 ab
1161 2178 1255 2245 Cras·
1269 2180 1291 2249 ll

77 2299 112 2352 tt
134 2308 170 2353 eo
184 2289 299 2353 eertior
311 2291 428 2365 laetus,
453 2293 531 2373 qnod
547 2291 611 2376 ipse
626 2290 732 2355 aberat
746 2292 883 2374 longius,
905 2309 1000 2354 naues
1015 2285 1136 2352 interim
1151 2284 1257 2366 longae

135 2390 287 2456 aedificari
302 2392 468 2457 influmine
482 2391 608 2477 Ligere,
626 2395 703 2478 quod
718 2395 816 2459 inlluit
829 2394 861 2458 iu
877 2389 1050 2468 Oceanum,
1066 2387 1199 2470 remiges
1214 2403 1257 2449 ex

136 2493 291 2577 proniueia
305 2494 441 2573 institui,
467 2508 573 2560 nautas
595 2496 872 2581 gubernatoresque
886 2493 1053 2580 comparari
1066 2490 1159 2557 iubet.
1198 2484 1293 2553 tint

134 2593 224 2661 rebus
238 2596 382 2663 eeleriter
394 2598 611 2664 administratis
625 2599 713 2684 ipse,
736 2622 804 2665 oum
823 2600 949 2684 primum
971 2617 1025 2683 per
1046 2593 1118 2660 anni
1138 2604 1255 2678 tempus

242 2846 298 2900 lin
311 2843 425 2901 Esubios
446 2848 529 2916 (M
541 2850 629 2903 ΟΜ
647 2848 785 2915 ‘optimt',
807 2848 933 2900 numellos
952 2845 1073 2898 sesninos
1086 2858 1115 2907 r,
1136 2843 1162 2893 in
1175 2838 1256 2893 Vael-

136 2924 208 2990 loss.
332 2921 369 2974 ll.
383 2923 494 2978 Trebius
507 2927 553 2992 (B)
566 2944 584 2979 n
591 2965 601 2993 ,
614 2927 726 2979 Trebius
738 2930 838 2978 emim
848 2923 1068 2993 protermines,
1082 2918 1217 2970 intrauirir
1229 2931 1255 2967 e.

242 2999 449 3069 commolitus.
568 3002 851 3072 thiuturB,Q.u.
974 2998 1099 3051 Velanius
1110 2995 1147 3048 A.

134 3078 334 3148 taumate.
416 3082 771 3152 SillioABCJ‘plurs'ms*,
786 3082 840 3133 lllio
852 3082 889 3132 11.
976 3077 1150 3132 amerianae
1163 3070 1255 3137 amd-

240 3159 259 3211 l
271 3158 385 3210 babeam
395 3175 432 3211 m.
442 3177 488 3226 pr.
503 3163 528 3214 b.
632 3160 737 3214 Venetii
751 3164 776 3225 b,
792 3157 886 3211 Nearti
899 3174 1022 3226 sume.
1036 3172 1090 3208 ree.
1103 3170 1140 3206 m.
1155 3156 1257 3207 Arene·

10 3252 13 3279 Ι
133 3251 191 3302 per.
327 3238 483 3292 brittaniam
494 3242 566 3302 BD,
579 3241 753 3294 brittanniam
768 3240 900 3305 Caesare
912 3239 1011 3302 abique
1018 3237 1053 3302 s,
1066 3231 1211 3285 llriteniam
1221 3229 1254 3283 Ε.

243 3320 259 3372 b
272 3321 422 3372 consuerint
433 3337 470 3372 ns.
480 3337 527 3388 pr.
542 3324 574 3374 0.
680 3317 955 3383 manummerias,
969 3324 1105 3368 nanterum
1117 3311 1182 3364 DE·

135 3408 221 3447 mun
235 3396 314 3462 bes,
329 3413 382 3448 om.
395 3399 552 3451 Aecus.
656 3395 783 3463 reliquas]
797 3402 900 3447 eeteros
914 3394 989 3459 bej.
1082 3389 1097 3442 7
1111 3387 1154 3454 so]
1166 3384 1256 3437 eollesn

135 3471 192 3539 bsp
205 3472 331 3537 idemque
344 3475 376 3524 de
388 3475 412 3525 11
427 3475 516 3526 tradit
530 3475 616 3540 Orod„
630 3474 781 3541 eedsolro,
795 3479 826 3523 ut
839 3471 956 3536 exempl.
968 3469 1053 3522 Febr.
1064 3467 1150 3518 tome.

135 3548 384 3616 eumenem.
488 3551 845 3618 ttisABCMts,iisn.
985 3538 1254 3605 sittiiABthJ.

241 3625 373 3679 lVelenii
385 3628 473 3679 altera
485 3629 494 3679 i
503 3635 600 3694 postea
610 3630 671 3681 eod.
684 3646 721 3680 na.
735 3628 884 3693 adiectas,
897 3623 1000 3677 Velanii
1013 3640 1049 3674 on
1058 3620 1162 3674 Valonii
1176 3619 1256 3671 dabie

131 3703 198 3768 Ax,
217 3700 333 3755 Velleaii
344 3705 472 3770 BCDE,
486 3705 590 3758 Vellani
605 3708 635 3757 b:
652 3711 737 3772 atque
755 3708 800 3756 bio
813 3720 872 3754 oum
886 3703 930 3754 ad
936 3718 950 3752 e
955 3703 981 3768 s
988 3700 1052 3752 add.
1064 3707 1092 3751 et
1104 3699 1127 3749 si
1140 3712 1204 3763 quor
1216 3696 1256 3748 in-

133 3783 263 3848 tercipere
276 3791 428 3849 potueruut.
569 3786 600 3837 lb
614 3787 808 3853 reciperaturos
821 3784 845 3835 A
853 3785 898 3836 Bo
905 3820 914 3846 ,
929 3797 1021 3833 omaer
1033 3795 1093 3831 oum
1107 3776 1254 3844 uesperi,

131 3857 503 3926 messanamsmspra.
610 3863 794 3915 lldeoen.b.
892 3857 1256 3922 llenndemqus-letnroe

132 3937 223 4004 ms.
313 3940 566 4007 lbaeoeperintes.
656 3942 854 4007 ltmeliates.
956 3934 1254 4002 teterrimam.

244 4015 276 4068 lll
289 4017 406 4083 recipere
420 4018 467 4080 (B)
479 4016 532 4069 01)
542 4018 587 4083 (E)
595 4055 605 4082 ,
619 4033 673 4070 om.
689 4022 713 4071 A
719 4038 728 4079 ,·
740 4033 897 4085 recuperare
911 4018 1009 4084 bdsf.
1136 4013 1188 4065 sibi
1200 4024 1254 4061 om-

135 4088 210 4155 bds.
316 4092 677 4161 abBCDlffi‘urssms.
799 4086 1256 4160 2lLigereABDE5Liperisrt
1315 4128 1319 4136 .

134 4185 188 4220 ree.
200 4185 238 4220 m.
252 4170 294 4234 B,
309 4169 412 4238 Liparis
426 4172 474 4223 te.
580 4175 665 4227 influit
676 4173 808 4226 Oceanum
822 4175 911 4241 bees
919 4170 1103 4224 ‘Paratomos‘
1117 4160 1254 4218 Sebaea‘d.

133 4246 181 4296 red
193 4263 247 4298 non
260 4246 292 4297 B.
391 4248 553 4303 taruennae
567 4251 613 4315 bs.
703 4264 853 4317 comparere
866 4263 989 4316 superse.
1005 4248 1012 4297 i
1028 4249 1059 4297 C.
