2684 4694
504 219 806 286 ...ιιι-.-

91 389 169 456 nibil
181 390 214 455 iu
229 389 276 453 bis
292 388 394 453 uerbis
408 389 592 455 declaratum
613 402 716 470 esset,
740 390 926 459 Schneidero
948 414 989 459 ex
1010 388 1215 482 superioribus

90 491 325 577 intellegendum
342 492 439 556 uisum
454 504 503 557 est
517 514 626 576 magno
640 494 751 559 itinere
773 497 911 560 coniecto
930 496 962 560 iu
981 497 1056 563 bnes
1073 497 1217 566 Suessio-

92 616 164 659 num
179 591 344 658 Cameren
360 596 545 678 peruenisse.
577 595 621 658 At
635 616 726 680 supra
741 618 769 660 e.
787 597 820 670 5,
836 599 857 662 l
873 592 991 662 Caesar
1004 600 1168 685 scripserat
1182 622 1216 667 se

92 697 126 761 iu
140 697 288 761 extremis
302 695 466 760 Remorum
482 697 590 761 linibus
608 699 716 776 inisse,
735 699 782 762 hic
797 696 978 765 Suessiones
993 699 1098 767 Remis
1113 704 1217 789 proxi·

93 820 161 863 mos
176 799 272 877 dixit,
296 809 330 862 ut
345 819 446 863 euma
467 800 555 878 loco,
579 801 658 864 unde
678 802 940 886 proficiscebatur,
964 806 1118 886 usquead
1141 808 1217 871 lines

95 896 294 965 Suessionum
310 920 349 964 ne
363 902 496 984 potuisse
511 903 626 984 quidem
642 924 782 988 magnum
802 904 861 967 iter
882 906 1032 970 conficere
1047 918 1217 991 appareret.

96 999 178 1084 Quid
191 1002 286 1086 igitur
292 999 517 1068 Schneiderosl
537 1003 682 1088 Magnam
697 1016 810 1089 portem
827 1006 885 1069 diei
898 1002 1062 1071 Gaesarem
1074 1029 1129 1091 per
1144 1010 1219 1074 lines

95 1103 273 1179 Remorum,
290 1124 347 1189 qua
360 1101 544 1170 Suessiones
559 1117 738 1190 tangerent,
763 1107 826 1171 isse
847 1118 877 1170 et
899 1109 941 1173 ita
957 1112 1094 1174 conlecto
1109 1130 1219 1193 magno

94 1207 205 1271 itinere
218 1207 426 1272 introduxisse
449 1209 482 1272 in
506 1208 633 1273 bostium
656 1210 731 1274 fiaes
754 1211 919 1275 exereitum
935 1220 1049 1274 narrat.
1095 1208 1221 1276 Scilicet

95 1310 189 1374 animi
203 1330 295 1374 eausa
308 1309 510 1375 ambulauisse
518 1306 683 1377 Caesarem
699 1311 868 1395 putabimus
884 1322 915 1375 et
928 1311 966 1376 de
980 1311 1130 1377 industria
1145 1324 1221 1377 tem·

97 1433 156 1497 qus
167 1412 290 1477 uiuisse
303 1413 334 1475 iu
349 1434 464 1478 summa
478 1434 578 1478 rerum
593 1414 793 1497 gerendarum
808 1413 920 1496 inopia.
951 1412 1038 1478 Adeo
1052 1414 1129 1477 mira
1144 1415 1219 1480 baeu

96 1534 149 1580 res
162 1524 239 1593 erat,
257 1525 290 1578 ut
303 1536 406 1594 causa,
423 1536 477 1580 our
490 1516 661 1594 accidisset,
678 1516 761 1580 nullo
776 1516 862 1579 modo
877 1525 980 1598 posset
993 1535 1012 1579 a
1024 1510 1158 1580 Caesme
1173 1527 1220 1581 ta·

96 1618 173 1682 cesi.
216 1614 321 1700 ltaque
343 1639 410 1682 com
425 1617 556 1684 dubitari
571 1639 632 1681 non
647 1627 768 1702 posset,
790 1619 860 1700 quin
882 1617 955 1681 baec
971 1617 1062 1681 uerba
1077 1629 1219 1705 compta

96 1732 213 1799 ment,
230 1719 416 1806 participium
433 1721 594 1785 ‘conlecto'
609 1720 741 1805 spurium
756 1719 897 1783 indicaui.

183 1820 223 1889 C.
241 1822 294 1902 15,
312 1824 333 1887 4
347 1824 459 1908 duplex
472 1823 703 1887 additamentum
716 1822 877 1885 tollendum
889 1822 1076 1899 existimaui,
1093 1823 1220 1887 alterum

96 1925 346 2010 interpolatorum
367 1926 520 2005 codicum,
541 1926 668 1988 altorum
682 1925 824 1987 omnium.
870 1922 915 1987 lbi
939 1923 1013 1988 baec
1033 1924 1217 1989 edebantura

99 2026 230 2093 ‘Eorum
246 2028 321 2090 lines
335 2024 445 2090 Nomii
467 2026 672 2110 attingebant,
695 2047 821 2109 quorum
845 2026 881 2089 de
903 2037 1010 2091 natura
1031 2027 1223 2110 moribusque

97 2126 303 2195 Caesareum
318 2139 487 2211 quaereret,
504 2129 549 2192 sic
563 2128 750 2214 reperiebat:
766 2126 891 2192 Nullum
907 2129 1015 2192 aditum
1032 2150 1100 2194 esse
1115 2130 1151 2192 od
1167 2149 1221 2192 eos

98 2230 337 2307 mercatoribus,
366 2230 441 2294 nibil
462 2231 523 2314 pati
546 2230 609 2293 nini
630 2231 870 2314 reliquarumque
892 2251 990 2294 rerum
1011 2232 1049 2295 ad
1072 2231 1222 2294 luxuriam

100 2334 313 2418 pertinentium
327 2333 451 2412 inferri,
475 2332 553 2417 quod
575 2331 613 2395 iis
634 2333 726 2396 rebus
741 2334 973 2418 relanguescere
987 2333 1102 2397 suimus
1118 2352 1222 2397 eorum

101 2446 133 2500 et
146 2436 260 2501 remitti
273 2436 414 2500 uirtutem
430 2435 662 2499 existimareut’.
689 2433 791 2500 Verba
807 2447 905 2499 autem
923 2437 972 2500 ‘ad
988 2436 1137 2500 luxuriam
1154 2455 1223 2519 per·

101 2536 268 2603 tinentium'
284 2559 344 2601 non
358 2538 537 2622 legunturin
552 2539 679 2624 integris
694 2537 780 2601 codd.
793 2549 823 2602 et
839 2538 1009 2603 melioribus
1025 2538 1220 2616 deteriorum,

101 2652 210 2705 extant
222 2641 255 2704 in
270 2641 450 2724 interpolata
464 2641 587 2705 familis.
625 2638 705 2704 Nam
729 2641 807 2724 quod
826 2642 857 2705 in
872 2638 1020 2706 Parisiuis
1042 2640 1129 2704 codd.
1147 2640 1224 2704 scri·

102 2754 152 2828 pta
167 2764 236 2808 esse
250 2743 446 2807 Acbaintrius
461 2744 579 2820 retulit,
606 2744 635 2807 id
651 2745 687 2807 de
702 2741 775 2807 Par.
793 2764 840 2827 pr.
858 2744 972 2807 diserto
987 2761 1072 2805 meae
1087 2742 1225 2805 collatioss

103 2847 151 2910 nis
166 2845 336 2910 testimonio
351 2847 554 2932 redarguitur.
586 2842 717 2930 integris
731 2857 831 2909 autem
847 2846 932 2909 codd.
951 2841 1098 2919 Orosius,
1122 2843 1147 2905 si
1164 2862 1225 2905 uon

103 2948 221 3012 accedit
234 2949 387 3030 (omiuere
401 2949 479 3011 enim
495 2949 560 3032 ipse
575 2968 610 3011 ea
620 2946 713 3010 uerbo
729 2948 851 3030 potuit),
869 2959 952 3011 certe
968 2963 1029 3009 uon
1041 2945 1224 3026 refragatur,

103 3050 180 3132 apud
195 3069 281 3132 quem
297 3047 353 3127 Vl,
369 3046 392 3113 7
406 3050 480 3114 bace
495 3051 654 3134 leguntur:
688 3046 833 3122 ‘Neruii,
851 3067 976 3131 quornm
992 3048 1069 3108 adeo
1082 3045 1226 3108 indomita

106 3152 208 3216 terius
223 3152 471 3237 praedicabatur,
496 3162 528 3214 ut
549 3169 705 3231 numquam
728 3150 760 3212 in
781 3149 811 3213 id
832 3149 974 3232 temporis
988 3157 1173 3211 mercatores
1187 3148 1226 3212 ad

106 3275 139 3317 se
153 3254 329 3318 admiserint
343 3254 412 3318 uiua
437 3264 597 3335 ceteraque
613 3250 731 3314 uenalis
746 3251 887 3329 deferre,
911 3250 1015 3334 quibus
1037 3249 1157 3313 inducte
1179 3250 1226 3315 iu·

107 3356 242 3421 conditas
256 3366 408 3440 torporem
423 3354 546 3418 uirtutis
561 3354 702 3432 all'erret,
724 3353 893 3417 babuerunt
913 3353 1051 3417 similiter
1070 3351 1097 3415 L
1113 3354 1222 3415 milia’.

106 3456 207 3542 Atque
221 3478 258 3522 ea
272 3458 364 3522 uerba
381 3479 441 3520 non
456 3458 553 3521 solum
569 3455 742 3520 necessaria
757 3476 817 3519 non
832 3466 915 3533 sunt,
936 3474 1014 3539 quae
1036 3475 1085 3519 res
1106 3454 1226 3519 suffice·

106 3571 164 3637 ret,
181 3571 214 3625 nt
227 3560 354 3625 delenda
368 3561 554 3636 uiderentur,
572 3560 625 3623 sed
640 3557 730 3622 ctiam
745 3559 943 3621 incommoda.
986 3552 1063 3620 Cum
1078 3557 1156 3621 enim
1173 3577 1225 3620 ne·

107 3675 208 3746 gato·
223 3674 306 3728 esset
320 3662 409 3726 ullum
425 3663 535 3726 aditum
552 3661 768 3725 mercatoribus
783 3660 819 3723 ad
835 3657 968 3724 Neruios
984 3660 1095 3737 luisse,
1120 3679 1227 3724 neees-

106 3766 189 3831 sario
202 3767 272 3830 iude
288 3765 528 3848 consequebatur
542 3764 616 3827 nibil
631 3782 683 3826 eos
699 3763 820 3826 omuino
841 3762 994 3846 importari
1016 3782 1121 3846 passos
1137 3780 1224 3825 esses

108 3868 155 3932 cui
170 3869 213 3931 rei
229 3869 412 3932 eontrarium
428 3877 493 3943 est,
510 3866 586 3948 quod
603 3866 710 3929 deinde
725 3865 825 3927 uinum
841 3872 954 3927 tentum
970 3865 1161 3948 reliquaeque
1176 3882 1227 3927 res

107 3971 143 4033 ed
158 3972 309 4035 luxurium
325 3969 510 4054 pertinentes
524 3966 625 4030 illatae
641 3976 798 4050 negantur.
834 3961 914 4028 Nam
930 3965 1008 4051 quod
1025 3961 1228 4029 Schneiderus

108 4072 150 4135 ait
164 4069 281 4156 publice
296 4093 337 4135 es
353 4070 475 4133 ciuitate
490 4068 598 4132 missos
613 4087 713 4132 emere
735 4067 886 4151 quaelibet
907 4077 937 4130 et
950 4066 1064 4129 inferre
1079 4067 1226 4151 potuisse,
1315 4108 1317 4113 -

110 4194 208 4261 aeque
231 4175 269 4239 de
289 4171 428 4238 barbaris
451 4179 535 4234 certe
558 4170 701 4233 credibile
722 4180 780 4249 est,
805 4188 904 4256 neque
925 4163 1094 4232 aCaesaro
1108 4176 1229 4252 poterat

110 4275 317 4360 quetermitti.
348 4273 459 4358 Neque
479 4292 555 4338 uero
568 4267 694 4337 Caesari
719 4274 817 4337 omnis
838 4269 902 4335 uini
924 4289 996 4334 usus
1019 4269 1056 4332 ad
1079 4266 1228 4332 luxuriam
