2692 4688
506 173 827 255 -237--

97 355 236 424 omuibus
256 355 442 422 calamitates
464 357 644 442 perferrent.
669 355 844 443 Sequuntur
857 359 949 426 hoec:
975 358 1053 443 ‘Qui
1068 359 1221 445 legionum

96 473 142 528 tot
155 463 285 546 impetus
301 470 525 539 sustentantes,
551 463 705 526 nocturnis
721 462 897 545 diurnisque
911 463 1092 549 temporibus
1108 465 1221 548 gladio·

95 586 160 630 rum
176 564 255 628 ictus
272 564 456 646 telorumque
471 562 582 627 missus
597 574 808 648 expectantes,
825 562 923 630 relicti
939 575 970 629 et
984 566 1095 628 deserti
1106 565 1220 631 uPom·

96 668 176 754 peio,
191 677 244 730 tue
260 666 373 731 uirtute
387 665 518 750 superati
533 667 659 730 sulutem
675 687 692 729 s
708 677 760 730 tua
775 666 934 731 clementie
948 667 1153 750 deposcimus,
1170 689 1221 754 pe·

95 770 202 848 dnus,
227 778 262 833 ut
284 770 402 851 qualem
422 814 516 832 .....
534 767 673 852 gentibus
689 787 736 831 me
751 769 906 853 praestiti,
923 768 1050 833 similem
1064 771 1097 833 in
1112 771 1221 834 ciuium

95 869 246 936 deditione
261 868 443 955 preestabo’.
468 869 649 935 ‘Nocturnis
664 868 837 953 diurnisque
846 865 1037 956 temporibus*
1053 870 1160 956 scripsi
1167 891 1220 957 pro

97 971 272 1058 ‘operibus',
289 993 366 1055 quac
380 983 413 1036 ut
427 973 552 1036 tolerari
568 982 702 1057 possent,
720 972 794 1037 haec
809 972 901 1037 uerba
916 973 1122 1057 superioribus
1135 984 1222 1038 erunt

96 1073 299 1158 ediungenduz
317 1075 457 1158 operibus
473 1075 552 1139 enim
569 1073 725 1158 expectari
740 1074 813 1138 nihil
829 1083 940 1160 potest.
965 1073 1079 1138 Verum
1094 1097 1222 1159 sequen·

95 1179 136 1241 ῆι
149 1176 378 1260 neincptrsint,
396 1176 516 1260 adiungi
526 1176 648 1259 sliquid,
666 1196 723 1259 quo
732 1187 909 1258 augeantur,
928 1196 1054 1241 necesse
1069 1188 1132 1242 est:
1151 1197 1219 1243 num

97 1278 260 1362 gladiorum
277 1277 355 1341 ictus
370 1288 402 1341 et
415 1279 541 1341 telorum
558 1278 667 1341 missus
688 1277 720 1341 in
745 1277 825 1341 bello
847 1278 912 1360 quis
935 1278 1021 1341 miles
1044 1299 1105 1342 uon
1127 1299 1220 1365 expe·

98 1381 176 1445 clati
212 1377 330 1443 Deinde
353 1379 467 1443 ‘relicti
491 1391 523 1442 et
536 1378 648 1443 deserti
664 1400 682 1443 a
696 1375 856 1463 Pompeio'
878 1380 1008 1463 ponendi
1023 1391 1128 1446 erent:
1153 1400 1220 1444 cum

98 1482 173 1547 euim
191 1480 274 1546 ‘uicti
292 1491 323 1544 et
338 1480 460 1545 deserti’
476 1480 627 1556 dicuntur,
651 1489 684 1544 ut
706 1480 820 1560 editur,
838 1501 981 1566 peruerse
997 1482 1137 1568 deinceps
1155 1488 1220 1547 ‘tua

98 1585 206 1648 ammte
221 1583 364 1666 supereti'
379 1583 560 1658 inferuntur,
583 1593 729 1667 tamquam
744 1583 825 1648 inter
838 1583 934 1648 uictos
950 1593 982 1648 et
995 1579 1138 1649 Caesaris
1157 1584 1219 1649 uir·

99 1696 160 1750 tute
174 1694 333 1770 superatos
349 1683 452 1747 nescio
468 1685 546 1766 qnod
567 1685 728 1748 discrimen
750 1686 960 1750 intercederet.
992 1681 1136 1750 Ceterum
1159 1682 1218 1750 nisi

97 1789 241 1853 lubricum
266 1795 348 1852 esset
366 1786 399 1850 in
422 1785 488 1849 loco
509 1806 614 1849 manco
636 1787 746 1870 aliquid
767 1789 803 1851 de
823 1789 918 1851 lorum
940 1789 1085 1852 oruu'onis
1108 1790 1219 1853 consti·

95 1900 202 1970 tuere,
225 1899 430 1974 praeoptarem
449 1889 685 1954 ‘sustentamus'
701 1901 731 1952 ct
747 1885 987 1972 ‘expectemus',
1005 1899 1037 1953 ut
1053 1890 1220 1954 enuntiatio

96 1991 241 2077 primarie
261 2011 280 2054 s
298 1990 399 2055 uerbis
423 1991 540 2054 ‘relicti
563 2002 594 2055 et
607 1991 737 2054 deserti'
759 1990 918 2074 inciperet.
955 1988 1015 2055 Sed
1031 1990 1113 2055 inter
1127 1990 1219 2055 uerba

100 2091 244 2175 ‘qualem'
260 2101 291 2155 et
301 2093 459 2177 ‘gentibus'
468 2092 516 2157 uel
531 2103 599 2177 post
613 2092 670 2156 hoc
684 2091 861 2156 uocabulum
873 2092 960 2156 linem
970 2090 1220 2157 orationisl'ullii

97 2204 129 2259 et
142 2194 263 2258 initium
275 2196 407 2280 responsi
424 2191 567 2260 Caesaris
583 2194 698 2279 perisse
713 2193 904 2257 manifestum
919 2203 976 2256 est.
1002 2192 1046 2256 Vt
1059 2194 1110 2256 illc
1125 2193 1219 2257 uerbo

98 2297 187 2375 edidi,
204 2297 237 2360 in
251 2294 321 2361 Par.
338 2318 400 2361 sec.
416 2298 572 2382 leguntur,
591 2317 699 2379 neque,
718 2296 789 2379 quin
805 2294 912 2377 reliqui
929 2293 1000 2357 boni
1015 2295 1217 2372 consentiunt,

98 2399 222 2476 dubito,
244 2400 301 2463 etsi
323 2399 359 2463 de
381 2400 532 2464 codicibus
556 2398 752 2482 neglegenter
772 2397 901 2462 relatum
916 2405 973 2461 est.
1011 2395 1135 2460 Etenim
1150 2408 1221 2461 unte

98 2497 252 2564 Dauisium
268 2500 343 2566 haec
358 2503 402 2565 sic
416 2502 598 2566 edebantur:
619 2501 827 2584 ‘petimusque
845 2509 890 2576 ut,
908 2497 1022 2581 qualem
1040 2499 1219 2584 tegentibus

97 2603 281 2688 praestitisti,
300 2602 427 2666 similem
443 2603 474 2664 in
490 2603 597 2666 ciuium
614 2603 762 2667 deditione
778 2603 936 2688 praestes',
954 2613 1043 2684 atque
1059 2602 1101 2665 ita
1115 2603 1219 2671 insuis

98 2705 181 2769 codd.
199 2702 430 2787 Oudendorpius
444 2704 504 2788 legi
518 2706 628 2784 relert,
653 2705 701 2769 cni
723 2705 759 2769 de
774 2702 862 2769 Leid.
880 2726 926 2788 pr.
945 2725 1004 2766 non
1029 2704 1138 2779 credo,
1163 2706 1219 2769 etsi

98 2827 151 2890 pro
164 2807 215 2870 illo
233 2806 408 2892 ‘praestes’
424 2827 491 2870 eum
508 2806 692 2892 ‘praestari’
707 2805 851 2871 exhibere
867 2806 927 2883 ait,
955 2804 1033 2887 qnod
1048 2806 1121 2867 mihi
1135 2807 1166 2868 in
1182 2826 1219 2869 eo

98 2909 198 2974 codice
213 2930 268 2994 pro
282 2906 414 2971 Parisini
426 2908 549 2972 secundi
566 2908 760 2992 ‘praestabo’
783 2908 924 2992 scripturn
946 2925 1013 2969 esse
1029 2916 1142 2970 certum
1159 2916 1219 2970 est.

98 3006 157 3075 Sed
169 3011 231 3075 illis
247 3009 348 3074 uerbis
364 3009 507 3075 Dauisius
523 3030 562 3075 ex
585 3011 686 3075 codice
700 3008 845 3074 llrunneo
861 3007 992 3072 Goduini
1008 3008 1081 3071 haec
1097 3007 1220 3088 adiecit,

98 3132 170 3195 quus
184 3115 218 3178 in
232 3110 332 3196 Regio
347 3133 464 3196 qnoque
480 3110 619 3177 Clarlsius
635 3133 669 3177 se
683 3112 837 3177 inuenisse
852 3110 913 3174 ait:
941 3107 995 3172 ‘Et
1010 3109 1145 3193 qualem,
1163 3113 1220 3189 ait,

98 3215 235 3299 gentibus
252 3234 299 3278 me
314 3214 463 3299 praestiti,
480 3215 605 3279 similem
621 3215 652 3278 in
669 3215 777 3278 ciuium
794 3212 943 3276 deditione
955 3211 1136 3296 praestabo'.
1160 3210 1221 3278 Ni-

98 3317 203 3381 mirum
226 3336 323 3398 neque
337 3317 369 3379 in
386 3315 487 3379 codice
502 3314 649 3380 'l'huaneo
672 3335 766 3399 neque
786 3313 937 3398 inRegio
961 3314 1033 3378 haec
1056 3314 1147 3379 uerba
1168 3337 1221 3379 su-

99 3418 265 3502 perioribus
280 3416 367 3491 eddi,
393 3418 445 3481 sed
466 3439 519 3503 pro
534 3418 594 3482 illis
610 3416 698 3503 poni,
717 3418 814 3481 codex
829 3417 974 3501 pessimus
989 3413 1147 3480 Parisinus
1164 3438 1217 3481 nu·

98 3540 177 3585 mero
200 3517 287 3583 5768
308 3540 391 3583 saec.
408 3517 487 3583 XIV
502 3522 706 3599 demonstrat,
731 3521 780 3602 qni
803 3519 874 3602 quin
895 3519 958 3601 ipse
981 3518 1031 3583 ille
1053 3517 1222 3586 Thescelus

99 3619 228 3686 Goduini
244 3622 296 3696 sit,
314 3622 431 3685 dubium
447 3644 507 3685 non
523 3634 580 3685 est.
604 3619 639 3686 ln
656 3644 692 3686 co
707 3622 785 3685 euim
795 3620 917 3683 haecitu
930 3621 1040 3705 scripta
1050 3633 1138 3685 sunt:
1158 3631 1219 3687 ‘sa-

98 3721 186 3787 lutem
207 3744 226 3785 u
245 3733 296 3786 tua
319 3722 476 3787 clementia
497 3724 683 3809 deposcimus
706 3724 902 3808 petimusque.
938 3719 980 3784 Et
1004 3723 1137 3805 qualem
1162 3724 1218 3804 ait,

98 3845 143 3890 me
157 3824 298 3911 mutibus
314 3826 469 3908 praestiti,
494 3827 620 3891 similem
635 3826 667 3889 iu
683 3826 790 3889 ciuium
808 3824 957 3888 deditione
973 3844 1020 3887 me
1036 3824 1216 3907 praestaho⁷.

98 3922 199 4011 ltaque
214 3948 290 4012 quae
305 3927 374 3991 inde
390 3949 408 3990 u
423 3925 547 3993 Dauisio
564 3929 619 3993 hoc
635 3931 701 3992 loco
717 3930 795 3992 editu
810 3938 892 4006 sunt,
913 3927 1021 3991 nullius
1038 3929 1150 3992 codicis
1166 3949 1218 3991 eu·

100 4031 239 4093 ctoritate
255 4028 409 4109 nituntur,
434 4032 487 4095 sed
503 4032 616 4095 duobus
633 4031 760 4095 diuersis
777 4028 950 4094 emendandi
975 4030 1131 4093 conatibus
1147 4050 1218 4092 con·

99 4129 253 4215 glutinatis
269 4131 373 4195 effectu
388 4144 469 4197 sunt.
503 4129 541 4199 In
562 4134 666 4217 quibus
689 4153 726 4198 ne
741 4132 769 4195 id
785 4131 1017 4215 reprehendam,
1044 4131 1118 4214 quod
1143 4140 1218 4192 tam·

101 4252 184 4316 quam
216 4235 314 4298 iniens
344 4244 376 4298 et
404 4234 532 4319 elinguis
555 4231 672 4300 Caesar
701 4245 836 4299 extrema
866 4243 979 4299 tantum
1002 4231 1095 4297 Tullii
1124 4229 1217 4293 uerba
