2692 4688
449 190 590 259 COMM.
606 190 652 259 lll
668 191 762 261 CAP.
779 194 823 261 74
837 234 880 247 -
892 195 947 262 76.
1260 190 1324 263 663

149 366 216 430 tuit.
242 364 298 428 llis
322 387 380 428 uua
396 364 475 447 legio
491 365 581 429 missa
597 364 744 448 praesidio
760 377 816 429 est.
847 364 904 429 llis
919 366 1071 450 explicitis
1085 365 1174 430 rebus
1190 366 1264 430 duas
1278 363 1300 429 2

148 469 179 531 iu
196 469 303 532 castris
320 466 455 548 legiones
471 466 611 544 retinuit,
629 467 760 549 reliquas
776 467 812 530 de
827 479 934 550 quarta
950 469 1050 551 uigilia
1065 468 1264 550 compluribus

146 572 243 657 portis
260 570 381 632 eductas
398 568 499 630 eodem
515 569 624 632 itinere
638 570 793 650 praemisit
808 591 958 654 paruoque
971 572 1067 654 spatio
1079 569 1263 648 intermisso,

147 684 183 736 ut
204 683 236 736 et
256 670 385 735 militare
400 669 568 732 institutum
585 682 779 748 seruaretur,
805 683 835 737 et
850 694 935 755 quam
951 672 1104 736 serissime
1119 673 1183 735 eius
1199 693 1267 756 pro·

109 789 124 840 ⁵
149 775 240 839 lectio
264 783 514 855 cognosceretur,
539 775 721 838 conclamari
735 775 825 838 iussit
838 775 997 858 statimque
1012 795 1152 856 egressus
1168 784 1199 836 et
1213 795 1266 837 uo-

146 876 301 941 uissimum
317 894 425 956 agmen
441 884 622 937 consecutus
638 874 777 941 celeriter
792 898 830 940 es
848 887 1011 961 conspectu
1027 887 1190 940 castrorum
1208 875 1267 941 dis·

148 979 250 1044 cessit.
282 975 394 1059 Neque
418 996 490 1039 uero
504 973 665 1060 Pompeius
689 980 809 1063 cognito
826 980 951 1043 consilio
966 979 1032 1043 eius
1048 999 1159 1041 moram
1178 980 1265 1045 ullam
1281 978 1300 1042 3

148 1082 185 1146 ad
199 1080 413 1164 insequendum
429 1078 531 1142 intulit
541 1103 549 1159 3
561 1081 613 1142 sed
629 1083 651 1163 †
667 1081 768 1145 eadem
784 1091 936 1167 spectans,
946 1082 972 1144 si
988 1082 1097 1144 itinere
1111 1080 1267 1164 impeditos

149 1183 323 1269 perterritos
339 1181 562 1265 deprehendere
578 1193 698 1265 posset,
723 1184 890 1247 exercitum
907 1204 923 1246 e
939 1183 1048 1246 castris
1064 1182 1169 1247 eduxit
1184 1184 1266 1267 equi·

92 1296 125 1351 tn
148 1297 300 1368 tutumque
315 1284 470 1368 praemisit
486 1284 523 1346 ad
538 1285 732 1350 nouissimum
742 1307 849 1371 agmen
863 1285 1074 1349 demorandum
1088 1306 1184 1367 nequo
1194 1308 1265 1350 con·

148 1389 234 1470 sequi
255 1386 369 1471 potuit,
393 1384 471 1470 quod
492 1385 613 1450 multum
636 1389 776 1472 expedito
791 1388 900 1452 itinere
917 1397 1124 1452 antecesserat
1139 1384 1265 1452 Cacsar.

148 1487 210 1554 Sed
226 1510 290 1554 cnm
306 1499 427 1552 uentum
444 1498 527 1551 esset
541 1487 578 1551 ad
593 1489 702 1553 llumen
717 1487 892 1568 Genusum,
910 1491 986 1572 quod
1002 1490 1074 1574 ripis
1092 1499 1158 1552 erat
1173 1489 1265 1573 impe·
1280 1488 1301 1552 4

148 1591 230 1678 ditis,
242 1601 419 1656 consecutus
432 1591 581 1674 equitatus
596 1582 774 1657 nouissimos
791 1593 904 1678 proelio
917 1591 1078 1657 detinebat.
1104 1590 1182 1655 llnio
1194 1613 1264 1656 suos
1280 1592 1300 1656 5

149 1689 1262 1779 Caesarequitesopposuitexpeditosqueuntesiguauosadmiscuitcccc3

92 1805 125 1858 tt
146 1795 196 1878 qni
217 1805 331 1859 tautum
355 1798 561 1879 proiecerunt,
588 1805 621 1860 ut
642 1798 774 1878 equestri
796 1799 909 1881 proelio
939 1797 1098 1861 commisso
1119 1796 1266 1879 pellerent

148 1917 253 1960 omues
267 1896 490 1983 compluresque
499 1899 705 1962 interficerent
714 1900 829 1983 ipsique
837 1901 1002 1965 incolumes
1010 1920 1044 1963 se
1052 1899 1208 1981 adngmeu
1217 1917 1265 1962 re·

150 1997 297 2082 ciperent.
323 1995 467 2063 Confecto
483 2001 562 2064 iusto
577 2001 686 2064 itinere
702 2001 767 2065 eins
783 2002 853 2078 diei,
871 2003 949 2087 quod
965 1986 1171 2085 proposuerat,
1186 1997 1264 2065 Cae·
1276 1997 1321 2069 76

149 2122 202 2165 sar
218 2101 413 2184 traductoque
427 2103 564 2166 exercitu
580 2104 687 2167 [lumen
697 2101 850 2167 Genusum
867 2106 898 2166 in
916 2103 1066 2166 ueteribus
1078 2105 1140 2167 suis
1154 2102 1265 2167 castris

149 2214 252 2268 eontra
262 2202 459 2288 Asparagium
476 2204 611 2270 consedit
624 2204 791 2288 militesque
807 2225 910 2267 omues
926 2205 1005 2267 iutra
1020 2215 1186 2267 castrorum
1201 2225 1265 2266 mu-

90 2317 126 2373 2⁰
148 2307 290 2371 uitionem
314 2307 462 2371 continuit
484 2308 705 2390 equitatumque
728 2327 781 2391 per
803 2328 921 2370 eausam
944 2306 1101 2390 pabulandi
1125 2306 1265 2368 emissum

150 2409 306 2473 confestim
329 2409 494 2474 decumano
509 2420 596 2494 porta
610 2411 642 2472 in
658 2420 755 2474 castra
771 2430 804 2473 se
820 2409 954 2494 recipere
970 2409 1069 2473 iussit.
1102 2405 1201 2474 Simili
1217 2428 1265 2470 ra·
1279 2405 1302 2470 2

147 2511 231 2575 tione
245 2509 405 2596 Pompeius
428 2513 564 2576 conlecto
586 2514 651 2577 eius
667 2512 724 2577 diei
740 2513 848 2577 itinere
865 2513 896 2576 in
911 2512 973 2577 suis
990 2511 1141 2577 ueteribus
1155 2511 1265 2575 eastris

147 2614 184 2678 ad
199 2613 400 2699 Asparagium
416 2616 563 2679 consedit.
586 2613 663 2680 llius
678 2616 799 2694 milites,
810 2615 888 2698 quod
903 2616 939 2679 ab
955 2636 1045 2700 opere
1061 2615 1190 2700 integris
1200 2637 1265 2678 mu·

149 2716 310 2781 ultionibus
335 2716 494 2796 necabant,
513 2717 564 2781 alii
580 2717 711 2801 lignandi
727 2718 942 2801 pabulandique
958 2737 1048 2779 causa
1063 2717 1182 2799 longius
1198 2736 1266 2799 pro·

89 2830 125 2887 26
147 2819 377 2904 grediebantur‚
409 2820 479 2898 ulii,
511 2820 586 2903 quod
609 2819 709 2884 subito
730 2820 886 2883 eonsilium
911 2818 1103 2904 profectionis
1125 2827 1266 2898 ceperant

148 2942 255 3006 magua
271 2931 355 3006 parte
369 2922 644 3005 impedimentorum
661 2933 692 2987 et
706 2923 892 2986 sarcinarum
907 2923 1024 2996 relicta,
1040 2920 1075 2981 ad
1092 2917 1164 2979 baec
1182 2937 1267 2999 repe·

151 3023 238 3086 nuda
253 3024 372 3087 inuitati
389 3025 606 3108 propinquitate
622 3025 809 3108 superiorum
823 3032 988 3086 castrorum
999 3018 1182 3105 depositisin
1193 3039 1267 3080 con·

149 3123 287 3189 tubernio
308 3126 399 3190 armis
423 3128 531 3190 uallum
553 3127 772 3209 relinquebant.
804 3124 920 3208 Quibus
936 3125 971 3187 ad
988 3122 1168 3205 sequendum
1184 3120 1302 3204 impe-3

149 3225 219 3289 ditis
235 3221 368 3307 Caesar,
393 3231 469 3312 quod
487 3231 551 3292 fore
568 3228 757 3312 prouiderat,
776 3228 937 3292 meridiano
954 3229 1017 3290 fere
1034 3236 1165 3308 tempore
1179 3225 1266 3309 signo

89 3339 125 3392 36
148 3329 341 3413 protectionis
365 3333 434 3395 dato
458 3331 623 3395 exercitum
646 3331 745 3395 educit
767 3330 971 3415 duplicatoque
994 3329 1060 3393 eius
1084 3327 1143 3391 diei
1158 3327 1266 3389 itinere

147 3437 208 3492 vltl
223 3431 303 3494 milia
318 3455 455 3518 passuum
474 3456 513 3498 ex
530 3455 565 3498 eo
580 3436 646 3498 loco
663 3435 814 3517 procedit,
827 3433 905 3516 quod
920 3435 1019 3496 iacere
1030 3430 1190 3513 Pompeius
1206 3429 1266 3491 dis-

256 3643 272 3693 1
284 3642 417 3693 serissime
428 3642 560 3707 Scaliger,
575 3642 725 3693 suetisslmc
738 3657 754 3692 a
765 3641 836 3692 bod.
988 3641 1003 3691 6
1016 3647 1122 3691 secutus
1136 3641 1160 3690 b.

146 3717 191 3784 8†
204 3717 307 3784 cadem]
321 3719 351 3770 P.
369 3719 426 3771 18³.
534 3727 689 3787 exspectans
704 3719 728 3769 b.
833 3717 854 3767 si
868 3718 893 3767 iu
907 3717 1000 3767 itinere
1014 3717 1037 3766 b.
1140 3717 1155 3766 e
1169 3721 1268 3782 perter-

147 3796 214 3846 ritos
227 3796 297 3859 abc,
312 3805 339 3847 et
352 3798 507 3864 perterritos
521 3814 545 3847 u.
686 3812 718 3847 ex
732 3797 756 3847 b.
894 3795 923 3846 11
940 3794 1118 3860 expedimento
1131 3809 1158 3844 u.

148 3872 180 3925 13
194 3873 336 3925 uouimimo
350 3875 374 3924 b.
483 3876 513 3927 lb
527 3875 626 3942 ipsique
640 3890 656 3924 a
672 3874 746 3923 ‘msc
760 3872 836 3935 mct',
851 3872 901 3937 ipsi
915 3871 974 3922 cod.
989 3868 1052 3920 Vrs.
1067 3885 1092 3920 u.
1201 3871 1231 3923 ts
1241 3872 1266 3922 in

146 3967 214 4015 08⁰5
228 3968 281 4002 om.
294 3969 311 4003 c
322 3954 367 4016 bc,
380 3959 441 4016 post
455 3954 509 4004 suis
519 3957 601 4018 ponit
613 3968 639 4002 u.
783 3950 813 4002 19
827 3959 969 4001 castrorum
984 3950 1149 4002 ruuuitioucm
1165 3953 1179 4002 b
1191 3958 1218 4002 ct
1229 3969 1264 4003 aa.

142 4043 189 4093 pr.
204 4044 227 4092 c,
243 4037 388 4081 castrorum
401 4046 417 4080 a
426 4049 434 4094 ‚¹
450 4029 545 4079 uallum
559 4036 703 4079 castrorum
718 4029 811 4077 ceteri.
930 4029 964 4079 22
977 4029 1033 4078 eius
1047 4027 1128 4080 dicia
1144 4032 1217 4081 ‘mom
1232 4031 1266 4092 l',

147 4107 265 4159 ciusdem
278 4110 330 4160 diei
343 4126 369 4160 u.
490 4109 523 4160 23
537 4109 591 4158 eius
606 4107 701 4158 milites
714 4122 731 4156 α
741 4106 786 4167 bc,
801 4106 907 4172 eiusque
920 4107 1018 4158 milites
1031 4123 1058 4158 u.
1191 4111 1223 4159 21
1240 4109 1266 4157 Ιί-

147 4184 225 4245 gandi
238 4200 265 4234 a.
372 4185 405 4240 25
419 4184 516 4247 aliquid
529 4184 613 4233 subito
628 4185 652 4234 b.
758 4183 791 4237 26
805 4197 897 4248 magna
911 4183 936 4234 in
950 4191 1023 4251 purte
1036 4201 1063 4236 a.
1182 4186 1215 4239 28
1230 4184 1267 4232 iu-

146 4264 241 4327 peditis
255 4279 281 4313 a.
388 4263 418 4315 31
434 4262 505 4313 milio
519 4265 533 4313 1
547 4261 626 4326 dett,
640 4262 695 4313 mil.
709 4277 726 4311 α
741 4259 828 4312 ‘ottik
932 4279 1035 4331 passum
1048 4279 1074 4313 a.
