2684 4694
479 188 801 257 ...ηρ-

53 418 64 443 ,
86 356 257 427 leeiendum
273 371 467 441 oureuernut,
484 381 523 426 ne
537 372 695 446 praetores
710 372 801 447 utque
814 364 953 430 ooneulen
968 364 1027 430 nini
1041 374 1110 452 poet
1124 363 1210 450 qnin-

86 485 147 548 que
162 483 257 527 ennon
272 463 456 547 prouinciam
472 464 734 530 administrarent:
751 465 840 549 idque
856 477 979 532 senatos
988 470 1211 535 camaloduno

85 567 193 651 quenti
215 586 295 629 enno
316 586 371 650 per
393 561 453 630 Cu.
469 564 644 652 Pompeium
667 567 788 631 tertium
804 569 957 632 ooosolem
972 571 1039 656 lege
1053 573 1210 637 oonlirmo-

86 679 151 732 tum
174 677 233 732 eet.
277 666 465 731 Referuntor
486 668 560 732 haee
582 690 599 733 ε
623 665 732 733 Caesio
753 667 853 735 llione
867 667 951 748 XL,
972 670 1015 736 to
1041 671 1212 760 δόγματα

87 761 293 854 ἐποιήσαντο
309 767 487 850 (Domitium
504 771 576 835 dioit
596 781 629 834 et
642 768 832 854 Messallam)
853 773 984 859 μηδένα
1005 769 1094 861 μήτε
1110 800 1212 863 στρα-

85 868 285 960 τηρήσαντα
299 865 388 959 μήθ’
407 866 648 941 ὑπατεύσαντα
668 872 730 948 eoie
752 877 809 950 ἐξα
833 870 1040 963 ἡγεμονίας,
1061 879 1146 963 πρὶν
1167 875 1213 946 ἄν

86 976 190 1044 πέντε
205 979 264 1060 ἔνη
277 973 413 1065 διέλθῃ,
428 971 634 1061 λαμβάνειν,
652 985 682 1039 et
697 975 732 1039 de
740 973 881 1060 Pompeio
898 999 925 1041 e.
937 975 978 1041 56
991 972 1032 1046 σε’
1047 1004 1085 1048 σε
1099 972 1213 1068 δόγμα

86 1077 127 1146 etl
141 1075 265 1165 μικρὸν
286 1082 488 1164 ἔμπροσθεν
501 1074 712 1166 γενόμενον,
736 1073 822 1146 σῖσσε
841 1077 921 1154 σούς
935 1077 1102 1166 εἴρξαντας
1116 1084 1155 1150 ἐν
1170 1084 1213 1174 τῇ

86 1177 187 1248 πόλει
207 1177 260 1266 μή
280 1174 445 1269 πρόσερον
469 1183 503 1253 ἐς
523 1177 585 1254 edo
607 1184 665 1258 ἔξω
689 1173 892 1267 ἡγεμονίας,
917 1184 999 1269 πρὶν
1028 1183 1131 1253 πέντε
1153 1190 1212 1271 ἔτη

87 1284 285 1369 παρελθεῖν,
301 1282 507 1368 κληροῦσθαι
522 1277 743 1368 ἐπεκύρωσεν.
780 1280 853 1346 Νοιι
868 1283 1003 1349 definiuit
1017 1283 1096 1364 llio,
1118 1309 1139 1350 ε
1154 1308 1211 1369 quo

87 1385 174 1451 initio
189 1386 319 1469 quinque
333 1385 378 1449 illi
390 1385 461 1449 anui
476 1382 625 1450 numerati
640 1385 719 1463 sint,
738 1384 811 1458 sed,
838 1404 903 1447 eum
920 1396 1009 1451 autea
1024 1389 1164 1452 eonsules
1180 1400 1211 1452 et

87 1500 244 1575 praetores
258 1488 427 1572 prouincias
443 1487 502 1553 iem
517 1487 673 1571 superiore
692 1508 772 1551 enno
787 1487 925 1552 decretos
941 1489 1041 1554 stetim
1057 1489 1131 1553 inito
1148 1512 1210 1554 me·

87 1591 217 1676 gietrutu
230 1591 433 1666 sortirentur,
458 1610 519 1654 uon
534 1589 726 1654 dubitandum
742 1590 878 1668 uidetur,
902 1591 973 1674 quin
990 1592 1026 1655 ab
1045 1592 1130 1656 initio
1147 1614 1210 1656 mu-

87 1694 243 1778 gisonem,
260 1713 321 1756 uon
336 1692 373 1757 ult
388 1692 474 1756 exitu
490 1692 723 1776 quinquennium
738 1703 925 1757 numeratum
941 1695 993 1758 uit.
1019 1691 1079 1759 Sed
1095 1695 1151 1759 huo
1166 1696 1210 1760 le·

86 1817 127 1881 ge
140 1794 344 1872 ellieieleton,
369 1804 402 1858 ut
425 1804 507 1858 oerte
530 1816 592 1858 nou
606 1806 677 1859 ente
692 1795 946 1878 quinquennium,
969 1806 1123 1880 postquem
1148 1797 1210 1862 lete

84 1909 166 1975 eret,
184 1906 298 1974 essent,
319 1897 370 1978 qui
384 1916 426 1959 ex
440 1917 477 1959 eu
490 1895 523 1958 in
537 1896 707 1980 prouincias
722 1898 926 1961 mitterentur.
963 1893 1070 1982 Itaque
1086 1920 1123 1962 eo
1138 1919 1210 1963 oon·

85 1999 260 2083 fugiendo·
277 2007 359 2075 erut,
383 2007 432 2074 ut,
455 1997 503 2078 qui
523 1998 728 2080 superioribus
750 1998 837 2061 ennio
859 2000 998 2064 eonsules
1015 2013 1209 2084 praetoresue

85 2101 220 2166 luissent
234 2118 329 2182 neque
345 2098 376 2161 in
391 2097 561 2181 prouiueios
577 2099 703 2180 proleeti
718 2109 835 2177 essent,
851 2119 915 2178 ees,
931 2101 964 2163 in
975 2101 1079 2183 quibus
1090 2104 1210 2167 sueeedi

88 2204 241 2289 placeret,
265 2200 461 2265 sortirentur.
502 2195 590 2282 Quae
610 2221 660 2266 reu
675 2199 915 2285 quemadmodum
931 2200 1068 2266 institute
1085 2205 1143 2282 eit,
1169 2225 1209 2269 ex

88 2313 210 2371 tenatos
227 2302 365 2366 consulto
380 2302 508 2388 perepiei
523 2313 641 2387 potent,
666 2305 743 2387 quod
765 2322 845 2367 euno
859 2300 897 2366 51
917 2303 953 2367 de
968 2305 1126 2388 praetoriis
1142 2327 1211 2391 pro-

87 2407 197 2472 uinoiie
212 2406 321 2469 laetum
336 2415 396 2484 est,
414 2406 492 2488 quod
507 2417 631 2469 senatun
647 2406 814 2471 consultum
831 2400 965 2470 nCaelio
978 2406 1015 2469 ud
1031 2401 1210 2472 Ciceronem

85 2508 283 2594 perscriptum
300 2506 411 2590 legitor
426 2528 474 2592 ep.
491 2508 528 2572 od
542 2506 629 2572 Fam.
640 2505 728 2589 Vlll,
745 2506 778 2587 8,
795 2506 833 2574 82
853 2505 1001 2593 ‘ltemque
1015 2511 1132 2574 senatui
1147 2511 1210 2596 plu-

85 2631 158 2675 σερε
168 2610 200 2673 in
209 2606 346 2673 Cilicium
358 2609 553 2692 prouinciam,
569 2611 602 2674 in
615 2622 683 2675 ooto
693 2609 826 2693 reliques
836 2610 1017 2696 prouinciae,
1035 2634 1109 2696 quae
1123 2634 1209 2697 pree·

88 2712 158 2778 torii
172 2732 226 2796 pro
242 2721 381 2795 praetore
397 2710 587 2789 obtinerent,
604 2733 676 2792 eos,
693 2714 744 2802 qui
758 2724 914 2798 praetores
930 2715 1052 2778 luerunt
1067 2737 1162 2799 neque
1176 2716 1209 2780 iu

85 2815 271 2900 prouinciam
286 2834 354 2877 oum
368 2813 492 2899 imperio
508 2817 647 2890 luerunt,
663 2835 739 2898 quos
755 2834 858 2880 eorum
874 2834 915 2879 ex
930 2825 1055 2879 senutoe
1071 2818 1210 2880 consulto

86 2938 154 2982 enm
168 2916 295 3001 imperio
310 2916 342 2979 in
355 2917 527 3002 prouincias
542 2940 597 3003 pro
608 2927 748 3004 praetore
762 2916 839 2979 mitti
854 2925 1021 2999 oporteret,
1037 2933 1090 2979 eos
1102 2916 1209 2993 sortito

85 3018 119 3084 iu
133 3017 303 3105 prouincias
316 3018 394 3082 mitti
405 3020 544 3104 placeres
562 3021 589 3084 oi
604 3040 644 3084 ex
657 3040 693 3083 eo
705 3039 842 3097 numero,
859 3036 935 3100 quos
947 3036 989 3080 ex
998 3027 1122 3080 uenatus
1137 3037 1210 3080 oon-

85 3121 167 3186 eulto
181 3121 213 3185 in
229 3119 398 3204 prouinciae
421 3108 467 3185 ire
482 3130 647 3203 oporteret,
663 3119 871 3182 adnumerum
888 3139 949 3181 nou
963 3126 1083 3195 essent,
1111 3117 1210 3200 quiin

87 3244 141 3289 eun
155 3222 326 3308 prouincias
339 3222 611 3308 proficiscerentur,
623 3231 697 3297 tum,
712 3219 755 3284 uti
767 3221 903 3303 quodque
915 3219 1071 3307 eolleginm
1083 3219 1210 3304 primum

88 3336 260 3412 praetorum
275 3325 384 3391 luisset
398 3343 493 3408 neque
508 3326 539 3389 in
555 3322 725 3408 prouincias
740 3323 866 3407 proleeti
880 3333 1001 3401 essent,
1022 3324 1065 3387 ite
1080 3335 1164 3388 eorte
1177 3324 1210 3387 in

86 3429 270 3516 prouinoiom
287 3428 566 3511 pmdoieoerentnrz
587 3425 615 3491 ei
636 3425 659 3491 ii
680 3425 718 3490 ud
740 3444 895 3489 numerum
919 3445 981 3489 nou
1001 3435 1122 3504 esseut,
1148 3437 1210 3491 tum

87 3532 229 3614 deinceps
244 3529 372 3614 proximi
387 3531 528 3614 ouiusque
543 3527 674 3615 collegii,
690 3527 741 3611 qui
757 3537 912 3612 praetores
928 3527 1164 3612 ioieoeotoeque
1179 3528 1210 3592 iu

88 3634 260 3720 prouincias
276 3631 402 3716 proiecti
417 3642 535 3712 essent,
559 3632 591 3696 in
613 3641 724 3696 sortem
747 3629 975 3709 conicerentur,
1000 3632 1096 3713 quoad
1110 3631 1139 3694 ie
1155 3652 1211 3695 uo·

87 3756 190 3800 merus
206 3736 331 3800 effeetus
347 3743 447 3812 esset,
471 3755 557 3817 quem
573 3734 610 3798 ed
625 3754 782 3798 nnmerum
796 3732 828 3795 in
844 3731 1016 3817 prouinciae
1031 3733 1107 3795 mitti
1123 3753 1211 3817 opor·

88 3838 191 3904 teret’.
217 3833 348 3902 Senatus
364 3837 545 3915 consultum,
563 3856 604 3899 ex
619 3855 677 3918 quo
692 3833 835 3919 praetorii
852 3854 906 3918 pro
920 3842 1060 3919 praetore
1075 3835 1210 3899 mittendi

87 3940 240 4020 dieuntnr,
257 3949 394 4023 apertum
410 3947 457 4002 est
471 3937 542 4002 illud
555 3935 712 4020 intellegi,
735 3935 812 4020 quod
828 3933 960 4000 Domitio
977 3932 1124 4015 Caluino,
1149 3935 1211 4002 Ve-

86 4043 166 4110 lerio
180 4040 328 4106 Messalla
341 4039 512 4104 consulibus
528 4041 638 4104 laetum
654 4048 731 4104 eret.
778 4036 883 4122 ltaque
898 4060 976 4103 unuo
992 4034 1034 4101 50
1049 4039 1173 4122 primum
1188 4039 1211 4102 ii

88 4145 199 4210 sortito
220 4144 252 4209 in
275 4143 445 4228 prouinciae
466 4140 615 4226 profioisoi
638 4140 797 4216 iubentur,
819 4141 868 4225 qui
892 4161 971 4204 anno
994 4139 1035 4206 55
1058 4152 1211 4225 preetoree

89 4247 221 4312 luissent
236 4267 333 4330 nequue
348 4246 379 4309 in
396 4244 566 4331 prouincias
577 4243 703 4329 proleoti
717 4253 832 4320 essent,
850 4243 875 4306 si
889 4241 911 4307 ii
927 4243 963 4307 ed
979 4264 1135 4309 nnmerum
1149 4260 1210 4303 non

117 4347 212 4404 Crem,
226 4346 263 4392 ed.
279 4346 385 4405 Nipperd.
980 4346 1002 4408 9
