2692 4688
71 210 137 281 ern
466 208 522 277 uu
545 208 690 278 runnu
713 186 903 275 ennuucb

93 382 113 448 5
128 403 254 468 ecrpcre
269 402 411 466 pugnare.
439 381 575 448 Tandem
590 381 765 447 uulneribus
780 381 891 446 defessi
905 391 936 445 et
952 381 1056 466 pedem
1071 382 1188 446 reterre
1203 391 1246 458 et,

127 484 205 570 quud
226 505 312 548 mons
335 485 459 548 suberat
479 485 601 549 circiter
615 485 693 549 mille
708 504 867 569 passuum,
890 504 927 548 co
941 503 975 547 se
989 484 1124 567 recipere
1139 503 1248 568 ccepe·

92 586 114 651 6
128 597 209 653 runt.
249 582 344 670 Cuptu
367 597 467 651 munte
482 596 513 650 et
527 587 757 652 suceedentibus
773 587 884 649 nostris
900 582 968 649 Reii
986 596 1017 649 ct
1033 584 1172 670 Tulingi,
1199 586 1248 669 qui

128 690 278 755 beminunr
293 688 413 753 milibus
434 690 557 753 circiter
571 699 621 753 xv
642 711 749 776 agmen
765 689 893 753 bostium
909 687 1086 752 claudebant
1100 698 1131 751 et
1143 688 1247 752 nunis·

128 792 212 857 simis
227 791 378 876 praesidio
394 805 493 871 erent,
510 814 550 856 ex
566 792 675 857 itinere
687 803 807 856 nestros
816 793 1023 875 letereepertn
1031 790 1169 874 adgressi
1184 790 1245 855 cir·
1267 804 1284 853 t

127 895 317 972 eumueuirc‚
342 900 374 956 et
388 894 416 957 id
434 892 599 979 conspicati
614 890 760 972 Heluetii,
778 895 875 977 quiin
890 904 1022 958 mentem
1038 912 1108 958 sese
1122 912 1248 977 recepe·

91 995 208 1076 7rent‚
224 1016 331 1060 rursus
346 996 460 1060 iusture
474 1007 505 1060 et
521 998 665 1081 proelium
680 997 888 1082 redintegrare
903 1010 1078 1081 coeperunt.
1116 993 1249 1060 Romani

126 1120 276 1164 ecnuerse
290 1100 377 1182 signu
392 1099 534 1182 bipartito
548 1100 731 1165 intulerunt:
749 1101 843 1184 prime
858 1110 889 1165 et
902 1101 1034 1163 secunde
1049 1099 1142 1176 ecies,
1159 1110 1192 1161 ut
1200 1099 1248 1162 ui·

69 1201 114 1272 2b
128 1203 186 1267 ctis
208 1224 244 1266 ec
264 1203 420 1266 summotis
437 1201 613 1281 resisteret,
640 1202 748 1281 tertia,
772 1213 807 1265 ut
822 1202 979 1267 uenientes
995 1202 1167 1265 sustineret.
1198 1197 1248 1264 ltu

127 1294 250 1389 ancipiti
265 1304 379 1389 proelio
395 1304 445 1367 diu
460 1314 549 1386 etque
564 1305 676 1369 acriter
687 1315 849 1389 pugnatum
865 1314 923 1368 est.
951 1301 1072 1367 Diutius
1093 1324 1158 1366 cunr
1180 1322 1250 1366 sus·
1274 1311 1308 1365 tc

127 1408 226 1471 tinere
242 1416 412 1471 nostrorum
427 1407 554 1490 impetus
570 1428 630 1470 uon
646 1417 787 1491 possent,
803 1407 951 1483 nitense,
969 1414 1002 1468 ut
1017 1414 1199 1489 coeperunt,
1214 1402 1248 1468 in

130 1519 260 1571 montem
276 1516 474 1591 receperunt,
500 1508 587 1570 alteri
602 1509 639 1571 ud
655 1510 854 1593 inpedimenta
870 1518 901 1571 et
915 1529 1018 1571 cerrus
1041 1526 1113 1571 suus
1126 1527 1162 1572 se
1175 1524 1251 1571 cnu-

93 1609 116 1675 2
130 1610 275 1673 tulerunt.
298 1608 381 1673 Nem
397 1609 452 1671 boc
468 1619 530 1672 tcto
546 1611 672 1693 proelio,
689 1633 754 1675 cunr
771 1611 1026 1694 ubhuraseptima
1037 1610 1074 1672 cd
1089 1628 1251 1693 uesperum

98 1711 119 1776 ³
134 1722 295 1799 pugnatum
317 1712 375 1789 sit,
403 1732 541 1775 euersum
565 1713 678 1776 bostem
695 1714 798 1779 uidere
815 1735 902 1777 nemu
918 1713 1024 1797 potuit.
1062 1711 1112 1775 At
1125 1710 1251 1775 multem

130 1826 249 1880 nectem
264 1815 354 1879 etiem
370 1815 406 1877 ad
423 1815 623 1897 inpedimenta
639 1827 798 1899 pugnaturn
822 1826 888 1894 est,
912 1826 1072 1900 prepterea
1092 1814 1172 1896 quud
1194 1832 1250 1897 pcc
1274 1822 1309 1877 te

129 1917 210 1981 nullo
231 1938 335 1981 cerrus
357 1916 530 1981 obiecerunt
551 1928 583 1981 ct
604 1939 621 1981 e
641 1919 707 1981 icco
729 1918 884 2003 superiore
907 1919 939 1981 in
955 1928 1077 1981 nostres
1091 1915 1251 1980 uenientes

50 2082 53 2087 .
130 2019 190 2083 tela
205 2018 403 2096 coniciebant,
422 2031 452 2083 et
466 2021 600 2085 nonnulli
616 2021 695 2084 inter
709 2041 812 2085 eunus
827 2031 969 2104 rotasque
990 2030 1122 2084 meteres
1137 2038 1174 2081 ec
1188 2027 1252 2083 tre·

95 2121 217 2206 bguies
232 2122 417 2186 subiciebant
431 2133 610 2206 nostrosque
625 2123 832 2188 uulnerebent.
876 2122 937 2187 Diu
953 2145 1019 2187 curn
1035 2130 1117 2187 esset
1130 2138 1246 2205 pugnu-

130 2236 215 2305 tuun,
238 2225 449 2311 inpedimentis
471 2227 638 2309 uestrisque
660 2226 759 2289 nostri
781 2226 865 2309 petiti
881 2236 963 2289 sunt.
996 2222 1041 2289 lbi
1057 2223 1252 2312 Orgetorigis

97 2325 192 2395 entia
222 2340 311 2411 utque
340 2349 417 2391 unus
445 2349 463 2393 e
492 2328 560 2391 filiis
589 2338 692 2412 ceptus
721 2338 780 2391 est.
832 2325 886 2390 En
920 2348 956 2391 eo
986 2327 1100 2412 proebe
1128 2327 1257 2393 circiter
1275 2338 1314 2393 w

131 2430 282 2494 bominum
316 2431 398 2492 nriiie
426 2440 525 2493 cxxx
551 2430 766 2512 superfuerunt
799 2449 894 2512 enque
931 2440 992 2493 totu
1028 2440 1118 2495 nnete
1151 2430 1249 2495 centi-

130 2542 239 2594 ncnter
272 2531 389 2594 ierunt:
433 2531 541 2594 nullum
577 2542 691 2615 partem
727 2530 824 2594 nectis
860 2531 969 2596 itinere
1008 2534 1182 2599 intermisce
1215 2533 1250 2597 in

135 2632 210 2696 bnes
230 2629 402 2717 Lingonum
424 2633 472 2696 die
502 2643 607 2715 quarto
629 2643 850 2717 peruenerunt,
882 2655 949 2698 cum
977 2646 1008 2698 et
1030 2644 1153 2720 prepter
1179 2634 1251 2699 uut-

129 2752 205 2802 ueru
226 2734 351 2799 militurn
374 2745 405 2799 ct
432 2746 553 2819 propter
581 2737 765 2819 sepulturam
795 2735 962 2799 occisorum
993 2738 1090 2801 nostri
1119 2734 1252 2801 triduum

97 2835 242 2903 timcruti
257 2856 310 2901 ecs
325 2837 412 2924 sequi
428 2858 487 2901 non
503 2839 681 2921 potuissent.
706 2834 823 2902 Cacsar
837 2836 1037 2924 cdbingones
1049 2840 1252 2905 tittercsnun·
1271 2848 1309 2905 ce

129 2941 248 3026 ticequc
262 2940 355 3020 misit,
373 2960 412 3004 nc
427 2961 482 3017 ecs
495 2943 643 3006 frumento
660 2962 737 3007 neue
753 2941 811 3006 atie
826 2960 859 3004 re
874 2941 1030 3007 iunurent:
1048 2942 1098 3026 qni
1112 2942 1141 3007 ei
1153 2942 1248 3007 inuis·

239 3184 339 3239 2ruille
352 3186 377 3236 A
385 3184 431 3250 (Β)
439 3185 495 3250 Es,
509 3200 538 3234 ιι.
551 3200 580 3235 u.
684 3184 699 3237 b
713 3185 931 3237 succendentibus
944 3189 1008 3235 unte
1020 3200 1090 3237 cerr.
1104 3186 1138 3236 B.

131 3261 308 3316 bermuti.
423 3268 528 3327 spectes
542 3261 568 3311 b.
682 3261 802 3326 adgressi
814 3261 929 3326 ΑΒΜ.
1051 3264 1249 3313 eirccnueuere

131 3340 208 3392 cedd.
222 3352 323 3390 umnec
404 3339 421 3389 8
433 3338 555 3404 bipertito
566 3340 591 3391 Ε
597 3357 604 3403 ;
618 3340 751 3407 tripertito
768 3343 804 3401 C,
819 3341 950 3408 tripertito
963 3346 1100 3391 correctus
1113 3344 1143 3391 in
1152 3344 1248 3407 primur

130 3418 231 3488 sptbs,
244 3419 293 3481 qui
304 3419 332 3465 ic
345 3419 561 3481 antepenultima
574 3420 673 3484 ubique
685 3435 731 3485 per
744 3420 833 3470 babet.
934 3418 949 3471 9
963 3419 1106 3483 summotis,
1119 3434 1174 3469 nce
1187 3416 1249 3469 sub·

128 3495 216 3558 netis,
226 3494 251 3544 A
256 3494 281 3542 B
280 3494 310 3558 s,·
324 3494 466 3545 eenrctisls'.
536 3495 686 3557 sustineret]
697 3496 830 3563 exciperet
842 3510 927 3545 neum
938 3510 992 3545 uuo
1004 3500 1032 3547 et
1044 3497 1130 3547 altere
1143 3496 1213 3547 dett.

131 3573 164 3624 1⁰
177 3570 284 3637 ancipiti
296 3570 392 3621 additu
405 3587 480 3622 neec.
489 3586 525 3621 m.
534 3573 567 3624 B.
650 3574 780 3625 sustinere
794 3581 940 3625 nestrorum
949 3574 1122 3640 inpetueAB
1132 3574 1250 3638 cuna,

129 3655 195 3701 eust.
207 3655 287 3698 nostr.
299 3648 419 3714 impetum
425 3650 462 3714 s,-
476 3657 621 3701 nostrornm
633 3651 744 3717 impetus
757 3653 887 3703 sustinere
899 3666 990 3703 errore
1002 3668 1036 3704 c:
1046 3669 1104 3705 enm
1113 3655 1249 3705 sustinere

130 3738 181 3776 nen
194 3730 300 3789 pessunt
313 3731 426 3787 nostres,
440 3726 518 3775 elteri
533 3726 557 3775 b.
651 3726 683 3777 te
695 3734 828 3794 recerunt,
840 3727 890 3778 ced
901 3742 972 3779 cerr.
984 3742 1029 3792 pr.
1042 3744 1091 3794 m„
1104 3730 1137 3781 B.

129 3800 305 3868 inpedimentu
316 3802 371 3867 As,
386 3803 462 3853 ‘item
475 3804 507 3855 15
519 3808 547 3854 ei
560 3804 600 3867 tu,
615 3804 714 3868 quibus
727 3810 817 3856 iumen
830 3806 896 3859 ineis
908 3806 1071 3858 Fabriciani
1082 3808 1249 3875 exemptam

132 3882 286 3929 testimonio
305 3878 337 3928 de
359 3881 385 3930 A
403 3881 570 3932 contradicit
585 3880 769 3933 Plueseblriuc'
796 3883 923 3934 Scbncid.
1057 3885 1088 3937 tt
1108 3886 1250 3939 cinereum

131 3958 206 4007 ‘mee
222 3955 262 4009 t2'
274 3958 332 4009 DE
339 3974 353 4006 e
365 3966 390 4008 et
398 3963 463 4010 unte
474 3973 545 4009 corr.
558 3959 585 4009 A
590 3978 599 4021 ,-
613 3960 672 4023 ins
680 3963 732 4011 iet.
746 3976 760 4011 u
773 3967 801 4012 et
813 3978 828 4012 u
842 3963 926 4013 litura
940 3968 991 4013 eet.
1102 3963 1134 4015 it
1146 3965 1253 4017 cbiece·

130 4044 192 4086 rent
203 4041 268 4086 unte
284 4052 355 4087 eurr.
369 4039 402 4088 B.
521 4038 551 4088 tt
564 4038 728 4089 coniciebant
740 4044 768 4089 et
781 4039 812 4091 ts
824 4040 989 4091 subiciebant
1000 4042 1025 4090 Β
1037 4045 1121 4107 utque
1131 4046 1174 4094 itu
1186 4059 1252 4095 ece-

129 4119 236 4166 cteuter
247 4118 348 4178 omnia,
362 4130 433 4181 pem
442 4128 460 4164 c
472 4113 597 4164 iaciendo
610 4114 785 4179 descendunt,
801 4132 861 4167 curn
874 4117 947 4167 nibil
957 4120 1104 4170 auncinis.

129 4194 313 4259 mlieet's.
433 4190 467 4247 23
480 4198 571 4256 quertc
584 4192 631 4256 (Β)
641 4193 698 4260 Es,
719 4202 810 4262 queris
824 4197 863 4261 A,
879 4192 913 4247 tv
925 4211 951 4245 u·
1057 4196 1251 4263 mingens,

130 4289 183 4325 nen
196 4273 337 4337 Lingones,
350 4272 397 4339 (B)
406 4270 478 4336 Gis,
491 4268 605 4334 isigonus
618 4271 652 4322 A.
