<?xml version="1.0" encoding="UTF-8"?>
<!DOCTYPE html PUBLIC "-//W3C//DTD XHTML 1.0 Transitional//EN"
    "http://www.w3.org/TR/xhtml1/DTD/xhtml1-transitional.dtd">
<html xmlns="http://www.w3.org/1999/xhtml" xml:lang="en" lang="en">
 <head>
  <title>
</title>
<meta http-equiv="Content-Type" content="text/html;charset=utf-8" />
  <meta name='ocr-system' content='tesseract 3.04.00' />
  <meta name='ocr-capabilities' content='ocr_page ocr_carea ocr_par ocr_line ocrx_word'/>
</head>
<body>
  <div class='ocr_page' id='page_1' title='image "./civliicaesarisc02hirtgoog_0287.png"; bbox 0 0 2692 4688; ppageno 0'>
   <div class='ocr_carea' id='block_1_1' title="bbox 69 216 903 298">
    <p class='ocr_par' dir='ltr' id='par_1_1' title="bbox 69 216 903 298">
     <span class='ocr_line' id='line_1_1' title="bbox 69 216 903 298; baseline -0.011 0"><span class='ocrx_word' id='word_1_1' title='bbox 69 227 135 298; x_wconf 74' lang='lat'>28⁰</span> <span class='ocrx_word' id='word_1_2' title='bbox 463 224 521 292; x_wconf 82' lang='lat' dir='ltr'>llll</span> <span class='ocrx_word' id='word_1_3' title='bbox 544 222 689 293; x_wconf 76' lang='lat' dir='ltr'>BELLO</span> <span class='ocrx_word' id='word_1_4' title='bbox 711 216 903 290; x_wconf 74' lang='lat' dir='ltr'>caduco</span> 
     </span>
    </p>
   </div>
   <div class='ocr_carea' id='block_1_2' title="bbox 90 368 1250 485">
    <p class='ocr_par' dir='ltr' id='par_1_2' title="bbox 90 368 1250 485">
     <span class='ocr_line' id='line_1_2' title="bbox 90 368 1250 485; baseline -0.009 -16"><span class='ocrx_word' id='word_1_5' title='bbox 90 399 113 468; x_wconf 85' lang='lat'><em>8</em></span> <span class='ocrx_word' id='word_1_6' title='bbox 127 368 163 469; x_wconf 72' lang='lat' dir='ltr'>bi</span> <span class='ocrx_word' id='word_1_7' title='bbox 177 419 252 485; x_wconf 88' lang='lat' dir='ltr'>quos</span> <span class='ocrx_word' id='word_1_8' title='bbox 268 399 427 465; x_wconf 87' lang='lat' dir='ltr'>aduersum</span> <span class='ocrx_word' id='word_1_9' title='bbox 441 398 587 483; x_wconf 88' lang='lat' dir='ltr'>proelium</span> <span class='ocrx_word' id='word_1_10' title='bbox 602 409 635 463; x_wconf 88' lang='lat' dir='ltr'>et</span> <span class='ocrx_word' id='word_1_11' title='bbox 647 398 719 482; x_wconf 72' lang='lat' dir='ltr'>luga</span> <span class='ocrx_word' id='word_1_12' title='bbox 734 395 889 463; x_wconf 76' lang='lat' dir='ltr'><strong>Gallorum</strong></span> <span class='ocrx_word' id='word_1_13' title='bbox 904 404 1119 471; x_wconf 89' lang='lat' dir='ltr'>commoneret,</span> <span class='ocrx_word' id='word_1_14' title='bbox 1136 393 1205 471; x_wconf 84' lang='lat' dir='ltr'>bue,</span> <span class='ocrx_word' id='word_1_15' title='bbox 1222 392 1250 458; x_wconf 85' lang='lat' dir='ltr'>si</span> 
     </span>
    </p>
   </div>
   <div class='ocr_carea' id='block_1_3' title="bbox 70 493 1310 2918">
    <p class='ocr_par' dir='ltr' id='par_1_3' title="bbox 126 493 1251 792">
     <span class='ocr_line' id='line_1_3' title="bbox 127 493 1249 589; baseline -0.008 -21"><span class='ocrx_word' id='word_1_16' title='bbox 127 513 319 589; x_wconf 74' lang='lat' dir='ltr'>quaererent,</span> <span class='ocrx_word' id='word_1_17' title='bbox 336 501 468 588; x_wconf 89' lang='lat' dir='ltr'>reperire</span> <span class='ocrx_word' id='word_1_18' title='bbox 482 520 572 585; x_wconf 83' lang='lat' dir='ltr'>posse</span> <span class='ocrx_word' id='word_1_19' title='bbox 587 500 784 565; x_wconf 72' lang='lat' dir='ltr'>diuturnitate</span> <span class='ocrx_word' id='word_1_20' title='bbox 793 500 863 564; x_wconf 90' lang='lat' dir='ltr'>belli</span> <span class='ocrx_word' id='word_1_21' title='bbox 874 496 1042 584; x_wconf 76' lang='lat' dir='ltr'>defetigatis</span> <span class='ocrx_word' id='word_1_22' title='bbox 1050 493 1148 561; x_wconf 82' lang='lat' dir='ltr'>Gallis</span> <span class='ocrx_word' id='word_1_23' title='bbox 1155 494 1249 560; x_wconf 76' lang='lat' dir='ltr'>Ario·</span> 
     </span>
     <span class='ocr_line' id='line_1_4' title="bbox 126 598 1250 686; baseline -0.007 -15"><span class='ocrx_word' id='word_1_24' title='bbox 126 598 250 685; x_wconf 70' lang='lat' dir='ltr'>nutum,</span> <span class='ocrx_word' id='word_1_25' title='bbox 266 626 335 669; x_wconf 88' lang='lat' dir='ltr'>cnm</span> <span class='ocrx_word' id='word_1_26' title='bbox 349 603 460 668; x_wconf 84' lang='lat' dir='ltr'>multoe</span> <span class='ocrx_word' id='word_1_27' title='bbox 475 623 594 667; x_wconf 86' lang='lat' dir='ltr'>meuses</span> <span class='ocrx_word' id='word_1_28' title='bbox 609 603 719 668; x_wconf 83' lang='lat' dir='ltr'>eastris</span> <span class='ocrx_word' id='word_1_29' title='bbox 733 623 769 667; x_wconf 91' lang='lat' dir='ltr'>se</span> <span class='ocrx_word' id='word_1_30' title='bbox 783 622 819 667; x_wconf 90' lang='lat' dir='ltr'>ac</span> <span class='ocrx_word' id='word_1_31' title='bbox 835 600 990 686; x_wconf 89' lang='lat' dir='ltr'>paludibus</span> <span class='ocrx_word' id='word_1_32' title='bbox 997 598 1146 664; x_wconf 83' lang='lat' dir='ltr'>tenuisset</span> <span class='ocrx_word' id='word_1_33' title='bbox 1152 618 1250 683; x_wconf 85' lang='lat' dir='ltr'>neque</span> 
     </span>
     <span class='ocr_line' id='line_1_5' title="bbox 127 701 1251 792; baseline -0.004 -21"><span class='ocrx_word' id='word_1_34' title='bbox 127 708 175 771; x_wconf 89' lang='lat' dir='ltr'>sni</span> <span class='ocrx_word' id='word_1_35' title='bbox 190 717 368 792; x_wconf 86' lang='lat' dir='ltr'>potestatem</span> <span class='ocrx_word' id='word_1_36' title='bbox 384 706 517 779; x_wconf 76' lang='lat' dir='ltr'>fecisset,</span> <span class='ocrx_word' id='word_1_37' title='bbox 539 704 732 789; x_wconf 77' lang='lat' dir='ltr'>desperantes</span> <span class='ocrx_word' id='word_1_38' title='bbox 747 704 806 768; x_wconf 85' lang='lat' dir='ltr'>iarn</span> <span class='ocrx_word' id='word_1_39' title='bbox 821 704 858 768; x_wconf 94' lang='lat' dir='ltr'>de</span> <span class='ocrx_word' id='word_1_40' title='bbox 873 723 971 788; x_wconf 74' lang='lat' dir='ltr'>pugna</span> <span class='ocrx_word' id='word_1_41' title='bbox 985 712 1017 766; x_wconf 85' lang='lat' dir='ltr'>et</span> <span class='ocrx_word' id='word_1_42' title='bbox 1031 701 1183 785; x_wconf 84' lang='lat' dir='ltr'>dispersos</span> <span class='ocrx_word' id='word_1_43' title='bbox 1199 721 1251 766; x_wconf 88' lang='lat' dir='ltr'>au·</span> 
     </span>
    </p>

    <p class='ocr_par' dir='ltr' id='par_1_4' title="bbox 90 798 1287 992">
     <span class='ocr_line' id='line_1_6' title="bbox 90 798 1287 893; baseline -0.005 -19"><span class='ocrx_word' id='word_1_44' title='bbox 90 807 189 874; x_wconf 81' lang='lat' dir='ltr'>9bito</span> <span class='ocrx_word' id='word_1_45' title='bbox 211 810 347 874; x_wconf 89' lang='lat' dir='ltr'>adortum</span> <span class='ocrx_word' id='word_1_46' title='bbox 370 808 467 893; x_wconf 79' lang='lat' dir='ltr'>magis</span> <span class='ocrx_word' id='word_1_47' title='bbox 485 807 604 871; x_wconf 85' lang='lat' dir='ltr'>ratione</span> <span class='ocrx_word' id='word_1_48' title='bbox 625 816 657 870; x_wconf 89' lang='lat' dir='ltr'>et</span> <span class='ocrx_word' id='word_1_49' title='bbox 676 806 803 871; x_wconf 89' lang='lat' dir='ltr'>consilio</span> <span class='ocrx_word' id='word_1_50' title='bbox 817 826 904 890; x_wconf 90' lang='lat' dir='ltr'>quam</span> <span class='ocrx_word' id='word_1_51' title='bbox 919 805 1032 867; x_wconf 89' lang='lat' dir='ltr'>uirtute</span> <span class='ocrx_word' id='word_1_52' title='bbox 1040 803 1162 868; x_wconf 81' lang='lat' dir='ltr'>uicisse.</span> <span class='ocrx_word' id='word_1_53' title='bbox 1186 798 1248 868; x_wconf 83' lang='lat' dir='ltr'>cat</span> <span class='ocrx_word' id='word_1_54' title='bbox 1269 814 1287 868; x_wconf 82' lang='lat' dir='ltr'>t</span> 
     </span>
     <span class='ocr_line' id='line_1_7' title="bbox 126 904 1252 992; baseline -0.004 -17"><span class='ocrx_word' id='word_1_55' title='bbox 126 911 236 976; x_wconf 91' lang='lat' dir='ltr'>rationi</span> <span class='ocrx_word' id='word_1_56' title='bbox 251 921 358 975; x_wconf 88' lang='lat' dir='ltr'>contra</span> <span class='ocrx_word' id='word_1_57' title='bbox 373 909 507 974; x_wconf 89' lang='lat' dir='ltr'>bomines</span> <span class='ocrx_word' id='word_1_58' title='bbox 521 909 667 973; x_wconf 84' lang='lat' dir='ltr'>barbaros</span> <span class='ocrx_word' id='word_1_59' title='bbox 683 917 773 991; x_wconf 87' lang='lat' dir='ltr'>atque</span> <span class='ocrx_word' id='word_1_60' title='bbox 788 907 943 992; x_wconf 84' lang='lat' dir='ltr'>imperitos</span> <span class='ocrx_word' id='word_1_61' title='bbox 958 908 1043 971; x_wconf 87' lang='lat' dir='ltr'>lucus</span> <span class='ocrx_word' id='word_1_62' title='bbox 1057 905 1177 984; x_wconf 85' lang='lat' dir='ltr'>luisset,</span> <span class='ocrx_word' id='word_1_63' title='bbox 1193 904 1252 970; x_wconf 88' lang='lat' dir='ltr'>bac</span> 
     </span>
    </p>

    <p class='ocr_par' dir='ltr' id='par_1_5' title="bbox 73 1003 1252 1301">
     <span class='ocr_line' id='line_1_8' title="bbox 73 1003 1250 1098; baseline -0.006 -20"><span class='ocrx_word' id='word_1_64' title='bbox 73 1011 112 1078; x_wconf 86' lang='lat'>10</span> <span class='ocrx_word' id='word_1_65' title='bbox 126 1034 166 1079; x_wconf 89' lang='lat' dir='ltr'>ue</span> <span class='ocrx_word' id='word_1_66' title='bbox 179 1014 275 1098; x_wconf 88' lang='lat' dir='ltr'>ipsum</span> <span class='ocrx_word' id='word_1_67' title='bbox 291 1013 407 1097; x_wconf 90' lang='lat' dir='ltr'>quidem</span> <span class='ocrx_word' id='word_1_68' title='bbox 423 1031 548 1096; x_wconf 87' lang='lat' dir='ltr'>sperare</span> <span class='ocrx_word' id='word_1_69' title='bbox 563 1021 684 1074; x_wconf 84' lang='lat' dir='ltr'>nostroe</span> <span class='ocrx_word' id='word_1_70' title='bbox 700 1010 856 1074; x_wconf 80' lang='lat' dir='ltr'>exercitus</span> <span class='ocrx_word' id='word_1_71' title='bbox 870 1009 935 1092; x_wconf 86' lang='lat' dir='ltr'>cupi</span> <span class='ocrx_word' id='word_1_72' title='bbox 951 1027 1052 1094; x_wconf 86' lang='lat' dir='ltr'>posse.</span> <span class='ocrx_word' id='word_1_73' title='bbox 1084 1003 1145 1089; x_wconf 76' lang='lat' dir='ltr'>Qui</span> <span class='ocrx_word' id='word_1_74' title='bbox 1160 1028 1250 1073; x_wconf 84' lang='grc' dir='ltr'><strong>ιιιιιιιι</strong></span> 
     </span>
     <span class='ocr_line' id='line_1_9' title="bbox 127 1108 1252 1195; baseline -0.003 -17"><span class='ocrx_word' id='word_1_75' title='bbox 127 1116 264 1180; x_wconf 87' lang='lat' dir='ltr'>timorem</span> <span class='ocrx_word' id='word_1_76' title='bbox 293 1115 325 1179; x_wconf 92' lang='lat' dir='ltr'>in</span> <span class='ocrx_word' id='word_1_77' title='bbox 352 1114 398 1178; x_wconf 86' lang='lat' dir='ltr'>rui</span> <span class='ocrx_word' id='word_1_78' title='bbox 420 1112 632 1177; x_wconf 80' lang='lat' dir='ltr'>frumentariae</span> <span class='ocrx_word' id='word_1_79' title='bbox 653 1111 871 1176; x_wconf 86' lang='lat' dir='ltr'>simulationem</span> <span class='ocrx_word' id='word_1_80' title='bbox 895 1111 1108 1195; x_wconf 81' lang='lat' dir='ltr'>ungrutiaequu</span> <span class='ocrx_word' id='word_1_81' title='bbox 1129 1108 1252 1175; x_wconf 73' lang='lat' dir='ltr'>iai-aeia</span> 
     </span>
     <span class='ocr_line' id='line_1_10' title="bbox 129 1211 1252 1301; baseline -0.004 -20"><span class='ocrx_word' id='word_1_82' title='bbox 129 1218 319 1294; x_wconf 85' lang='lat' dir='ltr'>conterrent,</span> <span class='ocrx_word' id='word_1_83' title='bbox 345 1217 445 1280; x_wconf 86' lang='lat' dir='ltr'>iacere</span> <span class='ocrx_word' id='word_1_84' title='bbox 460 1225 654 1301; x_wconf 82' lang='lat' dir='ltr'>arroganter,</span> <span class='ocrx_word' id='word_1_85' title='bbox 679 1235 747 1278; x_wconf 88' lang='lat' dir='ltr'>cum</span> <span class='ocrx_word' id='word_1_86' title='bbox 762 1224 815 1277; x_wconf 91' lang='lat' dir='ltr'>aut</span> <span class='ocrx_word' id='word_1_87' title='bbox 829 1214 866 1278; x_wconf 91' lang='lat' dir='ltr'>de</span> <span class='ocrx_word' id='word_1_88' title='bbox 881 1213 978 1277; x_wconf 89' lang='lat' dir='ltr'>officio</span> <span class='ocrx_word' id='word_1_89' title='bbox 992 1211 1183 1298; x_wconf 85' lang='lat' dir='ltr'>imperatorie</span> <span class='ocrx_word' id='word_1_90' title='bbox 1198 1212 1252 1277; x_wconf 88' lang='lat' dir='ltr'>du·</span> 
     </span>
    </p>

    <p class='ocr_par' dir='ltr' id='par_1_6' title="bbox 73 1312 1310 1605">
     <span class='ocr_line' id='line_1_11' title="bbox 73 1312 1310 1403; baseline -0.002 -21"><span class='ocrx_word' id='word_1_91' title='bbox 73 1316 111 1382; x_wconf 89' lang='grc'>11</span> <span class='ocrx_word' id='word_1_92' title='bbox 128 1338 253 1403; x_wconf 85' lang='lat' dir='ltr'>sperare</span> <span class='ocrx_word' id='word_1_93' title='bbox 269 1328 321 1382; x_wconf 91' lang='lat' dir='ltr'>aut</span> <span class='ocrx_word' id='word_1_94' title='bbox 335 1318 540 1402; x_wconf 77' lang='lat' dir='ltr'>praescribere</span> <span class='ocrx_word' id='word_1_95' title='bbox 555 1317 741 1397; x_wconf 75' lang='lat' dir='ltr'>uiderentur.</span> <span class='ocrx_word' id='word_1_96' title='bbox 779 1312 864 1379; x_wconf 85' lang='lat' dir='ltr'>llaec</span> <span class='ocrx_word' id='word_1_97' title='bbox 885 1315 941 1379; x_wconf 90' lang='lat' dir='ltr'>sibi</span> <span class='ocrx_word' id='word_1_98' title='bbox 964 1335 1033 1379; x_wconf 88' lang='lat' dir='ltr'>esse</span> <span class='ocrx_word' id='word_1_99' title='bbox 1053 1334 1161 1379; x_wconf 85' lang='lat' dir='ltr'>caraea</span> <span class='ocrx_word' id='word_1_100' title='bbox 1186 1317 1253 1379; x_wconf 79' lang='lat' dir='ltr'>leu-</span> <span class='ocrx_word' id='word_1_101' title='bbox 1275 1324 1310 1379; x_wconf 79' lang='lat' dir='ltr'>tt</span> 
     </span>
     <span class='ocr_line' id='line_1_12' title="bbox 128 1416 1254 1504; baseline 0 -21"><span class='ocrx_word' id='word_1_102' title='bbox 128 1431 261 1485; x_wconf 91' lang='lat' dir='ltr'>mentum</span> <span class='ocrx_word' id='word_1_103' title='bbox 278 1416 448 1502; x_wconf 78' lang='lat' dir='ltr'>Sequanos,</span> <span class='ocrx_word' id='word_1_104' title='bbox 465 1417 599 1496; x_wconf 87' lang='lat' dir='ltr'>Leucus,</span> <span class='ocrx_word' id='word_1_105' title='bbox 608 1417 766 1504; x_wconf 81' lang='lat' dir='ltr'>Lingones</span> <span class='ocrx_word' id='word_1_106' title='bbox 778 1417 1031 1495; x_wconf 83' lang='lat' dir='ltr'>sumministrare,</span> <span class='ocrx_word' id='word_1_107' title='bbox 1047 1417 1167 1499; x_wconf 86' lang='lat' dir='ltr'>iamque</span> <span class='ocrx_word' id='word_1_108' title='bbox 1181 1436 1254 1483; x_wconf 70' lang='lat' dir='ltr'>ase</span> 
     </span>
     <span class='ocr_line' id='line_1_13' title="bbox 126 1518 1250 1605; baseline 0 -20"><span class='ocrx_word' id='word_1_109' title='bbox 126 1522 545 1605; x_wconf 69' lang='lat' dir='ltr'>inagrisirumentamaturae</span> <span class='ocrx_word' id='word_1_110' title='bbox 563 1518 1250 1603; x_wconf 84' lang='lat' dir='ltr'>deitinereipaoabrenitemporeiudicatnroa.</span> 
     </span>
    </p>

    <p class='ocr_par' dir='ltr' id='par_1_7' title="bbox 70 1620 1309 1910">
     <span class='ocr_line' id='line_1_14' title="bbox 70 1620 1253 1708; baseline 0.002 -24"><span class='ocrx_word' id='word_1_111' title='bbox 70 1620 112 1687; x_wconf 79' lang='lat'>12</span> <span class='ocrx_word' id='word_1_112' title='bbox 128 1620 216 1705; x_wconf 77' lang='lat' dir='ltr'>Quod</span> <span class='ocrx_word' id='word_1_113' title='bbox 239 1643 300 1686; x_wconf 90' lang='lat' dir='ltr'>non</span> <span class='ocrx_word' id='word_1_114' title='bbox 322 1622 389 1686; x_wconf 86' lang='lat' dir='ltr'>lore</span> <span class='ocrx_word' id='word_1_115' title='bbox 408 1622 488 1686; x_wconf 93' lang='lat' dir='ltr'>dicto</span> <span class='ocrx_word' id='word_1_116' title='bbox 510 1622 666 1686; x_wconf 82' lang='lat' dir='ltr'>audientes</span> <span class='ocrx_word' id='word_1_117' title='bbox 681 1642 779 1705; x_wconf 87' lang='lat' dir='ltr'>neque</span> <span class='ocrx_word' id='word_1_118' title='bbox 793 1623 880 1708; x_wconf 80' lang='lat' dir='ltr'>sigua</span> <span class='ocrx_word' id='word_1_119' title='bbox 895 1623 985 1687; x_wconf 86' lang='lat' dir='ltr'>laturi</span> <span class='ocrx_word' id='word_1_120' title='bbox 1001 1622 1151 1700; x_wconf 89' lang='lat' dir='ltr'>dicautur,</span> <span class='ocrx_word' id='word_1_121' title='bbox 1175 1620 1253 1686; x_wconf 87' lang='lat' dir='ltr'>nibil</span> 
     </span>
     <span class='ocr_line' id='line_1_15' title="bbox 126 1723 1251 1807; baseline -0.001 -18"><span class='ocrx_word' id='word_1_122' title='bbox 126 1744 161 1789; x_wconf 86' lang='lat' dir='ltr'>ee</span> <span class='ocrx_word' id='word_1_123' title='bbox 185 1746 221 1790; x_wconf 86' lang='lat' dir='ltr'>ea</span> <span class='ocrx_word' id='word_1_124' title='bbox 242 1744 277 1789; x_wconf 90' lang='lat' dir='ltr'>re</span> <span class='ocrx_word' id='word_1_125' title='bbox 299 1725 500 1788; x_wconf 77' lang='lat' dir='ltr'>commoneri:</span> <span class='ocrx_word' id='word_1_126' title='bbox 532 1724 612 1789; x_wconf 91' lang='lat' dir='ltr'>sciro</span> <span class='ocrx_word' id='word_1_127' title='bbox 626 1723 725 1802; x_wconf 91' lang='lat' dir='ltr'>enim,</span> <span class='ocrx_word' id='word_1_128' title='bbox 752 1724 984 1807; x_wconf 86' lang='lat' dir='ltr'>quibuscumque</span> <span class='ocrx_word' id='word_1_129' title='bbox 1000 1723 1154 1788; x_wconf 80' lang='lat' dir='ltr'>exercitus</span> <span class='ocrx_word' id='word_1_130' title='bbox 1168 1723 1251 1788; x_wconf 86' lang='lat' dir='ltr'>dicto</span> 
     </span>
     <span class='ocr_line' id='line_1_16' title="bbox 128 1826 1309 1910; baseline 0.001 -20"><span class='ocrx_word' id='word_1_131' title='bbox 128 1828 252 1892; x_wconf 87' lang='lat' dir='ltr'>audiens</span> <span class='ocrx_word' id='word_1_132' title='bbox 267 1849 329 1891; x_wconf 92' lang='lat' dir='ltr'>uon</span> <span class='ocrx_word' id='word_1_133' title='bbox 344 1827 447 1904; x_wconf 87' lang='lat' dir='ltr'>luerit,</span> <span class='ocrx_word' id='word_1_134' title='bbox 464 1835 517 1889; x_wconf 91' lang='lat' dir='ltr'>aut</span> <span class='ocrx_word' id='word_1_135' title='bbox 531 1826 608 1890; x_wconf 90' lang='lat' dir='ltr'>male</span> <span class='ocrx_word' id='word_1_136' title='bbox 623 1846 657 1890; x_wconf 89' lang='lat' dir='ltr'>re</span> <span class='ocrx_word' id='word_1_137' title='bbox 673 1837 758 1910; x_wconf 81' lang='lat' dir='ltr'>gesta</span> <span class='ocrx_word' id='word_1_138' title='bbox 782 1828 931 1890; x_wconf 80' lang='lat' dir='ltr'>fortunam</span> <span class='ocrx_word' id='word_1_139' title='bbox 953 1827 1103 1901; x_wconf 77' lang='lat' dir='ltr'>defuisse,</span> <span class='ocrx_word' id='word_1_140' title='bbox 1127 1836 1183 1891; x_wconf 87' lang='lat' dir='ltr'>aut</span> <span class='ocrx_word' id='word_1_141' title='bbox 1194 1826 1252 1892; x_wconf 88' lang='lat' dir='ltr'>eli·</span> <span class='ocrx_word' id='word_1_142' title='bbox 1273 1836 1309 1891; x_wconf 85' lang='lat' dir='ltr'>ta</span> 
     </span>
    </p>

    <p class='ocr_par' dir='ltr' id='par_1_8' title="bbox 71 1926 1249 2011">
     <span class='ocr_line' id='line_1_17' title="bbox 71 1926 1249 2011; baseline 0.003 -20"><span class='ocrx_word' id='word_1_143' title='bbox 71 1926 112 1992; x_wconf 86' lang='grc'>13</span> <span class='ocrx_word' id='word_1_144' title='bbox 128 1949 185 2011; x_wconf 92' lang='lat' dir='ltr'>quo</span> <span class='ocrx_word' id='word_1_145' title='bbox 201 1930 336 1993; x_wconf 82' lang='lat' dir='ltr'>facinore</span> <span class='ocrx_word' id='word_1_146' title='bbox 346 1928 937 2011; x_wconf 78' lang='lat' dir='ltr'>compertoauaritiamesseconnictamc</span> <span class='ocrx_word' id='word_1_147' title='bbox 954 1928 1249 1995; x_wconf 75' lang='lat' dir='ltr'>ausminuooeutia·</span> 
     </span>
    </p>

    <p class='ocr_par' dir='ltr' id='par_1_9' title="bbox 72 2028 1310 2424">
     <span class='ocr_line' id='line_1_18' title="bbox 72 2028 1252 2116; baseline 0.003 -23"><span class='ocrx_word' id='word_1_148' title='bbox 72 2028 112 2093; x_wconf 78' lang='lat'>14</span> <span class='ocrx_word' id='word_1_149' title='bbox 127 2040 271 2115; x_wconf 86' lang='lat' dir='ltr'>perpetua</span> <span class='ocrx_word' id='word_1_150' title='bbox 286 2030 361 2109; x_wconf 89' lang='lat' dir='ltr'>uita,</span> <span class='ocrx_word' id='word_1_151' title='bbox 378 2030 551 2096; x_wconf 85' lang='lat' dir='ltr'>lelicitutem</span> <span class='ocrx_word' id='word_1_152' title='bbox 567 2029 772 2096; x_wconf 84' lang='lat' dir='ltr'>Heluetiorum</span> <span class='ocrx_word' id='word_1_153' title='bbox 789 2031 867 2095; x_wconf 90' lang='lat' dir='ltr'>bello</span> <span class='ocrx_word' id='word_1_154' title='bbox 884 2051 950 2096; x_wconf 85' lang='lat' dir='ltr'>esse</span> <span class='ocrx_word' id='word_1_155' title='bbox 967 2041 1166 2116; x_wconf 87' lang='lat' dir='ltr'>perspectam.</span> <span class='ocrx_word' id='word_1_156' title='bbox 1188 2029 1252 2097; x_wconf 86' lang='lat' dir='ltr'>lta·</span> 
     </span>
     <span class='ocr_line' id='line_1_19' title="bbox 129 2132 1252 2218; baseline 0.003 -22"><span class='ocrx_word' id='word_1_157' title='bbox 129 2153 187 2216; x_wconf 93' lang='lat' dir='ltr'>qne</span> <span class='ocrx_word' id='word_1_158' title='bbox 202 2154 248 2211; x_wconf 89' lang='lat' dir='ltr'>se,</span> <span class='ocrx_word' id='word_1_159' title='bbox 265 2135 343 2216; x_wconf 91' lang='lat' dir='ltr'>quod</span> <span class='ocrx_word' id='word_1_160' title='bbox 358 2133 390 2197; x_wconf 91' lang='lat' dir='ltr'>in</span> <span class='ocrx_word' id='word_1_161' title='bbox 405 2133 569 2217; x_wconf 76' lang='lat' dir='ltr'>longiorem</span> <span class='ocrx_word' id='word_1_162' title='bbox 586 2133 662 2199; x_wconf 90' lang='lat' dir='ltr'>diem</span> <span class='ocrx_word' id='word_1_163' title='bbox 679 2132 852 2197; x_wconf 88' lang='lat' dir='ltr'>conlaturus</span> <span class='ocrx_word' id='word_1_164' title='bbox 867 2134 987 2212; x_wconf 81' lang='lat' dir='ltr'>luisset,</span> <span class='ocrx_word' id='word_1_165' title='bbox 1007 2143 1252 2218; x_wconf 77' lang='lat' dir='ltr'>repraesentatu-</span> 
     </span>
     <span class='ocr_line' id='line_1_20' title="bbox 127 2236 1251 2320; baseline 0.003 -20"><span class='ocrx_word' id='word_1_166' title='bbox 127 2256 193 2300; x_wconf 89' lang='lat' dir='ltr'>rum</span> <span class='ocrx_word' id='word_1_167' title='bbox 209 2246 241 2300; x_wconf 89' lang='lat' dir='ltr'>et</span> <span class='ocrx_word' id='word_1_168' title='bbox 255 2237 391 2320; x_wconf 87' lang='lat' dir='ltr'>proxima</span> <span class='ocrx_word' id='word_1_169' title='bbox 407 2248 496 2301; x_wconf 88' lang='lat' dir='ltr'>nocte</span> <span class='ocrx_word' id='word_1_170' title='bbox 511 2237 548 2301; x_wconf 93' lang='lat' dir='ltr'>de</span> <span class='ocrx_word' id='word_1_171' title='bbox 562 2247 669 2320; x_wconf 87' lang='lat' dir='ltr'>quarta</span> <span class='ocrx_word' id='word_1_172' title='bbox 685 2236 789 2320; x_wconf 78' lang='lat' dir='ltr'>uigilia</span> <span class='ocrx_word' id='word_1_173' title='bbox 808 2247 907 2299; x_wconf 89' lang='lat' dir='ltr'>castra</span> <span class='ocrx_word' id='word_1_174' title='bbox 922 2246 1090 2314; x_wconf 71' lang='lat' dir='ltr'>moturum,</span> <span class='ocrx_word' id='word_1_175' title='bbox 1114 2245 1251 2319; x_wconf 83' lang='lat' dir='ltr'>utquam</span> 
     </span>
     <span class='ocr_line' id='line_1_21' title="bbox 128 2338 1310 2424; baseline 0.003 -22"><span class='ocrx_word' id='word_1_176' title='bbox 128 2338 256 2424; x_wconf 88' lang='lat' dir='ltr'>primum</span> <span class='ocrx_word' id='word_1_177' title='bbox 272 2338 447 2422; x_wconf 82' lang='lat' dir='ltr'>intellegere</span> <span class='ocrx_word' id='word_1_178' title='bbox 460 2350 582 2423; x_wconf 88' lang='lat' dir='ltr'>posset,</span> <span class='ocrx_word' id='word_1_179' title='bbox 605 2347 704 2401; x_wconf 88' lang='lat' dir='ltr'>utrum</span> <span class='ocrx_word' id='word_1_180' title='bbox 726 2340 804 2422; x_wconf 88' lang='lat' dir='ltr'>apud</span> <span class='ocrx_word' id='word_1_181' title='bbox 827 2357 879 2401; x_wconf 91' lang='lat' dir='ltr'>eos</span> <span class='ocrx_word' id='word_1_182' title='bbox 895 2338 991 2422; x_wconf 90' lang='lat' dir='ltr'>pudor</span> <span class='ocrx_word' id='word_1_183' title='bbox 1005 2348 1094 2421; x_wconf 90' lang='lat' dir='ltr'>atque</span> <span class='ocrx_word' id='word_1_184' title='bbox 1109 2338 1251 2419; x_wconf 83' lang='lat' dir='ltr'>officium,</span> <span class='ocrx_word' id='word_1_185' title='bbox 1271 2348 1310 2405; x_wconf 62' lang='grc' dir='ltr'><strong><em>Ἀ</em></strong></span> 
     </span>
    </p>

    <p class='ocr_par' dir='ltr' id='par_1_10' title="bbox 73 2437 1253 2831">
     <span class='ocr_line' id='line_1_22' title="bbox 73 2437 1253 2525; baseline 0.001 -20"><span class='ocrx_word' id='word_1_186' title='bbox 73 2439 113 2505; x_wconf 83' lang='grc'>15</span> <span class='ocrx_word' id='word_1_187' title='bbox 129 2463 168 2505; x_wconf 92' lang='lat' dir='ltr'>an</span> <span class='ocrx_word' id='word_1_188' title='bbox 189 2442 279 2502; x_wconf 89' lang='lat' dir='ltr'>timor</span> <span class='ocrx_word' id='word_1_189' title='bbox 300 2440 428 2502; x_wconf 89' lang='lat' dir='ltr'>ualeret.</span> <span class='ocrx_word' id='word_1_190' title='bbox 467 2437 555 2521; x_wconf 77' lang='lat' dir='ltr'>Quod</span> <span class='ocrx_word' id='word_1_191' title='bbox 578 2440 603 2503; x_wconf 92' lang='lat' dir='ltr'>si</span> <span class='ocrx_word' id='word_1_192' title='bbox 626 2451 783 2525; x_wconf 79' lang='lat' dir='ltr'>praeterea</span> <span class='ocrx_word' id='word_1_193' title='bbox 805 2459 892 2503; x_wconf 87' lang='lat' dir='ltr'>nemo</span> <span class='ocrx_word' id='word_1_194' title='bbox 915 2451 1075 2523; x_wconf 88' lang='lat' dir='ltr'>sequatur,</span> <span class='ocrx_word' id='word_1_195' title='bbox 1098 2450 1199 2506; x_wconf 70' lang='lat' dir='ltr'>umen</span> <span class='ocrx_word' id='word_1_196' title='bbox 1217 2460 1253 2506; x_wconf 84' lang='lat' dir='ltr'>ee</span> 
     </span>
     <span class='ocr_line' id='line_1_23' title="bbox 127 2539 1249 2626; baseline 0.001 -19"><span class='ocrx_word' id='word_1_197' title='bbox 127 2563 194 2607; x_wconf 89' lang='lat' dir='ltr'>cum</span> <span class='ocrx_word' id='word_1_198' title='bbox 209 2541 275 2604; x_wconf 90' lang='lat' dir='ltr'>sola</span> <span class='ocrx_word' id='word_1_199' title='bbox 296 2539 411 2604; x_wconf 88' lang='lat' dir='ltr'>decima</span> <span class='ocrx_word' id='word_1_200' title='bbox 431 2540 551 2623; x_wconf 78' lang='lat' dir='ltr'>legione</span> <span class='ocrx_word' id='word_1_201' title='bbox 573 2543 704 2620; x_wconf 90' lang='lat' dir='ltr'>iturum,</span> <span class='ocrx_word' id='word_1_202' title='bbox 736 2543 772 2607; x_wconf 92' lang='lat' dir='ltr'>de</span> <span class='ocrx_word' id='word_1_203' title='bbox 787 2563 842 2625; x_wconf 91' lang='lat' dir='ltr'>qua</span> <span class='ocrx_word' id='word_1_204' title='bbox 859 2564 920 2605; x_wconf 93' lang='lat' dir='ltr'>noa</span> <span class='ocrx_word' id='word_1_205' title='bbox 936 2543 1103 2620; x_wconf 87' lang='lat' dir='ltr'>dubitaret,</span> <span class='ocrx_word' id='word_1_206' title='bbox 1130 2542 1249 2626; x_wconf 77' lang='lat' dir='ltr'>sibique</span> 
     </span>
     <span class='ocr_line' id='line_1_24' title="bbox 127 2640 1251 2728; baseline 0.003 -20"><span class='ocrx_word' id='word_1_207' title='bbox 127 2663 193 2708; x_wconf 90' lang='lat' dir='ltr'>eam</span> <span class='ocrx_word' id='word_1_208' title='bbox 223 2643 404 2726; x_wconf 88' lang='lat' dir='ltr'>praetoriam</span> <span class='ocrx_word' id='word_1_209' title='bbox 434 2643 586 2708; x_wconf 87' lang='lat' dir='ltr'>cohortem</span> <span class='ocrx_word' id='word_1_210' title='bbox 623 2647 764 2709; x_wconf 87' lang='lat' dir='ltr'>laturam.</span> <span class='ocrx_word' id='word_1_211' title='bbox 823 2644 902 2708; x_wconf 86' lang='lat' dir='ltr'>Huic</span> <span class='ocrx_word' id='word_1_212' title='bbox 932 2644 1044 2728; x_wconf 77' lang='lat' dir='ltr'>legioni</span> <span class='ocrx_word' id='word_1_213' title='bbox 1072 2640 1189 2709; x_wconf 78' lang='lat' dir='ltr'>Caesar</span> <span class='ocrx_word' id='word_1_214' title='bbox 1216 2657 1251 2711; x_wconf 89' lang='lat' dir='ltr'>et</span> 
     </span>
     <span class='ocr_line' id='line_1_25' title="bbox 126 2744 1249 2831; baseline 0.002 -21"><span class='ocrx_word' id='word_1_215' title='bbox 126 2744 292 2810; x_wconf 85' lang='lat' dir='ltr'>indulserat</span> <span class='ocrx_word' id='word_1_216' title='bbox 320 2745 479 2828; x_wconf 79' lang='lat' dir='ltr'>praecipue</span> <span class='ocrx_word' id='word_1_217' title='bbox 509 2756 540 2809; x_wconf 89' lang='lat' dir='ltr'>et</span> <span class='ocrx_word' id='word_1_218' title='bbox 568 2758 690 2831; x_wconf 89' lang='lat' dir='ltr'>propter</span> <span class='ocrx_word' id='word_1_219' title='bbox 724 2747 863 2811; x_wconf 89' lang='lat' dir='ltr'>uirtutem</span> <span class='ocrx_word' id='word_1_220' title='bbox 901 2746 1069 2811; x_wconf 84' lang='lat' dir='ltr'>confidebat</span> <span class='ocrx_word' id='word_1_221' title='bbox 1102 2747 1249 2813; x_wconf 63' lang='lat' dir='ltr'>mameae.</span> 
     </span>
    </p>

    <p class='ocr_par' dir='ltr' id='par_1_11' title="bbox 70 2845 1298 2918">
     <span class='ocr_line' id='line_1_26' title="bbox 70 2845 1298 2918; baseline 0.003 -6"><span class='ocrx_word' id='word_1_222' title='bbox 70 2846 112 2918; x_wconf 82' lang='grc'>41</span> <span class='ocrx_word' id='word_1_223' title='bbox 128 2845 195 2914; x_wconf 83' lang='lat' dir='ltr'>Hac</span> <span class='ocrx_word' id='word_1_224' title='bbox 225 2849 361 2912; x_wconf 87' lang='lat' dir='ltr'>oratioue</span> <span class='ocrx_word' id='word_1_225' title='bbox 386 2847 485 2917; x_wconf 83' lang='lat' dir='ltr'>habita</span> <span class='ocrx_word' id='word_1_226' title='bbox 507 2848 612 2913; x_wconf 89' lang='lat' dir='ltr'>mirum</span> <span class='ocrx_word' id='word_1_227' title='bbox 635 2849 666 2911; x_wconf 93' lang='lat' dir='ltr'>in</span> <span class='ocrx_word' id='word_1_228' title='bbox 690 2849 808 2913; x_wconf 90' lang='lat' dir='ltr'>modum</span> <span class='ocrx_word' id='word_1_229' title='bbox 829 2869 993 2914; x_wconf 88' lang='lat' dir='ltr'>conuersae</span> <span class='ocrx_word' id='word_1_230' title='bbox 1014 2860 1086 2913; x_wconf 91' lang='lat' dir='ltr'>sunt</span> <span class='ocrx_word' id='word_1_231' title='bbox 1107 2851 1240 2916; x_wconf 86' lang='lat' dir='ltr'>omnium</span> <span class='ocrx_word' id='word_1_232' title='bbox 1260 2861 1298 2916; x_wconf 69' lang='lat'>25</span> 
     </span>
    </p>
   </div>
   <div class='ocr_carea' id='block_1_4' title="bbox 119 3038 1251 4354">
    <p class='ocr_par' dir='ltr' id='par_1_12' title="bbox 125 3038 1249 3494">
     <span class='ocr_line' id='line_1_27' title="bbox 235 3038 1247 3109; baseline 0 -17"><span class='ocrx_word' id='word_1_233' title='bbox 235 3040 247 3092; x_wconf 93' lang='grc'>1</span> <span class='ocrx_word' id='word_1_234' title='bbox 268 3048 385 3093; x_wconf 87' lang='lat' dir='ltr'>moneret</span> <span class='ocrx_word' id='word_1_235' title='bbox 396 3057 433 3092; x_wconf 88' lang='lat' dir='ltr'>m.</span> <span class='ocrx_word' id='word_1_236' title='bbox 445 3056 491 3109; x_wconf 83' lang='lat' dir='ltr'>pr.</span> <span class='ocrx_word' id='word_1_237' title='bbox 506 3042 540 3093; x_wconf 80' lang='lat' dir='ltr'>A.</span> <span class='ocrx_word' id='word_1_238' title='bbox 662 3043 709 3094; x_wconf 92' lang='lat' dir='ltr'>boc</span> <span class='ocrx_word' id='word_1_239' title='bbox 727 3048 793 3094; x_wconf 82' lang='lat' dir='ltr'>ante</span> <span class='ocrx_word' id='word_1_240' title='bbox 809 3057 880 3092; x_wconf 78' lang='lat' dir='ltr'>corr.</span> <span class='ocrx_word' id='word_1_241' title='bbox 895 3044 928 3093; x_wconf 90' lang='lat' dir='ltr'>B.</span> <span class='ocrx_word' id='word_1_242' title='bbox 1049 3038 1247 3109; x_wconf 82' lang='lat' dir='ltr'>2queererent]</span> 
     </span>
     <span class='ocr_line' id='line_1_28' title="bbox 127 3118 1247 3187; baseline 0.005 -20"><span class='ocrx_word' id='word_1_243' title='bbox 127 3131 254 3184; x_wconf 88' lang='lat' dir='ltr'>quaerere</span> <span class='ocrx_word' id='word_1_244' title='bbox 267 3118 366 3170; x_wconf 85' lang='lat' dir='ltr'>uellent</span> <span class='ocrx_word' id='word_1_245' title='bbox 379 3120 404 3170; x_wconf 89' lang='lat' dir='ltr'>b.</span> <span class='ocrx_word' id='word_1_246' title='bbox 497 3118 630 3187; x_wconf 86' lang='lat' dir='ltr'>repperire</span> <span class='ocrx_word' id='word_1_247' title='bbox 640 3121 674 3171; x_wconf 88' lang='lat' dir='ltr'>B.</span> <span class='ocrx_word' id='word_1_248' title='bbox 786 3120 938 3185; x_wconf 68' lang='lat' dir='ltr'>defetigatis</span> <span class='ocrx_word' id='word_1_249' title='bbox 952 3123 1003 3187; x_wconf 85' lang='lat' dir='ltr'>Ao,</span> <span class='ocrx_word' id='word_1_250' title='bbox 1017 3121 1170 3186; x_wconf 67' lang='lat' dir='ltr'>defatigatis</span> <span class='ocrx_word' id='word_1_251' title='bbox 1182 3118 1247 3185; x_wconf 77' lang='lat' dir='ltr'>(An)</span> 
     </span>
     <span class='ocr_line' id='line_1_29' title="bbox 125 3196 1247 3266; baseline 0.004 -21"><span class='ocrx_word' id='word_1_252' title='bbox 125 3196 239 3261; x_wconf 75' lang='lat' dir='ltr'>reliqui.</span> <span class='ocrx_word' id='word_1_253' title='bbox 362 3200 376 3249; x_wconf 80' lang='lat'><strong>5</strong></span> <span class='ocrx_word' id='word_1_254' title='bbox 390 3198 522 3260; x_wconf 83' lang='lat' dir='ltr'>adortum]</span> <span class='ocrx_word' id='word_1_255' title='bbox 538 3198 571 3248; x_wconf 90' lang='lat' dir='ltr'>ad</span> <span class='ocrx_word' id='word_1_256' title='bbox 584 3207 700 3250; x_wconf 84' lang='lat' dir='ltr'>austrum</span> <span class='ocrx_word' id='word_1_257' title='bbox 718 3200 742 3262; x_wconf 90' lang='lat' dir='ltr'>b,</span> <span class='ocrx_word' id='word_1_258' title='bbox 756 3198 915 3250; x_wconf 80' lang='lat' dir='ltr'>Ariouistum</span> <span class='ocrx_word' id='word_1_259' title='bbox 928 3201 963 3251; x_wconf 75' lang='lat'>11.</span> <span class='ocrx_word' id='word_1_260' title='bbox 1102 3199 1119 3250; x_wconf 83' lang='lat' dir='ltr'>d</span> <span class='ocrx_word' id='word_1_261' title='bbox 1136 3196 1197 3266; x_wconf 85' lang='lat' dir='ltr'>bae]</span> <span class='ocrx_word' id='word_1_262' title='bbox 1217 3212 1247 3250; x_wconf 85' lang='lat' dir='ltr'>ae</span> 
     </span>
     <span class='ocr_line' id='line_1_30' title="bbox 127 3272 1127 3341; baseline 0.003 -19"><span class='ocrx_word' id='word_1_263' title='bbox 127 3272 212 3322; x_wconf 80' lang='lat' dir='ltr'>ABG</span> <span class='ocrx_word' id='word_1_264' title='bbox 218 3272 277 3321; x_wconf 87' lang='lat' dir='ltr'>De.</span> <span class='ocrx_word' id='word_1_265' title='bbox 398 3275 415 3325; x_wconf 84' lang='lat'>8</span> <span class='ocrx_word' id='word_1_266' title='bbox 433 3274 623 3325; x_wconf 85' lang='lat' dir='ltr'>simulationem</span> <span class='ocrx_word' id='word_1_267' title='bbox 642 3275 733 3326; x_wconf 84' lang='lat' dir='ltr'>deletu</span> <span class='ocrx_word' id='word_1_268' title='bbox 751 3291 805 3327; x_wconf 86' lang='lat' dir='ltr'>eac.</span> <span class='ocrx_word' id='word_1_269' title='bbox 824 3291 861 3325; x_wconf 84' lang='lat' dir='ltr'>m.</span> <span class='ocrx_word' id='word_1_270' title='bbox 871 3280 1012 3341; x_wconf 78' lang='lat' dir='ltr'>postremo</span> <span class='ocrx_word' id='word_1_271' title='bbox 1024 3276 1081 3326; x_wconf 75' lang='lat' dir='ltr'>titt.</span> <span class='ocrx_word' id='word_1_272' title='bbox 1093 3275 1127 3326; x_wconf 85' lang='lat' dir='ltr'>B.</span> 
     </span>
     <span class='ocr_line' id='line_1_31' title="bbox 126 3347 1249 3416; baseline 0.004 -19"><span class='ocrx_word' id='word_1_273' title='bbox 126 3347 231 3398; x_wconf 88' lang='lat' dir='ltr'>itineris</span> <span class='ocrx_word' id='word_1_274' title='bbox 243 3363 280 3398; x_wconf 88' lang='lat' dir='ltr'>m.</span> <span class='ocrx_word' id='word_1_275' title='bbox 292 3363 337 3413; x_wconf 82' lang='lat' dir='ltr'>pr.</span> <span class='ocrx_word' id='word_1_276' title='bbox 353 3348 387 3410; x_wconf 89' lang='lat' dir='ltr'>B,</span> <span class='ocrx_word' id='word_1_277' title='bbox 403 3349 477 3400; x_wconf 68' lang='lat' dir='ltr'>‘mam</span> <span class='ocrx_word' id='word_1_278' title='bbox 492 3355 519 3400; x_wconf 83' lang='lat' dir='ltr'>at</span> <span class='ocrx_word' id='word_1_279' title='bbox 530 3351 590 3401; x_wconf 79' lang='lat' dir='ltr'>edd.</span> <span class='ocrx_word' id='word_1_280' title='bbox 604 3351 688 3416; x_wconf 85' lang='lat' dir='ltr'>qdd.‘,</span> <span class='ocrx_word' id='word_1_281' title='bbox 710 3354 760 3403; x_wconf 83' lang='lat' dir='ltr'>‘ea&#39;c</span> <span class='ocrx_word' id='word_1_282' title='bbox 772 3368 836 3404; x_wconf 84' lang='lat' dir='ltr'>maa.</span> <span class='ocrx_word' id='word_1_283' title='bbox 850 3368 959 3415; x_wconf 81' lang='lat' dir='ltr'>omnes,</span> <span class='ocrx_word' id='word_1_284' title='bbox 973 3369 1026 3403; x_wconf 84' lang='grc' dir='ltr'><strong>ιιοιι</strong></span> <span class='ocrx_word' id='word_1_285' title='bbox 1040 3353 1179 3415; x_wconf 87' lang='lat' dir='ltr'>itinerum,</span> <span class='ocrx_word' id='word_1_286' title='bbox 1199 3351 1249 3402; x_wconf 76' lang='lat' dir='ltr'>aad</span> 
     </span>
     <span class='ocr_line' id='line_1_32' title="bbox 126 3425 1247 3494; baseline 0.003 -19"><span class='ocrx_word' id='word_1_287' title='bbox 126 3431 206 3477; x_wconf 71' lang='lat' dir='ltr'>extet</span> <span class='ocrx_word' id='word_1_288' title='bbox 224 3430 314 3477; x_wconf 83' lang='lat' dir='ltr'>tumen</span> <span class='ocrx_word' id='word_1_289' title='bbox 334 3425 456 3477; x_wconf 87' lang='lat' dir='ltr'>itinerum</span> <span class='ocrx_word' id='word_1_290' title='bbox 476 3430 505 3476; x_wconf 82' lang='lat' dir='ltr'>a&#39;n</span> <span class='ocrx_word' id='word_1_291' title='bbox 526 3428 556 3479; x_wconf 77' lang='grc' dir='ltr'>θ’</span> <span class='ocrx_word' id='word_1_292' title='bbox 567 3428 694 3494; x_wconf 68' lang='grc' dir='ltr'>Εωιιιιρὶ.</span> <span class='ocrx_word' id='word_1_293' title='bbox 708 3430 811 3493; x_wconf 78' lang='lat' dir='ltr'>Fabr.,·</span> <span class='ocrx_word' id='word_1_294' title='bbox 838 3429 959 3480; x_wconf 87' lang='lat' dir='ltr'>itinerum</span> <span class='ocrx_word' id='word_1_295' title='bbox 979 3445 1024 3480; x_wconf 86' lang='lat' dir='ltr'>eu</span> <span class='ocrx_word' id='word_1_296' title='bbox 1048 3435 1078 3480; x_wconf 83' lang='lat' dir='ltr'>et</span> <span class='ocrx_word' id='word_1_297' title='bbox 1093 3445 1131 3480; x_wconf 90' lang='grc' dir='ltr'><strong>ιιι.</strong></span> <span class='ocrx_word' id='word_1_298' title='bbox 1144 3444 1198 3480; x_wconf 87' lang='lat' dir='ltr'>aee.</span> <span class='ocrx_word' id='word_1_299' title='bbox 1212 3429 1247 3481; x_wconf 85' lang='lat' dir='ltr'>B.</span> 
     </span>
    </p>

    <p class='ocr_par' dir='ltr' id='par_1_13' title="bbox 127 3503 1251 3648">
     <span class='ocr_line' id='line_1_33' title="bbox 245 3503 1251 3572; baseline 0.004 -18"><span class='ocrx_word' id='word_1_300' title='bbox 245 3504 260 3554; x_wconf 75' lang='grc'>9</span> <span class='ocrx_word' id='word_1_301' title='bbox 274 3503 461 3570; x_wconf 78' lang='lat' dir='ltr'>eoulerreuts,</span> <span class='ocrx_word' id='word_1_302' title='bbox 474 3505 609 3558; x_wconf 86' lang='lat' dir='ltr'>euul&#39;erret</span> <span class='ocrx_word' id='word_1_303' title='bbox 619 3509 645 3558; x_wconf 80' lang='lat' dir='ltr'><em>A</em></span> <span class='ocrx_word' id='word_1_304' title='bbox 651 3508 675 3557; x_wconf 84' lang='lat' dir='ltr'><em>B</em></span> <span class='ocrx_word' id='word_1_305' title='bbox 685 3508 780 3558; x_wconf 81' lang='lat' dir='ltr'>CDE.</span> <span class='ocrx_word' id='word_1_306' title='bbox 898 3507 930 3559; x_wconf 85' lang='lat' dir='ltr'>ld</span> <span class='ocrx_word' id='word_1_307' title='bbox 943 3504 1107 3572; x_wconf 87' lang='lat' dir='ltr'>uiderentur]</span> <span class='ocrx_word' id='word_1_308' title='bbox 1120 3505 1251 3558; x_wconf 72' lang='lat' dir='ltr'>auderent</span> 
     </span>
     <span class='ocr_line' id='line_1_34' title="bbox 127 3580 1246 3648; baseline 0.004 -17"><span class='ocrx_word' id='word_1_309' title='bbox 127 3580 524 3647; x_wconf 79' lang='lat' dir='ltr'>Cls‘mas.d&#39;etaee.m.ll.</span> <span class='ocrx_word' id='word_1_310' title='bbox 642 3581 875 3648; x_wconf 68' lang='lat' dir='ltr'>llLinqouasbs.</span> <span class='ocrx_word' id='word_1_311' title='bbox 991 3584 1199 3636; x_wconf 74' lang='lat' dir='ltr'>sumministrare</span> <span class='ocrx_word' id='word_1_312' title='bbox 1211 3583 1246 3636; x_wconf 80' lang='lat' dir='ltr'>B.</span> 
     </span>
    </p>

    <p class='ocr_par' dir='ltr' id='par_1_14' title="bbox 119 3657 1250 4267">
     <span class='ocr_line' id='line_1_35' title="bbox 235 3657 1250 3729; baseline 0.007 -22"><span class='ocrx_word' id='word_1_313' title='bbox 235 3657 265 3708; x_wconf 80' lang='lat' dir='ltr'>lb</span> <span class='ocrx_word' id='word_1_314' title='bbox 277 3663 343 3722; x_wconf 81' lang='lat' dir='ltr'>poet</span> <span class='ocrx_word' id='word_1_315' title='bbox 353 3658 490 3709; x_wconf 83' lang='lat' dir='ltr'>audientes</span> <span class='ocrx_word' id='word_1_316' title='bbox 503 3665 600 3710; x_wconf 82' lang='lat' dir='ltr'>eontra</span> <span class='ocrx_word' id='word_1_317' title='bbox 613 3659 690 3710; x_wconf 83' lang='lat' dir='ltr'>codd.</span> <span class='ocrx_word' id='word_1_318' title='bbox 704 3661 802 3711; x_wconf 86' lang='lat' dir='ltr'>milites</span> <span class='ocrx_word' id='word_1_319' title='bbox 813 3660 875 3710; x_wconf 76' lang='lat' dir='ltr'>eald.</span> <span class='ocrx_word' id='word_1_320' title='bbox 891 3676 919 3711; x_wconf 84' lang='lat' dir='ltr'>u.</span> <span class='ocrx_word' id='word_1_321' title='bbox 1037 3662 1069 3714; x_wconf 85' lang='lat' dir='ltr'>tt</span> <span class='ocrx_word' id='word_1_322' title='bbox 1082 3661 1250 3729; x_wconf 74' lang='lat' dir='ltr'>quibuscun-</span> 
     </span>
     <span class='ocr_line' id='line_1_36' title="bbox 125 3735 1249 3806; baseline 0.006 -21"><span class='ocrx_word' id='word_1_323' title='bbox 125 3751 175 3803; x_wconf 87' lang='lat' dir='ltr'>que</span> <span class='ocrx_word' id='word_1_324' title='bbox 188 3735 244 3804; x_wconf 76' lang='grc' dir='ltr'>(Β).</span> <span class='ocrx_word' id='word_1_325' title='bbox 370 3738 400 3789; x_wconf 83' lang='lat' dir='ltr'>ld</span> <span class='ocrx_word' id='word_1_326' title='bbox 413 3737 572 3805; x_wconf 85' lang='lat' dir='ltr'>conuictum]</span> <span class='ocrx_word' id='word_1_327' title='bbox 586 3739 751 3790; x_wconf 84' lang='lat' dir='ltr'>coniunctam</span> <span class='ocrx_word' id='word_1_328' title='bbox 763 3738 914 3804; x_wconf 84' lang='lat' dir='ltr'>eodd.sere</span> <span class='ocrx_word' id='word_1_329' title='bbox 925 3755 1026 3792; x_wconf 81' lang='lat' dir='ltr'>omnes.</span> <span class='ocrx_word' id='word_1_330' title='bbox 1144 3739 1175 3792; x_wconf 80' lang='grc'>11</span> <span class='ocrx_word' id='word_1_331' title='bbox 1188 3754 1249 3806; x_wconf 80' lang='lat' dir='ltr'>per·</span> 
     </span>
     <span class='ocr_line' id='line_1_37' title="bbox 123 3813 1247 3886; baseline 0.008 -24"><span class='ocrx_word' id='word_1_332' title='bbox 123 3819 202 3878; x_wconf 89' lang='lat' dir='ltr'>petua</span> <span class='ocrx_word' id='word_1_333' title='bbox 216 3814 281 3874; x_wconf 91' lang='lat' dir='ltr'>uita,</span> <span class='ocrx_word' id='word_1_334' title='bbox 297 3813 447 3866; x_wconf 77' lang='lat' dir='ltr'>felicitatem</span> <span class='ocrx_word' id='word_1_335' title='bbox 458 3817 665 3867; x_wconf 70' lang='lat' dir='ltr'>Caesariensis.-</span> <span class='ocrx_word' id='word_1_336' title='bbox 680 3816 795 3882; x_wconf 66' lang='lat' dir='ltr'>‘reliqua&#39;</span> <span class='ocrx_word' id='word_1_337' title='bbox 805 3832 896 3868; x_wconf 82' lang='lat' dir='ltr'>omnes</span> <span class='ocrx_word' id='word_1_338' title='bbox 905 3820 975 3869; x_wconf 88' lang='lat' dir='ltr'>uitae</span> <span class='ocrx_word' id='word_1_339' title='bbox 986 3823 1084 3884; x_wconf 80' lang='lat' dir='ltr'>etpora</span> <span class='ocrx_word' id='word_1_340' title='bbox 1093 3825 1247 3886; x_wconf 79' lang='lat' dir='ltr'>perpetuae,</span> 
     </span>
     <span class='ocr_line' id='line_1_38' title="bbox 119 3888 1249 3965; baseline 0.011 -29"><span class='ocrx_word' id='word_1_341' title='bbox 119 3902 188 3954; x_wconf 82' lang='lat' dir='ltr'>pers</span> <span class='ocrx_word' id='word_1_342' title='bbox 202 3889 329 3941; x_wconf 81' lang='lat' dir='ltr'>iellaitatc</span> <span class='ocrx_word' id='word_1_343' title='bbox 342 3892 481 3941; x_wconf 78' lang='lat' dir='ltr'>ambibunt’</span> <span class='ocrx_word' id='word_1_344' title='bbox 494 3892 634 3953; x_wconf 66' lang='lat' dir='ltr'>Solanea&#39;d„</span> <span class='ocrx_word' id='word_1_345' title='bbox 649 3900 774 3960; x_wconf 89' lang='lat' dir='ltr'>perpetua</span> <span class='ocrx_word' id='word_1_346' title='bbox 786 3894 858 3945; x_wconf 84' lang='lat' dir='ltr'>uitae</span> <span class='ocrx_word' id='word_1_347' title='bbox 873 3895 998 3946; x_wconf 78' lang='lat' dir='ltr'>felicitate</span> <span class='ocrx_word' id='word_1_348' title='bbox 1013 3895 1082 3960; x_wconf 78' lang='lat' dir='ltr'>det,</span> <span class='ocrx_word' id='word_1_349' title='bbox 1097 3900 1147 3963; x_wconf 73' lang='lat' dir='ltr'>qua*</span> <span class='ocrx_word' id='word_1_350' title='bbox 1157 3888 1249 3965; x_wconf 84' lang='lat' dir='ltr'>perpe-</span> 
     </span>
     <span class='ocr_line' id='line_1_39' title="bbox 124 3967 1249 4038; baseline 0.012 -23"><span class='ocrx_word' id='word_1_351' title='bbox 124 3973 206 4029; x_wconf 88' lang='lat' dir='ltr'>tuam,</span> <span class='ocrx_word' id='word_1_352' title='bbox 220 3967 261 4030; x_wconf 65' lang='grc' dir='ltr'>υς</span> <span class='ocrx_word' id='word_1_353' title='bbox 283 3967 436 4018; x_wconf 76' lang='lat' dir='ltr'>felicitatem</span> <span class='ocrx_word' id='word_1_354' title='bbox 449 3970 540 4035; x_wconf 67' lang='lat' dir='ltr'>onus.</span> <span class='ocrx_word' id='word_1_355' title='bbox 665 3972 697 4023; x_wconf 83' lang='lat' dir='ltr'>tt</span> <span class='ocrx_word' id='word_1_356' title='bbox 709 3972 860 4025; x_wconf 84' lang='lat' dir='ltr'>conlaturus</span> <span class='ocrx_word' id='word_1_357' title='bbox 879 3975 1025 4038; x_wconf 69' lang='lat' dir='ltr'>Annas.</span> <span class='ocrx_word' id='word_1_358' title='bbox 1149 3976 1249 4030; x_wconf 84' lang='lat' dir='ltr'>luieaet</span> 
     </span>
     <span class='ocr_line' id='line_1_40' title="bbox 123 4044 1248 4120; baseline 0.009 -24"><span class='ocrx_word' id='word_1_359' title='bbox 123 4044 222 4103; x_wconf 76' lang='lat' dir='ltr'>Ans,</span> <span class='ocrx_word' id='word_1_360' title='bbox 241 4052 312 4094; x_wconf 84' lang='lat' dir='ltr'>esset</span> <span class='ocrx_word' id='word_1_361' title='bbox 326 4047 348 4096; x_wconf 82' lang='lat' dir='ltr'><em>C</em></span> <span class='ocrx_word' id='word_1_362' title='bbox 358 4049 370 4095; x_wconf 82' lang='lat' dir='ltr'>t</span> <span class='ocrx_word' id='word_1_363' title='bbox 382 4045 447 4110; x_wconf 79' lang='lat' dir='ltr'>des</span> <span class='ocrx_word' id='word_1_364' title='bbox 459 4050 487 4094; x_wconf 88' lang='lat' dir='ltr'>et</span> <span class='ocrx_word' id='word_1_365' title='bbox 497 4062 550 4097; x_wconf 83' lang='lat' dir='ltr'>aee.</span> <span class='ocrx_word' id='word_1_366' title='bbox 564 4063 601 4098; x_wconf 84' lang='grc' dir='ltr'><strong>ιιι.</strong></span> <span class='ocrx_word' id='word_1_367' title='bbox 616 4048 648 4099; x_wconf 86' lang='lat' dir='ltr'>B.</span> <span class='ocrx_word' id='word_1_368' title='bbox 810 4053 1082 4120; x_wconf 80' lang='lat' dir='ltr'>repraesentaturam]</span> <span class='ocrx_word' id='word_1_369' title='bbox 1101 4068 1162 4105; x_wconf 84' lang='lat' dir='ltr'>etse</span> <span class='ocrx_word' id='word_1_370' title='bbox 1181 4055 1248 4107; x_wconf 75' lang='lat' dir='ltr'>add.</span> 
     </span>
     <span class='ocr_line' id='line_1_41' title="bbox 124 4122 1245 4198; baseline 0.008 -24"><span class='ocrx_word' id='word_1_371' title='bbox 124 4125 200 4174; x_wconf 69' lang='lat' dir='ltr'>‘mem</span> <span class='ocrx_word' id='word_1_372' title='bbox 214 4122 305 4172; x_wconf 60' lang='lat' dir='ltr'>multe*</span> <span class='ocrx_word' id='word_1_373' title='bbox 318 4129 410 4174; x_wconf 85' lang='lat' dir='ltr'>atace.</span> <span class='ocrx_word' id='word_1_374' title='bbox 423 4138 460 4173; x_wconf 83' lang='lat' dir='ltr'>m.</span> <span class='ocrx_word' id='word_1_375' title='bbox 471 4123 504 4174; x_wconf 85' lang='lat' dir='ltr'>B.</span> <span class='ocrx_word' id='word_1_376' title='bbox 593 4125 624 4178; x_wconf 83' lang='lat' dir='ltr'>tt</span> <span class='ocrx_word' id='word_1_377' title='bbox 637 4136 725 4180; x_wconf 84' lang='lat' dir='ltr'>castra</span> <span class='ocrx_word' id='word_1_378' title='bbox 736 4143 791 4179; x_wconf 86' lang='lat' dir='ltr'>om.</span> <span class='ocrx_word' id='word_1_379' title='bbox 805 4130 839 4180; x_wconf 80' lang='lat' dir='ltr'>A.</span> <span class='ocrx_word' id='word_1_380' title='bbox 931 4130 964 4184; x_wconf 72' lang='grc'>21</span> <span class='ocrx_word' id='word_1_381' title='bbox 979 4131 1082 4181; x_wconf 88' lang='lat' dir='ltr'>ualeret</span> <span class='ocrx_word' id='word_1_382' title='bbox 1093 4132 1180 4183; x_wconf 71' lang='lat' dir='ltr'>Aen</span> <span class='ocrx_word' id='word_1_383' title='bbox 1189 4133 1245 4198; x_wconf 74' lang='lat' dir='ltr'>(B),</span> 
     </span>
     <span class='ocr_line' id='line_1_42' title="bbox 124 4199 1244 4267; baseline 0.008 -16"><span class='ocrx_word' id='word_1_384' title='bbox 124 4199 370 4267; x_wconf 68' lang='lat' dir='ltr'>plnaualereteju</span> <span class='ocrx_word' id='word_1_385' title='bbox 383 4204 475 4251; x_wconf 78' lang='lat' dir='ltr'>staec.</span> <span class='ocrx_word' id='word_1_386' title='bbox 488 4215 525 4251; x_wconf 84' lang='lat' dir='ltr'>m.</span> <span class='ocrx_word' id='word_1_387' title='bbox 540 4201 573 4252; x_wconf 90' lang='lat' dir='ltr'>B.</span> <span class='ocrx_word' id='word_1_388' title='bbox 698 4205 801 4258; x_wconf 79' lang='lat' dir='ltr'>2&#39;leam</span> <span class='ocrx_word' id='word_1_389' title='bbox 814 4207 916 4259; x_wconf 54' lang='lat' dir='ltr'>ome.</span> <span class='ocrx_word' id='word_1_390' title='bbox 1078 4208 1244 4260; x_wconf 65' lang='lat' dir='ltr'>atombd.</span> 
     </span>
    </p>

    <p class='ocr_par' dir='ltr' id='par_1_15' title="bbox 231 4278 1169 4354">
     <span class='ocr_line' id='line_1_43' title="bbox 231 4278 1169 4354; baseline 0.007 -23"><span class='ocrx_word' id='word_1_391' title='bbox 231 4278 264 4331; x_wconf 71' lang='lat' dir='ltr'>‚tt</span> <span class='ocrx_word' id='word_1_392' title='bbox 276 4278 431 4346; x_wconf 87' lang='lat' dir='ltr'>praecipuae</span> <span class='ocrx_word' id='word_1_393' title='bbox 445 4294 504 4330; x_wconf 74' lang='lat' dir='ltr'>erem</span> <span class='ocrx_word' id='word_1_394' title='bbox 516 4285 619 4351; x_wconf 81' lang='lat' dir='ltr'>puncto</span> <span class='ocrx_word' id='word_1_395' title='bbox 631 4283 680 4333; x_wconf 78' lang='lat' dir='ltr'>aab</span> <span class='ocrx_word' id='word_1_396' title='bbox 692 4297 708 4333; x_wconf 88' lang='lat' dir='ltr'>a</span> <span class='ocrx_word' id='word_1_397' title='bbox 721 4283 753 4334; x_wconf 84' lang='lat' dir='ltr'>B.</span> <span class='ocrx_word' id='word_1_398' title='bbox 864 4284 897 4335; x_wconf 72' lang='grc'>15</span> <span class='ocrx_word' id='word_1_399' title='bbox 909 4285 970 4354; x_wconf 88' lang='lat' dir='ltr'>baa]</span> <span class='ocrx_word' id='word_1_400' title='bbox 984 4300 1015 4337; x_wconf 90' lang='lat' dir='ltr'>ac</span> <span class='ocrx_word' id='word_1_401' title='bbox 1027 4301 1064 4336; x_wconf 88' lang='grc' dir='ltr'><strong>ιιι.</strong></span> <span class='ocrx_word' id='word_1_402' title='bbox 1074 4301 1121 4353; x_wconf 78' lang='lat' dir='ltr'>pr.</span> <span class='ocrx_word' id='word_1_403' title='bbox 1134 4287 1169 4338; x_wconf 85' lang='lat' dir='ltr'>B.</span> 
     </span>
    </p>
   </div>
   <div class='ocr_carea' id='block_1_5' title="bbox 0 0 1350 4688">
    <p class='ocr_par' dir='ltr' id='par_1_16' title="bbox 0 0 1350 4688">
     <span class='ocr_line' id='line_1_44' title="bbox 0 0 1350 4688; baseline 0 0"><span class='ocrx_word' id='word_1_404' title='bbox 0 0 1350 4688; x_wconf 95' lang='lat' dir='ltr'> </span> 
     </span>
    </p>
   </div>
  </div>
 </body>
</html>
