2692 4688
454 143 960 256 commoneamur-21.
1256 189 1321 260 aro

144 364 183 429 lis
198 358 335 426 hostibus
350 360 462 424 nostris
486 359 556 425 inde
570 361 805 425 sumministrata
820 360 934 425 auxilia
949 360 1142 448 intellegebat
1163 370 1212 443 et,
1236 362 1263 428 ai
1277 362 1300 428 2

144 477 260 549 tenpus
276 462 348 527 anni
363 464 401 526 ad
416 461 523 528 bellum
539 465 702 548 gerentum
718 464 871 538 deficeret,
889 473 989 528 tamen
1005 485 1112 547 magno
1127 465 1184 529 sibi
1197 466 1265 531 usui

145 569 213 632 fore
227 564 441 644 arbitrabatur,
459 566 485 629 si
501 567 589 630 modo
604 567 730 629 insulam
747 566 861 630 adisset
876 576 906 630 et
921 586 1017 650 genus
1032 565 1182 632 bominum
1198 588 1265 652 per·

144 668 310 755 spuisset,
327 666 406 746 locu,
423 679 539 752 portus,
556 668 655 732 aditus
671 668 883 752 cognouisset3
901 690 976 753 quae
991 668 1266 737 omniafereGallis

108 786 125 837 s
147 782 234 838 erant
248 770 415 856 incognita.
461 768 569 854 Neque
583 770 663 835 enim
680 780 792 834 temere
808 780 928 854 praeter
942 781 1126 835 mercatores
1140 772 1192 837 illo
1206 774 1268 838 adit
1282 772 1303 839 3

146 874 315 959 qusquam
332 894 428 956 neque
443 873 483 937 iis
496 873 573 957 ipsis
587 872 743 959 quicquam
759 884 879 957 praeter
893 893 978 937 oram
986 873 1161 938 maritimam
1177 887 1267 960 atque

148 998 201 1042 eas
213 976 370 1060 regiones,
388 995 464 1058 quae
479 985 551 1039 sunt
564 985 671 1039 contra
686 973 813 1054 Gallias,
831 986 934 1039 notum
948 983 1006 1039 est.
1031 971 1136 1059 ltaque
1153 979 1267 1045 uocatis
1281 979 1304 1043 4

146 1081 183 1145 ed
198 1101 233 1145 se
247 1079 378 1161 undique
392 1078 608 1141 mercatoribus
624 1099 720 1160 neque
736 1089 845 1161 quanta
859 1088 941 1142 esset
954 1078 1070 1141 insulae
1082 1080 1266 1163 magnitudo,

148 1202 244 1265 neque
259 1203 336 1264 quae
357 1191 409 1245 ant
430 1191 559 1263 quantae
583 1179 722 1244 nationes
744 1181 930 1258 incolerent,
955 1202 1050 1263 neque
1072 1202 1158 1263 quem
1182 1204 1267 1247 nsum
1308 1228 1312 1235 ,

85 1297 124 1351 to
146 1284 218 1349 belli
232 1283 377 1348 baberent
389 1292 442 1345 aut
456 1281 563 1366 quibus
578 1283 725 1346 institutis
741 1293 915 1361 uterentur,
938 1304 1034 1365 neque
1049 1283 1099 1365 qui
1114 1296 1217 1348 essent
1230 1285 1268 1349 ad

149 1387 295 1451 maiorum
317 1385 439 1449 nauium
468 1386 684 1450 multitudinem
708 1385 808 1449 idonei
830 1396 954 1471 portus,
978 1386 1113 1468 reperire
1137 1397 1265 1470 poterat.

147 1489 198 1553 At
212 1489 286 1553 baec
302 1488 529 1573 cognoscenda,
547 1488 718 1571 priusquam
733 1487 875 1571 periclum
892 1489 1024 1565 laceret,
1046 1488 1186 1552 idoneum
1201 1510 1270 1555 esse
1284 1490 1324 1562 21

150 1590 311 1656 arbitratus
333 1588 440 1654 Gaium
458 1589 650 1657 Volusenum
671 1610 738 1653 oum
759 1591 832 1654 nani
854 1590 943 1674 longa
965 1590 1140 1674 praemittit.
1186 1589 1303 1659 liniet

150 1695 283 1772 mandet,
300 1703 334 1756 nt
347 1692 513 1777 exploratis
528 1692 665 1756 omnibus
681 1692 771 1756 rebus
786 1693 823 1755 all
838 1713 871 1756 se
887 1714 974 1774 quam
992 1693 1116 1776 primum
1131 1706 1267 1758 reuerta-

88 1809 126 1862 ta
150 1806 208 1861 tur.
238 1792 392 1881 ipserum
408 1794 544 1859 omnibus
560 1793 654 1877 copiis
669 1794 700 1857 in
714 1792 854 1858 Morinos
870 1793 1080 1878 proficiscitur,
1106 1795 1184 1876 quod
1199 1795 1304 1861 intlei

150 1908 218 1963 erat
230 1896 425 1963 breuissimus
440 1897 472 1960 in
486 1895 676 1960 Britanniam
692 1896 845 1960 traiectus.
892 1894 960 1960 Huc
975 1917 1068 1960 naues
1084 1897 1214 1980 utilique
1228 1897 1306 1963 cxl

149 1998 286 2065 finitimis
305 1999 478 2085 regionibus
501 2009 532 2062 et
550 2019 637 2082 qnam
660 1999 816 2081 superiore
831 2007 945 2061 aestate
960 1998 998 2061 ad
1013 1997 1191 2063 Veneticum
1207 1998 1269 2064 bel-

151 2105 215 2167 lum
232 2101 371 2181 ellncmt
383 2104 509 2167 classem
524 2101 605 2165 iubet
627 2099 803 2165 conuenire.
841 2095 964 2163 lnterim
988 2102 1114 2164 corrsilio
1138 2103 1203 2166 eius
1218 2100 1305 2167 oo-li

151 2205 238 2290 guito
253 2211 286 2268 et
299 2224 354 2287 per
366 2214 547 2269 mercatores
565 2203 678 2287 perlato
694 2203 731 2266 etl
741 2199 932 2265 Britannosa
948 2202 1137 2285 conpluribus
1154 2203 1271 2269 insulae

90 2321 128 2377 2⁰
151 2306 324 2373 ciuitatibus
339 2307 377 2371 ab
390 2328 458 2371 enm
473 2306 563 2389 legati
579 2305 716 2382 ueniunt,
734 2304 784 2387 qui
800 2304 998 2388 polliceantur
1009 2302 1129 2367 obsides
1140 2303 1212 2368 dare
1226 2315 1272 2368 ab·

154 2428 213 2493 que
226 2408 351 2492 imperio
365 2409 463 2493 populi
479 2407 609 2472 Romani
624 2406 842 2491 obtemperare.
882 2402 998 2488 Quibus
1013 2405 1124 2470 auditis
1139 2405 1271 2472 liberali·
1285 2406 1307 2472 6

154 2525 205 2577 ter
217 2511 364 2596 pollicitus
380 2512 588 2594 hortatusque,
606 2511 684 2573 utin
699 2530 733 2573 ea
750 2509 900 2573 sententia
916 2519 1137 2593 permanerent,
1154 2530 1208 2575 eos
1220 2511 1272 2575 tlo-

152 2636 232 2681 nunt
246 2615 375 2678 remittit
390 2624 421 2678 et
434 2635 500 2679 enm
515 2613 554 2676 iis
570 2634 629 2676 una
645 2609 824 2689 Commium,
842 2632 927 2696 quem
944 2613 1006 2695 ipse
1015 2611 1208 2678 Atrebatibus
1222 2634 1273 2678 sn·
1287 2613 1309 2678 7

154 2717 267 2803 peratis
280 2735 383 2801 rogem
398 2717 441 2780 ibi
456 2717 667 2792 constituerat,
684 2714 769 2778 euius
785 2725 816 2778 et
832 2715 971 2778 uirtutem
987 2725 1018 2778 et
1032 2713 1188 2777 consilium
1204 2736 1273 2798 pro·

97 2834 131 2889 25
152 2820 242 2886 babet
256 2830 289 2884 et
302 2840 390 2903 quem
405 2818 462 2882 sibi
479 2819 593 2882 fidelem
608 2838 677 2882 esse
698 2817 917 2895 arbitrabatur,
944 2816 1087 2897 cuiusque
1109 2814 1273 2878 auctoritas

153 2925 186 2990 in
201 2924 248 2990 bis
264 2920 440 3006 regionibns
463 2921 562 3006 magni
578 2919 758 2996 habebatur,
784 2919 886 2983 mittit.
933 2916 1011 2982 lluic
1033 2918 1176 3001 imperat,
1200 2915 1309 3000 qnas8

266 3166 279 3219 1
295 3165 501 3218 sumministrota
516 3163 547 3214 tt.
668 3164 685 3217 2
698 3162 833 3214 ‹lcleecrut
847 3162 894 3211 bc.
1031 3158 1046 3208 3
1061 3165 1086 3207 ct
1098 3172 1178 3222 geneis
1191 3159 1217 3209 A
1223 3157 1277 3210 ss

158 3241 314 3312 ‘prbriqrs'5
329 3258 421 3307 genus,
435 3245 534 3293 omme
547 3249 586 3306 et,
598 3242 673 3307 osu.
814 3240 883 3291 5iltn
898 3239 953 3289 odit
962 3241 1047 3304 pacet
1058 3238 1137 3302 dell„
1151 3238 1197 3289 illo
1210 3239 1277 3291 adiit

156 3320 315 3384 Ancora·
331 3320 397 3370 ‘uelit
408 3318 469 3370 illos
482 3319 528 3369 uel
537 3319 597 3370 illos
611 3319 666 3370 adit
680 3318 719 3382 b',
734 3318 790 3368 etit
803 3318 834 3367 od
848 3318 909 3368 illos
924 3317 1002 3382 eset
1014 3315 1117 3383 ‘forsan
1130 3316 1167 3367 tl'.

156 3400 173 3453 ὅ
185 3399 306 3467 requeis
316 3400 356 3463 E,
369 3414 452 3465 neque
465 3398 505 3449 bis
511 3399 542 3465 s.
640 3395 769 3450 lGallius
782 3397 839 3447 AB
850 3396 935 3447 ΟΜ)
946 3394 1001 3459 es,
1016 3392 1126 3445 Gallium
1139 3411 1167 3445 n.

156 3477 260 3529 noeafis
272 3476 329 3527 AB
339 3475 438 3538 CDE,
453 3474 571 3525 euocatis
584 3474 682 3539 obes.
804 3474 820 3523 8
834 3473 945 3537 undique
959 3486 1011 3521 orn.
1028 3472 1060 3522 C.
1200 3472 1229 3524 10
1242 3472 1276 3525 al

158 3557 284 3608 naborem
295 3554 334 3618 E,
348 3553 381 3604 ad
394 3554 500 3605 maioris
515 3554 560 3603 bc.
713 3552 741 3602 tt
759 3552 889 3616 nauigium
904 3551 956 3611 bc,
973 3549 1167 3615 nauigiornms.

266 3630 440 3682 multitudinis
455 3631 512 3681 ber
524 3634 560 3695 et,
573 3632 624 3696 qut
635 3644 705 3680 corr.
719 3644 771 3678 ree.
786 3644 822 3678 m.
837 3625 1023 3685 multitudines,
1029 3626 1057 3692 s.
1185 3642 1277 3695 reppe-

160 3707 206 3761 riri
217 3708 259 3772 A,
274 3707 386 3775 reperiri
400 3707 445 3759 bc.
553 3707 584 3759 12
596 3708 720 3775 periclum
733 3707 758 3756 A
770 3711 800 3756 et
810 3722 846 3757 m.
857 3721 903 3771 pr.
916 3707 950 3755 B.
1074 3703 1104 3754 lb
1118 3701 1209 3755 Gaium
1222 3707 1278 3757 AB

161 3788 264 3852 CM,
279 3784 372 3853 Usu.
480 3799 546 3837 naue
561 3786 585 3835 b.
697 3784 728 3835 tt
741 3791 770 3834 ut
784 3785 837 3836 BE
848 3783 908 3834 edd.
922 3786 986 3832 anta
999 3797 1032 3844 n,
1047 3780 1084 3830 nti
1098 3779 1275 3850 (An)?bsn.

268 3862 348 3915 rebus
360 3876 415 3913 om.
428 3862 465 3912 Β.
573 3861 603 3913 lb
617 3861 757 3912 britaniam
771 3861 804 3911 B.
913 3860 942 3911 18
956 3859 1055 3910 lecerat
1068 3858 1162 3923 eset,
1177 3859 1220 3909 ‘nt
1227 3876 1278 3926 pu-

160 3947 204 4007 to,
219 3939 305 3993 Μ’.
406 3940 437 3990 tt
451 3938 573 3989 britones
585 3939 617 3989 B.
723 3938 890 4005 conpluribus
904 3938 936 3988 B.
1046 3934 1149 3986 insula'e
1161 3934 1281 3989 BCDE

161 4015 320 4086 ‘pleriqus’,
334 4018 391 4069 eius
403 4017 505 4069 insulae
519 4017 584 4081 (Aa)
593 4019 666 4083 lja.
771 4016 804 4069 20
818 4017 1005 4084 pollicerentur
1018 4018 1075 4067 bre
1178 4017 1213 4070 22
1226 4016 1280 4083 pol·

160 4096 257 4149 licetur
271 4095 295 4144 b.
423 4109 468 4145 eos
482 4109 535 4162 orn.
549 4109 586 4145 m.
597 4109 643 4160 pr.
660 4094 691 4144 Γ.
824 4094 857 4147 23
871 4110 927 4144 curn
942 4094 974 4144 iis
985 4094 1011 4144 A
1018 4095 1043 4145 B
1053 4093 1075 4144 C
1083 4092 1154 4155 DE,
1168 4107 1224 4141 cum
1237 4090 1278 4143 bis

154 4178 208 4243 su.
347 4173 382 4224 25
395 4189 453 4223 esee
467 4188 520 4222 om.
534 4173 592 4224 Eu.
742 4174 775 4223 ‘bb
789 4173 828 4223 bis
844 4173 909 4238 As,
923 4173 973 4223 biis
986 4174 1024 4235 Ε,
1039 4173 1061 4222 is
1075 4172 1098 4222 B
1110 4171 1140 4222 C.

163 4252 248 4319 magri
262 4251 288 4304 A
296 4250 319 4302 B
329 4248 483 4314 Cb'ubee,
499 4265 589 4315 magna
595 4252 625 4316 s.

1067 4346 1132 4411 22*
