2684 4694
83 210 149 281 ast
476 200 606 270 nnbat
630 142 929 271 tttsl‘nrtttcttsts

107 382 128 447 3
143 382 227 458 dere,
244 376 323 461 quod
337 376 480 439 maiorem
493 386 609 462 partem
618 375 773 440 exereitus
781 376 909 440 tironem
920 374 1055 441 baberet.
1074 372 1143 440 Hae
1152 376 1280 446 litterae

143 482 338 547 uehementer
352 478 568 543 confirmabant
588 489 705 542 mentes
726 478 951 562 oppidanorum.
983 476 1030 544 lta
1051 477 1110 543 bac
1131 481 1278 565 opinione

143 585 239 649 lretus
254 593 319 646 tuto
334 602 369 645 se
385 582 487 645 lacere
503 600 592 665 posse
606 579 807 644 existimabat.
840 579 962 645 Etenim
976 592 1008 645 et
1023 592 1132 645 natura
1148 582 1210 648 loci
1225 584 1278 650 de·

108 687 131 750 t
146 685 323 751 lendebator
337 694 367 748 et
382 683 475 766 ipsius
491 682 589 766 oppidi
604 682 779 760 munitione,
798 682 847 746 nbi
863 694 962 748 castra
976 686 1152 749 constituta.
1178 684 1278 751 Nam·

147 809 204 871 quc
226 784 364 870 superius
385 785 656 849 demonstrauimus
675 784 742 847 loca
756 784 940 855 excellentia
961 788 1084 851 tumulis
1105 787 1274 868 contineri,
1296 801 1312 853 t

86 890 130 962 20
144 889 305 954 interuallo
328 887 456 971 planicie
478 887 587 965 diuiti,
612 887 641 950 id
665 887 742 970 quod
764 907 801 952 eo
823 888 927 952 incidit
942 898 1087 974 tempore.
1117 884 1278 957 Planicies

145 992 226 1056 inter
247 1001 372 1073 utraque
401 1000 501 1053 castra
528 989 732 1054 intercedebat
754 991 876 1054 circiter
897 990 979 1054 milia
1003 1011 1140 1072 passuum
1164 1000 1207 1068 V,
1242 1003 1279 1056 ut

145 1093 291 1177 'sensilia
299 1090 423 1176 Pompei
432 1091 547 1156 duabus
555 1092 787 1156 defenderentur
794 1092 897 1172 rebus,
915 1092 1022 1176 oppido
1038 1103 1069 1156 et
1082 1091 1198 1156 excelsi
1212 1091 1278 1156 loci

108 1194 263 1260 2natnra.
295 1191 375 1258 Hinc
395 1194 528 1279 dirigens
553 1194 691 1278 proxima
714 1194 858 1278 planicies
873 1194 1069 1278 aequabatur.
1100 1189 1197 1257 Cuius
1218 1193 1274 1258 de·

146 1318 267 1362 cursum
282 1295 479 1360 antecedebat
492 1298 588 1375 mnus,
606 1297 656 1380 qui
670 1298 708 1360 ad
723 1317 827 1361 eorum
839 1316 994 1360 accessum
1006 1317 1147 1360 summam
1160 1296 1276 1360 efficie·
1301 1307 1331 1361 tt

147 1398 199 1464 bat
212 1399 272 1463 loci
288 1399 492 1480 iniquitatem:
512 1419 579 1461 nam
596 1399 720 1483 palustri
736 1410 768 1464 et
783 1399 967 1483 uoraginoso
982 1398 1046 1462 solo
1061 1417 1188 1461 currens
1205 1409 1276 1462 erat

110 1499 183 1564 3ad
205 1502 354 1564 dextram.
387 1498 492 1583 ltaque
507 1496 642 1579 Caesar,
667 1522 734 1564 cam
757 1502 850 1566 aciem
873 1502 1014 1565 directam
1037 1499 1182 1576 uidisset,
1209 1521 1274 1564 non

146 1601 248 1665 babuit
263 1600 400 1678 dubium,
418 1603 489 1684 qnin
506 1603 601 1665 media
617 1602 745 1686 planicie
760 1604 793 1668 in
808 1624 933 1688 aequum
949 1603 986 1665 ad
1001 1601 1200 1665 dimicandum
1216 1602 1274 1664 ad·

107 1701 129 1767 4
144 1703 272 1767 uersarii
288 1704 497 1786 procederent.
530 1701 597 1766 Hoc
612 1715 679 1769 erat
693 1706 725 1769 in
740 1706 869 1770 omnium
884 1713 1052 1787 conspectu.
1085 1699 1155 1764 Huc
1177 1722 1275 1766 acce-

145 1804 252 1880 debat,
277 1816 310 1868 ut
325 1806 409 1869 locus
424 1805 474 1869 illa
490 1805 618 1889 planicie
633 1808 811 1891 aequitatem
828 1817 949 1871 ornaret
963 1805 1020 1869 diei
1034 1804 1167 1886 solisque
1183 1823 1274 1868 scre·
1299 1815 1330 1868 tt

145 1908 250 1986 nitate,
269 1918 301 1970 nt
315 1907 469 1970 mirificum
486 1919 518 1971 et
532 1911 693 1993 optandum
710 1921 825 1995 tempus
840 1928 931 1994 prope
946 1907 983 1972 ab
993 1907 1050 1970 diis
1059 1904 1272 1971 inmortalibus

108 2007 213 2072 billud
238 2009 378 2071 tributum
402 2020 485 2074 esset
506 2011 542 2074 ad
567 2014 712 2096 proelium
735 2012 989 2077 committendum.
1021 2006 1131 2073 Nostri
1147 2008 1268 2087 laetari,

145 2111 281 2176 nonnulli
296 2111 385 2175 etiam
402 2112 520 2192 timere,
538 2117 617 2198 quod
631 2116 663 2179 in
673 2137 740 2179 eum
753 2115 849 2179 locum
862 2134 915 2178 res
927 2116 1125 2194 fortunaeque
1136 2108 1268 2173 omnium

146 2214 382 2293 deducerentur,
407 2225 457 2293 ut,
484 2216 623 2299 quidquid
647 2228 714 2299 post
728 2218 830 2281 lroram
846 2237 934 2281 casus
949 2215 1114 2286 tribuisset,
1130 2210 1162 2274 in
1177 2210 1267 2274 dnbio

106 2314 128 2380 6
143 2328 316 2402 poneretur.
341 2313 445 2399 ltaque
460 2318 557 2381 nostri
572 2319 610 2381 ad
625 2319 820 2383 dimicandum
837 2320 1013 2402 procedunt,
1030 2316 1060 2379 id
1073 2313 1149 2397 quod
1161 2313 1270 2378 aduer·
1291 2323 1324 2380 21

143 2420 240 2482 sorios
257 2417 500 2482 existimabamus
516 2441 583 2484 esse
600 2422 750 2499 facturos3
775 2421 824 2503 qni
841 2431 940 2484 tamen
956 2442 974 2484 a
990 2418 1156 2483 munitione
1170 2415 1270 2499 oppidi

143 2519 260 2600 longius
276 2538 336 2580 non
352 2517 501 2582 audebant
515 2522 697 2604 procedere,
723 2524 792 2605 †in
807 2544 865 2605 quo
887 2521 943 2585 sibi
965 2541 1058 2605 prope
1075 2539 1193 2582 murum
1218 2517 1268 2580 ad-

105 2620 126 2684 7
142 2618 285 2684 uersariis
300 2619 535 2684 constituebant.
560 2620 665 2707 ltaque
681 2626 778 2689 nostri
794 2624 971 2710 procedunt.
997 2620 1152 2685 Interdum
1168 2619 1268 2702 aequi·

143 2734 189 2787 tas
211 2721 270 2785 loci
286 2720 476 2786 aduersarios
499 2724 695 2809 efflagitabat,
721 2738 754 2790 ut
775 2727 828 2791 tali
852 2725 1026 2790 condicione
1050 2722 1269 2786 contenderent

106 2824 370 2904 salutatoriam
394 2845 490 2908 neque
507 2837 605 2891 mmen
620 2829 662 2894 illi
678 2851 695 2893 a
712 2851 766 2894 sua
782 2829 995 2894 consuetudine
1011 2824 1219 2907 discedebant,
1237 2834 1270 2886 nt
1289 2833 1321 2885 25

253 3033 333 3084 iltuto
345 3049 374 3085 sc
388 3049 448 3100 ego,
458 3041 525 3085 totos
539 3049 556 3084 e
567 3036 617 3095 bo.¹
629 3043 710 3088 totum
721 3053 750 3091 ae
758 3053 786 3088 ιι.
893 3033 1123 3087 defendebanture
1132 3031 1157 3078 b.

146 3112 162 3161 1
175 3111 319 3161 constituta
332 3128 349 3161 ιι
361 3114 384 3174 b,
400 3113 491 3164 babuit
504 3115 647 3165 constituta
660 3130 688 3165 ιι.
829 3130 937 3182 namque
951 3129 1012 3179 ego,
1025 3125 1134 3176 namque
1148 3116 1177 3159 nt
1189 3106 1270 3159 codd.

253 3189 453 3254 isuperloribns
465 3206 483 3240 o
495 3207 519 3241 e.
643 3193 807 3244 biuterunllo
821 3209 870 3259 ego
884 3190 1062 3259 (interuallum
1076 3188 1137 3240 edd.
1153 3187 1272 3239 antedi·

141 3262 246 3330 priam)
254 3282 264 3326 ,-
275 3264 378 3315 interim
393 3265 489 3318 nullam
503 3283 520 3318 a
532 3283 555 3330 e,
564 3267 668 3321 interim
683 3272 709 3320 in
723 3270 769 3321 illo
783 3272 806 3335 b,
816 3271 920 3321 iuterim
933 3269 1005 3319 nulla
1019 3266 1078 3318 eod.
1087 3265 1150 3318 Vra.
1159 3264 1272 3330 Lipsius

145 3359 171 3394 ιι.
288 3343 398 3409 planicie
412 3345 427 3394 b
440 3361 463 3408 c,
478 3346 603 3412 planitias
616 3364 650 3410 e,-
664 3349 777 3414 planicia
791 3349 850 3400 cod.
865 3348 928 3401 Vre.
943 3362 970 3397 ιι.
1093 3343 1175 3394 diuidi
1188 3343 1273 3393 Pota-

144 3426 254 3487 ιιίιιιιιιι,
268 3422 362 3472 ι11ιιίι111
375 3421 416 3487 (ιι)
430 3424 445 3472 d
458 3439 482 3474 e.
591 3427 617 3476 id
628 3442 645 3476 ιι
660 3429 674 3478 b
687 3443 716 3490 ις
730 3429 776 3479 scd
789 3428 892 3478 ratione
906 3425 979 3476 nulla
991 3423 1090 3490 placuit
1103 3422 1187 3472 taceri
1201 3421 1228 3470 id
1242 3437 1270 3471 ιι.

249 3502 290 3552 llo
303 3517 326 3551 c.
339 3502 382 3563 29,
400 3502 410 3553 1
422 3505 479 3554 -b
492 3504 549 3555 uid.
563 3504 595 3554 Ρ.
609 3506 656 3559 211
673 3511 746 3556 extr.
760 3522 835 3572 seqq.
958 3502 1082 3569 planities
1096 3499 1140 3566 (ιι)
1153 3504 1183 3550 et
1194 3499 1272 3549 dein-

144 3592 214 3642 ceps.
320 3577 748 3648 lunamquamtrorumqued.
854 3579 1066 3632 circiterom.b.
1173 3573 1272 3626 st’om-

143 3655 185 3722 pei
197 3671 224 3706 ιι.
337 3656 428 3723 oppido
443 3664 470 3707 et
482 3658 581 3709 excelsi
594 3675 653 3724 ege,
668 3660 753 3727 oppidi
768 3660 867 3711 excelsi
881 3667 909 3710 et
921 3658 999 3709 codd·
1078 3655 1107 3707 ll
1122 3660 1197 3703 erant
1211 3669 1229 3702 a
1245 3657 1270 3705 b.

252 3732 284 3784 12
296 3732 431 3784 dexteram
444 3740 508 3786 ante
521 3751 592 3787 corr.
607 3753 632 3797 ιι,
646 3737 765 3788 dextrum
778 3737 882 3801 reliqui
893 3741 922 3786 et
934 3749 1006 3786 corr.
1019 3747 1046 3783 ιι.
1179 3727 1273 3793 itaque

143 3826 202 3876 ago,
217 3811 244 3861 id
258 3812 323 3877 quod
338 3813 415 3864 codd.
527 3816 558 3868 11
571 3815 619 3867 boe
632 3816 769 3868 accidebat
782 3832 799 3867 a
812 3821 839 3866 et
852 3817 900 3866 boc
913 3819 998 3866 etiam
1011 3814 1036 3864 l.
1149 3808 1181 3859 15
1196 3809 1272 3876 equi·

141 3898 222 3942 tatem
233 3891 256 3952 d,
267 3891 410 3955 equitatum
421 3891 532 3958 reliqui.
639 3894 691 3945 diei
701 3909 760 3960 ege,
771 3900 799 3944 et
808 3893 859 3943 diei
870 3892 948 3944 codd.
1052 3885 1198 3938 serenltate
1209 3901 1268 3951 ego,

141 3968 311 4019 serenitatem
325 3985 342 4018 ιι
355 3971 386 4034 1,·
401 3973 529 4022 serenitas
542 3971 631 4022 Aldus
644 3975 674 4022 ιἰι
687 3987 758 4024 corr.
773 3987 800 4022 ιι.
920 3971 951 4022 16
965 3969 1002 4037 et]
1016 3975 1073 4019 nte
1089 3968 1114 4017 b.
1231 3966 1270 4016 in·

140 4044 295 4095 mortalibus
306 4059 333 4094 ιι.
447 4046 477 4096 ts
492 4047 612 4112 quicquid
625 4063 653 4098 a.
764 4061 867 4111 causas,
881 4048 929 4098 sed
940 4061 1063 4112 cupreae.
1077 4057 1167 4107 casus,
1181 4058 1210 4104 ο,-
1224 4057 1269 4092 cu-

140 4140 185 4176 ras
199 4125 225 4175 b.
336 4124 366 4175 21
382 4125 474 4191 oppido
486 4141 502 4175 a
516 4142 539 4176 e.
645 4128 679 4178 22
692 4126 794 4190 lougius
807 4140 824 4175 a
838 4127 852 4175 b
865 4141 889 4189 e,
903 4125 974 4176 mille
989 4123 1109 4190 passibus
1124 4120 1227 4183 longius
1240 4136 1268 4171 ιι.

251 4200 411 4251 aduersariis
424 4216 441 4251 a
456 4203 480 4267 d,
496 4202 642 4253 aduersarii
655 4219 683 4255 ιι.
787 4203 821 4255 23
834 4208 899 4253 ante
911 4201 1106 4253 constituebant
1120 4215 1156 4249 ox
1170 4199 1186 4251 2
1198 4198 1268 4251 dett.

56 4280 57 4284 ’
140 4277 319 4345 proeliandum
331 4276 395 4328 add.
409 4292 437 4328 ιι.
549 4277 584 4331 25
600 4279 771 4333 discedebant
783 4280 891 4347 reliqui,
906 4279 1069 4332 decedebant
1081 4292 1152 4329 ιιιιιιι
1165 4274 1223 4327 det.
1239 4291 1268 4327 ιι.
