2692 4688
476 213 786 284 cervula-tt.
1216 211 1285 282 w

104 388 175 474 quid
202 410 243 453 ex
272 386 331 450 tuis
353 384 448 469 copiis
477 405 600 469 sperare
622 383 753 449 debeas'.
800 379 968 467 Postquam
992 381 1284 459 bneo.ceuturi046

105 490 259 577 praesenti
288 487 387 550 auimo
411 487 556 552 aduersus
578 487 749 571 opinionem
770 485 836 549 eius
857 496 905 549 est
926 484 1062 562 locutus,
1085 486 1133 550 ira
1159 509 1227 572 per·

103 595 181 658 citus
192 590 294 675 Scipio
310 601 398 672 atque
414 589 505 652 animi
517 590 618 654 dolore
633 590 775 653 incensus
790 587 897 652 anuuit
908 586 1146 666 centurionibus,
1158 589 1227 672 quid

104 694 170 758 lieri
191 693 300 768 uellet,
325 701 413 774 atque
436 703 506 755 ente
528 691 618 776 pedes
640 691 843 756 centurionem
866 688 1021 756 interfecit
1036 689 1228 774 reliquosque

66 809 83 860 a
108 807 270 860 ueteranos
286 817 305 859 a
319 794 466 858 tironibus
481 793 563 858 iubet
577 794 708 857 secerni.
738 792 900 857 ‘Abducitc
914 792 1014 871 istos',
1030 790 1138 877 iuquit,
1162 792 1263 858 ‘ue-2

103 898 181 962 lario
203 897 320 962 scelere
335 896 554 960 contaminatos
570 905 601 959 et
615 896 706 961 caede
722 895 832 977 ciuium
847 893 1024 979 saginatos’.
1069 891 1122 960 Sic
1137 905 1227 961 extre

103 999 215 1064 uallum
231 998 349 1062 deducti
364 1009 435 1062 snut
447 1008 477 1062 et
488 996 691 1062 cruciabiliter
703 996 866 1062 interlecti.
891 995 1023 1061 Tirones
1034 1008 1134 1061 nutem
1142 997 1228 1065 iubet
1242 998 1262 1064 3

103 1102 184 1166 iuter
201 1100 337 1184 legiones
359 1099 513 1183 dispertiri
534 1110 565 1162 et
579 1094 748 1164 Cominium
770 1121 837 1164 cum
851 1097 959 1164 Ticida
981 1098 1013 1161 iu
1035 1111 1226 1185 conspectum

103 1223 189 1267 suum
205 1201 342 1286 probibet
355 1202 473 1265 adduci.
515 1197 584 1282 Qua
599 1222 639 1266 ex
653 1223 688 1266 re
703 1199 819 1267 Caesar
832 1211 998 1267 commotus
1014 1221 1080 1280 eos,
1105 1223 1180 1286 quoa
1194 1203 1226 1270 in
1241 1205 1263 1269 4

47 1314 82 1367 to
104 1303 283 1369 stationibus
304 1324 371 1367 cum
394 1303 492 1389 longis
513 1304 639 1368 nauibus
657 1305 734 1388 opud
749 1301 902 1388 Thapsum
916 1303 1071 1386 custodiae
1086 1325 1180 1370 cause
1194 1305 1226 1370 in

103 1407 169 1470 salo
191 1425 261 1470 esse
281 1405 433 1481 iusserat,
458 1416 491 1469 ut
513 1406 576 1471 auis
597 1405 745 1471 onerariis
761 1405 918 1490 longisque
935 1405 1061 1470 nauibus
1077 1406 1244 1491 praesidio·

104 1519 221 1586 esseut,
237 1507 275 1571 ob
291 1506 509 1593 neglegentiam
523 1507 707 1592 ignominiae
722 1529 815 1573 causa
830 1507 1020 1573 dimittendos
1035 1508 1073 1575 ab
1088 1509 1227 1575 exercitu

103 1608 370 1693 grauissimumque
384 1611 416 1674 iu
431 1630 485 1675 eos
500 1611 629 1675 edietum
644 1612 868 1696 proponendum
883 1610 1011 1676 curauit.
1071 1671 1073 1676 ,
1127 1634 1131 1641 ·

187 1709 249 1776 Per
269 1711 299 1776 id
321 1723 437 1798 tempus
453 1713 517 1777 lere
533 1710 677 1779 Caesaris
692 1712 841 1778 exercitui
856 1733 906 1776 res
920 1713 1225 1789 acciditiucredibilis
1237 1713 1283 1785 47

48 1822 81 1877 rt
102 1811 215 1878 auditu.
233 1811 374 1899 Namque
390 1815 583 1901 uergiliarum
599 1815 687 1899 signo
703 1815 840 1879 conlecto
850 1813 971 1880 circiter
980 1814 1083 1899 uigilia
1092 1818 1224 1882 secuuda
1242 1874 1246 1879 .

103 1915 201 1979 noctis
222 1915 339 2001 nimbus
354 1938 420 1982 cum
436 1937 531 1981 saxea
545 1915 690 2000 grandine
705 1915 803 1978 subito
819 1927 863 1980 est
878 1928 1005 2001 exortas
1021 1917 1139 2002 ingens.
1176 1917 1262 1985 Ata

104 2015 161 2081 boc
175 2028 275 2083 nutem
290 2019 508 2085 incommodum
523 2027 714 2096 accesserat,
737 2018 814 2100 quod
831 2014 947 2083 Caesar
961 2041 1022 2084 nou
1036 2041 1121 2086 more
1137 2041 1226 2107 supe·

103 2118 216 2185 riorum
239 2131 405 2207 temporum
428 2122 459 2186 in
475 2119 607 2186 bibernis
622 2119 790 2183 exercitum
806 2119 997 2199 continebat,
1021 2122 1121 2185 sedin
1137 2125 1226 2188 tertio

102 2232 267 2306 quartoque
298 2224 346 2289 die
374 2225 564 2308 procedendo
593 2222 771 2307 propiusque
795 2220 910 2284 hostem
931 2223 1101 2287 accedendo
1123 2234 1224 2288 castre

44 2330 79 2386 tt
101 2324 338 2405 communiebat,
366 2346 515 2412 opereque
539 2324 675 2392 iaciendo
697 2323 804 2393 milites
826 2343 860 2387 se
883 2323 1141 2409 circumspiciendi
1162 2346 1224 2390 non

103 2424 254 2490 babebaut
267 2427 449 2493 facultatem.
476 2426 642 2495 Praeterea
657 2427 699 2492 ite
715 2448 753 2492 en
766 2422 872 2493 Sicilia
887 2425 1055 2493 exereitum
1072 2439 1224 2513 transpor·
1240 2427 1260 2493 3

104 2505 197 2606 tabiit,
216 2539 245 2593 ut
262 2539 381 2613 praeter
395 2530 489 2615 ipsum
504 2531 627 2596 militem
640 2541 671 2596 et
681 2551 765 2594 arma
777 2550 833 2594 nec
846 2550 899 2597 nas
915 2551 971 2596 uec
983 2530 1160 2616 mancipium
1169 2553 1224 2598 ne·
1269 2601 1272 2606 ,

101 2651 158 2713 qne
181 2632 270 2696 ullam
291 2652 375 2710 rem,
399 2654 475 2717 quas
497 2634 566 2698 usni
582 2633 666 2697 nuliti
683 2653 751 2698 esse
767 2634 942 2712 consueuit,
965 2633 996 2697 in
1012 2654 1106 2697 naues
1121 2635 1224 2718 iupoui

101 2744 266 2816 pateretur.
298 2731 334 2799 lu
349 2736 455 2802 Airica
478 2746 578 2800 eutem
602 2756 662 2800 nou
684 2735 770 2799 modo
793 2734 850 2799 sibi
872 2735 1029 2821 quicquam
1045 2756 1104 2799 non
1120 2735 1259 2817 adqui-4

43 2844 77 2902 tt
100 2835 214 2900 sieraut
233 2848 285 2901 aut
300 2849 492 2923 parauerunt,
515 2837 568 2903 sed
584 2837 674 2901 etiam
690 2823 813 2922 propter
828 2857 966 2901 annonae
981 2836 1137 2900 caritatem
1152 2846 1223 2901 ante

100 2948 184 3021 parta
199 2952 459 3023 consumpserant.
483 2937 599 3022 Quibus
615 2940 704 3006 rebus
713 2940 859 3006 attenuati
871 2938 976 3023 oppido
987 2958 1127 3021 perquam
1137 2937 1222 3023 pauci
1238 2939 1259 3004 b

100 3040 156 3103 sub
173 3041 297 3124 pellibus
313 3042 545 3125 acquiescebant
555 3067 564 3121 ς
575 3042 681 3126 reliqui
697 3061 737 3106 cx
752 3039 1124 3108 uestimentisteutoriolis
1136 3040 1223 3107 factis

100 3151 189 3223 atque
204 3142 399 3206 arundinibus
414 3143 570 3227 scopisque
586 3143 738 3207 contextis
753 3142 980 3226 permanebant.
1004 3138 1109 3226 ltaque
1121 3141 1257 3209 subitod

99 3243 195 3307 imbre
216 3243 419 3328 grandineque
443 3257 605 3321 consecuta
620 3245 754 3328 grauatis
770 3246 899 3331 pondere
915 3244 1053 3309 tentoriis
1068 3266 1222 3330 aquaeque

206 3350 277 3401 leat
288 3364 342 3400 om.
356 3365 383 3401 a.
488 3353 503 3402 l
518 3350 583 3401 uelit
596 3351 620 3401 b.
728 3348 865 3401 interiecit
876 3365 893 3400 a
908 3350 932 3415 b,
950 3348 1113 3400 interlleitu.

98 3427 113 3478 5
127 3425 191 3476 istos
205 3428 291 3493 inquid
304 3444 332 3492 a,
346 3429 430 3496 inquit
443 3429 508 3481 istos
521 3429 581 3480 edd.
686 3427 702 3478 d
715 3428 780 3478 cede
792 3442 819 3480 a.
926 3425 1139 3490 tanessltgenttee
1151 3424 1224 3490 igue·

98 3503 397 3568 miniaequeceusamb.
515 3506 716 3560 ltexercitnc.
831 3506 988 3558 liuditub.
1098 3504 1223 3567 nerpilit·

98 3599 154 3634 rum
168 3598 194 3644 a,
209 3583 373 3647 uirgiliernm
385 3600 414 3634 ιι.
530 3586 563 3638 18
575 3593 718 3650 tempora·
733 3581 930 3648 Gluudcrpa'us,
946 3584 1128 3649 imperatorum
1142 3583 1220 3633 codd.

207 3664 240 3718 20
253 3663 425 3715 eommunibat
440 3680 457 3714 c
472 3665 497 3716 b.
617 3663 649 3715 ll
665 3662 779 3713 babebat
791 3677 818 3712 a.
935 3660 973 3711 ite
985 3675 1037 3710 om.
1053 3674 1071 3709 o
1086 3661 1111 3709 d.

98 3740 294 3808 transportabat
306 3756 322 3790 a
333 3742 357 3804 b,
372 3747 600 3807 transportenernt
613 3755 640 3790 u.
773 3737 863 3793 22nee
876 3753 923 3788 aaa
936 3751 984 3787 aee
1008 3751 1025 3786 a
1039 3735 1063 3798 b,
1079 3750 1162 3801 neque
1175 3750 1222 3787 aas
1243 3753 1245 3758 ·

98 3834 223 3884 aequem.
334 3821 367 3872 23
381 3820 439 3869 usui
453 3818 495 3885 (a)
508 3821 532 3884 b,
547 3834 597 3870 usu
609 3834 638 3869 u.
742 3817 870 3883 iupouia.
973 3813 1222 3872 tlblriearnabe

98 3896 194 3948 tuate
306 3897 462 3950 eibiom.b.
575 3895 922 3964 quinquennnoaquioq.
1033 3892 1219 3951 nouom.'ab.

206 3977 387 4042 adquisierant
400 3992 426 4026 a.
544 3977 661 4043 2bpnrta
673 3991 690 4026 a
703 3991 717 4026 c
729 3976 746 4030 2
758 3975 840 4040 uate,
855 3980 946 4042 perata
958 3989 991 4025 u.»
1103 3988 1179 4042 quem
1193 3976 1218 4026 b.

203 4053 236 4106 at
247 4052 451 4119 adquieseobaut
460 4067 488 4102 a.
592 4051 769 4117 28soopisque
782 4065 806 4115 c,
816 4051 950 4118 eopiieque
962 4065 980 4101 ιι
990 4050 1015 4102 d.
1118 4052 1152 4104 29
1161 4065 1220 4115 gra·

96 4133 166 4183 natis
180 4132 407 4199 Oudendorpc'm5
423 4131 527 4196 granati
539 4130 650 4196 reliqui,
664 4136 773 4193 granata
786 4145 803 4180 a
816 4145 840 4179 c.
950 4129 1071 4182 tentoriis
1087 4129 1165 4194 dud,
1182 4136 1220 4179 te·

98 4207 185 4259 nebris
198 4209 275 4260 codd.
382 4223 516 4276 aquaeque
529 4221 579 4274 ago
587 4226 597 4269 a
609 4221 727 4275 aquaque
740 4207 850 4277 reliqui,
864 4221 1007 4276 aquamque
1019 4222 1059 4257 ac
1071 4207 1219 4272 (equarum-

98 4288 253 4355 quelled).

131 4383 224 4441 Caesar,
234 4383 269 4430 ed.
285 4384 393 4446 Nipperd.
1031 4367 1078 4436 “k
