2692 4688
73 200 140 270 116
246 219 250 232 ’
503 192 562 263 llll
584 191 729 263 ussto
751 189 887 262 ctvtu
935 242 937 247 ·

98 373 246 439 dterram
263 366 364 451 attigit
384 363 620 439 Germiuiorum.
660 363 745 431 Saxa
766 365 848 429 inter
865 374 898 429 et
920 364 978 430 ulia
1000 364 1065 429 loca
1087 365 1257 449 periculosa

135 475 264 558 quietam
281 480 387 536 nactus
401 469 563 533 stationem
579 479 610 533 et
625 481 729 553 portus
743 489 848 535 omnes
864 468 992 543 timeas,
1010 469 1087 551 quod
1104 471 1203 533 teneri
1218 471 1256 534 ab

135 573 319 638 aduersariis
335 570 567 649 arbitrabantur,
584 571 620 634 ad
637 591 703 635 eum
719 572 830 649 losum,
847 573 895 653 qui
912 571 1114 656 appellabatur
1128 569 1257 654 †Pbaa·

134 678 230 754 salia,
255 674 391 744 omuibus
415 673 540 737 nauibus
562 673 600 736 ad
623 694 710 736 unam
739 673 937 738 incolumibus
966 673 1078 737 milites
1101 675 1254 758 exposuit.

97 781 120 852 'i
135 776 235 845 Erant
248 773 333 842 Orici
358 772 520 839 Lucretius
535 772 671 859 Vespillo
692 786 723 838 et
738 773 890 842 Minucius
905 774 1004 841 Ruina
1026 796 1092 840 cura
1108 776 1255 842 Asiaticis
1276 791 1293 842 5

134 880 261 946 nauibus
275 889 377 955 xvsti,
395 880 502 961 quibus
517 878 600 942 iussu
618 876 656 941 l).
673 874 772 950 Laelii
788 888 966 962 praeerant,
983 874 1029 941 bl.
1047 875 1174 943 Bibulus
1190 901 1258 943 cum

98 983 120 1051 2
136 981 261 1047 nauibus
276 991 324 1055 cx
338 976 505 1066 Corcyrae.
538 977 601 1044 b'cd
617 1000 713 1063 neque
727 979 771 1043 illi
786 979 843 1045 sibi
859 980 964 1044 conlisi
979 1002 1019 1043 ax
1036 993 1123 1065 portu
1135 983 1256 1067 prodita

134 1095 207 1150 suut
221 1083 306 1157 ausi,
332 1103 397 1147 cunr
414 1079 531 1154 Caesar
552 1083 674 1146 omuino
688 1093 739 1146 xtt
753 1103 849 1147 naues
864 1083 969 1166 longas
985 1085 1133 1166 praesidio
1150 1084 1256 1148 duxis-

98 1185 120 1251 3
135 1197 194 1263 sat,
211 1186 243 1249 iu
258 1185 363 1269 quibus
379 1196 468 1249 eraut
482 1195 656 1253 constratae
671 1194 731 1263 titt,
753 1205 850 1269 usqae
865 1183 991 1249 bibulus
1005 1186 1155 1271 impeditis
1170 1187 1256 1251 naui·

135 1287 192 1352 bus
208 1287 408 1372 dispersisque
423 1287 586 1380 remigibus
601 1287 675 1358 satis
697 1299 815 1357 maturo
837 1287 990 1366 occurrit,
1014 1288 1090 1371 quud
1113 1288 1195 1373 prius
1218 1290 1254 1352 sd
1282 1298 1314 1353 ts

134 1391 339 1467 cuntuscutcm
356 1389 440 1454 uisas
455 1401 502 1454 est
514 1387 641 1469 Caesar,
659 1410 747 1473 quam
762 1391 799 1454 de
813 1390 878 1454 eius
893 1390 1023 1453 aduentu
1040 1391 1117 1453 lama
1133 1392 1256 1456 omniuo

100 1493 166 1564 8in
183 1514 236 1557 cas
251 1492 391 1574 regiones
406 1495 600 1576 perferretur.
639 1489 799 1575 Expositis
815 1491 956 1556 militibus
972 1513 1066 1555 naues
1081 1493 1182 1556 eadem
1200 1514 1255 1557 no·

136 1605 184 1663 cte
199 1592 392 1667 Brundisium
407 1614 425 1669 a
441 1590 575 1660 Caesare
591 1596 802 1672 remittuntur,
826 1604 861 1658 ut
874 1595 1006 1676 reliquae
1021 1593 1153 1676 legiones
1170 1594 1254 1677 equi-

98 1695 274 1780 2tatusque
291 1697 486 1780 baasportari
503 1707 638 1780 possent.
670 1695 748 1761 lluie
764 1696 857 1761 allicio
873 1695 1060 1780 praepositus
1075 1693 1252 1759 eratFulins

135 1795 269 1864 Calenum
285 1800 411 1883 legatus,
429 1798 478 1884 qni
494 1798 678 1874 celeritatem
693 1800 725 1863 in
740 1799 979 1883 transportandis
993 1794 1158 1881 legionibus
1169 1798 1255 1861 adbi·
1281 1809 1314 1863 tt

135 1899 231 1965 buret
262 1898 322 1965 Sed
345 1888 442 1964 serias
464 1922 482 1976 a
505 1911 585 1965 terra
608 1913 769 1986 prouectas
793 1923 886 1967 naues
910 1920 1006 1985 neque
1022 1919 1092 1964 usac
1107 1911 1255 1963 nocturna

100 2000 208 2077 daura
226 2004 256 2067 in
271 2003 423 2075 redeundo
439 2002 638 2078 offenderunt.
678 2003 802 2069 bibulus
818 2005 896 2073 eninr
912 2001 1066 2089 Corcyrae
1082 2002 1194 2066 certior
1210 2003 1254 2065 la·

136 2114 203 2177 otus
231 2105 267 2177 de
289 2107 418 2181 aduentu
434 2103 577 2172 Caesaris
592 2127 717 2190 sperans
733 2108 822 2171 alicui
838 2128 872 2171 se
888 2107 965 2190 parti
979 2116 1152 2169 onustarum
1169 2105 1253 2168 uani·

136 2226 365 2283 umuocumere
387 2230 475 2293 posse
498 2208 635 2273 iuuenibus
658 2211 793 2274 occurrit
813 2220 844 2273 et
866 2219 971 2273 nactus
994 2208 1116 2272 circiter
1129 2216 1207 2270 m
1221 2207 1252 2269 in

135 2330 188 2380 eas
204 2311 408 2396 indiligentiae
430 2332 503 2382 suae
525 2331 560 2373 ao
583 2312 695 2376 doloris
717 2312 902 2377 iracundiam
918 2312 1018 2396 erupit
1032 2330 1194 2392 omnesque
1209 2306 1255 2372 in·
1276 2316 1309 2375 11

135 2414 236 2476 cendit
258 2416 420 2496 eodemque
443 2416 513 2497 igne
536 2423 642 2477 nantas
663 2414 858 2498 dominosque
881 2415 1002 2478 nauium
1026 2412 1177 2477 interiecit
1193 2432 1253 2476 ma-

5 2574 8 2591 ,
99 2513 288 2597 lguitndine
304 2534 417 2597 poenae
440 2516 570 2598 reliquos
592 2516 699 2578 terreri
715 2536 851 2599 sperans.
884 2514 952 2580 Hoc
973 2518 1110 2580 conlecto
1133 2515 1254 2600 negotio

135 2634 152 2677 a
171 2611 290 2679 Salonis
306 2617 343 2679 ad
359 2612 481 2693 Oricum
497 2629 619 2702 portus,
637 2617 783 2682 stationes
799 2618 944 2701 litoraque
960 2618 1060 2682 omnia
1075 2619 1164 2702 longe
1179 2617 1254 2680 late·

134 2737 190 2801 qus
206 2718 352 2793 classibus
366 2722 525 2804 occupauit
539 2721 744 2805 custodiisque
760 2721 930 2806 diligentiis
944 2720 1094 2803 dispositis
1111 2719 1174 2801 ipse
1185 2740 1256 2802 gra·

135 2812 257 2896 sissima
287 2822 383 2887 bieme
412 2825 443 2892 in
472 2824 598 2895 nauibus
628 2823 781 2896 excubans
809 2843 905 2903 neque
937 2822 1027 2883 ullum
1049 2821 1180 2885 laborem
1204 2832 1257 2884 aut
1278 2830 1312 2884 11

133 2944 242 3002 munus
274 2926 457 3011 despiciens,
493 2948 531 3004 ue
557 2928 634 3014 quod
668 2926 828 2990 subsidium
860 2923 1031 3006 expectanti
1064 2918 1188 2984 Caesari
1223 2923 1254 2986 in

246 3030 255 3082 l
272 3029 461 3082 Germiniurum
474 3031 571 3096 abed,
586 3031 771 3082 Cerauniorum
785 3045 811 3079 u.
825 3029 856 3079 P.
874 3028 930 3081 tos.
1035 3028 1052 3079 2
1066 3028 1185 3075 timentes
1200 3028 1253 3076 ab.

243 3111 310 3175 quod
323 3126 341 3160 u
350 3112 364 3161 d
373 3111 399 3179 d,
414 3126 478 3178 qnos
490 3127 518 3162 a.
620 3110 636 3162 3
649 3109 844 3161 arbitrabantur
855 3122 872 3158 a
882 3107 911 3170 a,
926 3104 1103 3158 arbitrabatur
1116 3120 1142 3154 u.

134 3184 316 3251 appellabatur
328 3203 344 3238 a
354 3188 379 3255 d,
393 3188 542 3255 appellatur
553 3203 581 3239 a.
696 3185 715 3255 †
729 3185 862 3236 Pharsalia
875 3185 905 3234 Ρ.
922 3184 980 3235 lili.
1097 3183 1110 3240 5
1125 3188 1200 3231 eraut
1213 3181 1254 3245 (u)

136 3256 160 3324 1)
176 3268 234 3310 erat
247 3276 273 3311 u.
408 3262 523 3333 Vespillo
538 3261 730 3328 Glandorpius,
745 3261 853 3327 bispillu
865 3277 883 3317 a
897 3262 970 3310 ‘msa
982 3259 1109 3325 plerique
1122 3264 1148 3308 et
1162 3259 1255 3309 meliu-

132 3338 194 3391 ras'.
283 3336 409 3392 Minatias
422 3358 448 3408 ι,
543 3345 710 3410 dprseeraat
721 3342 751 3392 P.
767 3341 917 3402 Manutius,
933 3347 1053 3405 praeerat
1067 3339 1144 3390 codd.

133 3419 148 3472 7
162 3419 202 3470 illi
215 3420 354 3479 Iurr'ns’aa‚·
374 3437 411 3474 nu
425 3438 441 3471 a
451 3423 499 3486 dc,
521 3426 586 3473 usd’'
598 3421 652 3484 ὼς
673 3421 690 3470 ii
704 3437 731 3470 u.
876 3418 1054 3468 bouustrutae
1068 3433 1106 3467 rus
1120 3415 1253 3477 Vrss'nns5

136 3503 303 3556 constructae
316 3492 356 3547 tttt
369 3513 404 3548 ce
417 3503 452 3563 at,
467 3504 518 3566 gud
528 3501 583 3563 ille,
597 3499 638 3549 aa
651 3503 694 3562 st,
709 3501 759 3566 pus·
770 3497 840 3560 ilisa,
855 3496 883 3547 d.
1021 3496 1213 3562 impedimentis
1225 3510 1252 3544 a.

245 3575 379 3640 llususn.
471 3577 640 3644 l2eas1eius
655 3578 680 3629 d.
769 3573 977 3641 ldl‘ullus(a)c‚
992 3572 1144 3638 Fusiusdbt.

136 3652 167 3705 lb
181 3653 293 3705 Calenus
307 3657 346 3722 (u)
363 3651 480 3721 ‘omnus'‚
496 3655 613 3707 lisleuas
628 3671 655 3706 ar.
764 3654 794 3704 ld
807 3652 941 3720 prolectas
956 3652 980 3702 b.
1095 3650 1125 3701 ll
1139 3649 1254 3714 Corrpre

133 3746 160 3791 tt·
263 3735 295 3784 to
310 3733 490 3798 indiligentiae
504 3734 563 3784 cod.
577 3733 682 3796 Vrsini,
698 3730 849 3794 diligentiae
863 3728 972 3794 reliqui.
1093 3726 1254 3777 iracundiam

132 3808 265 3875 disdraus,
280 3812 415 3861 iracundia
429 3809 505 3860 codd.
625 3810 654 3860 2l
672 3807 795 3858 interfluit
808 3821 830 3856 o.
949 3804 983 3855 22
997 3803 1090 3854 terreri
1104 3804 1152 3864 ab,
1169 3803 1256 3852 deter-

133 3886 185 3935 reri
199 3902 228 3947 e,·
244 3888 379 3938 deterrere
394 3904 419 3938 u.
542 3887 576 3940 13
590 3887 698 3938 Sasonis
713 3886 784 3938 bad.
919 3884 951 3935 sd
966 3882 1069 3934 Oricum
1084 3890 1174 3949 portus
1187 3897 1255 3947 ego,-

133 3962 165 4012 sd
179 3961 250 4014 Orici
265 3974 364 4030 portum
379 3966 466 4029 codd,
481 3965 528 4016 sad
541 3965 628 4016 Coriei
641 3965 712 4029 aad,
728 3964 823 4033 Coryci
837 3963 860 4013 b.
875 3963 905 4015 Ρ.
922 3964 980 4015 lbi.
1101 3962 1256 4027 littoresqne

134 4057 193 4091 cum
206 4055 222 4090 s
235 4057 316 4106 super
328 4059 357 4093 es
371 4058 397 4092 a.
537 4044 570 4097 2t
583 4043 734 4108 disposnltis
747 4048 812 4092 unta
826 4056 896 4093 corr.
911 4055 938 4091 a.
1076 4042 1109 4092 25
1123 4041 1213 4107 hyeme
1226 4054 1252 4090 a.

242 4122 374 4173 excubans
387 4138 404 4173 u
416 4124 587 4186 ‘maiestatem
601 4125 794 4176 sr'Vossa‘unnm
804 4119 946 4188 ascriptas'5
963 4121 1144 4172 escnbabstu.

131 4201 165 4253 sd
179 4215 210 4251 ua
224 4200 290 4266 quod
306 4199 523 4266 Oudendorps'us,
538 4216 621 4267 seque
635 4200 712 4253 codd.
870 4199 1018 4266 aspectanti
1032 4198 1139 4249 Caesari
1154 4200 1178 4249 ia
1193 4213 1251 4264 egr,

131 4286 286 4345 ssspectsus
300 4278 321 4329 sl
335 4276 361 4329 iu
375 4278 497 4329 Caesaris
511 4277 588 4328 codd.
602 4278 673 4346 (esp.
687 4281 727 4343 a).
