2692 4688
83 203 146 273 384
480 197 537 265 ΒΕ
561 198 704 267 BELLO
727 196 919 267 euthico

141 376 213 439 item
234 392 289 458 per
309 369 462 434 Treueros
484 371 606 436 uenisse
629 370 789 437 Germanis
816 372 848 436 iu
876 371 1037 437 amicitiam
1061 382 1256 456 cognouerat.

105 476 125 542 5
143 476 223 541 llaec
240 474 323 558 prius
338 473 380 536 illi
404 473 586 538 detrahenda
601 474 714 540 auxilia
730 474 944 553 existimabat,
967 496 1053 558 quam
1069 475 1166 560 ipsum
1179 475 1258 541 bello

139 580 316 654 lacesseret,
333 596 371 639 ue
387 577 541 659 desperata
556 577 653 640 salute
668 588 721 641 aut
735 599 769 641 se
784 575 980 660 inlllenapios
996 576 1120 641 abderet
1133 587 1260 643 autcum

104 679 126 745 u
141 677 387 745 Transrhenanis
404 679 546 762 congredi
556 690 727 763 cogeretur.
748 677 815 742 lloc
829 680 904 743 inito
921 681 1047 744 consilio
1063 679 1155 747 totius
1172 700 1261 744 exer·

141 783 218 847 citus
232 781 445 866 impedimenta
459 780 496 843 ad
512 778 677 844 Labienum
694 782 725 844 iu
742 781 896 845 'l'reueros
913 782 1003 846 mittit
1017 782 1152 864 duasque
1165 782 1261 866 legio-
1282 794 1298 844 t

139 905 194 949 nes
210 884 327 947 adeum
343 883 488 967 proficisci
503 884 604 961 iubet,
621 884 686 968 ipse
702 905 767 947 cum
784 883 952 967 legionibus
967 883 1116 968 expeditis
1132 884 1265 967 quinque

104 986 174 1053 iio
187 984 347 1070 Menapios
369 985 579 1069 proficiscitur.
624 983 672 1050 Illi
696 986 776 1050 nulla
800 997 903 1049 coacta
923 1007 1014 1049 mauu
1037 984 1094 1049 loci
1111 986 1262 1070 praesidio

142 1089 211 1154 lreti
234 1089 265 1152 iu
287 1086 380 1151 siluas
402 1086 581 1171 paludesque
612 1088 788 1173 confugiunt
814 1108 928 1171 suaque
955 1088 1059 1152 eodem
1090 1088 1260 1152 couleruut.

106 1188 261 1261 dCuesar
282 1190 401 1274 partitis
424 1191 517 1274 copiis
540 1212 606 1254 cum
631 1190 708 1255 (laio
723 1187 817 1253 Fabio
841 1192 942 1273 legato
965 1200 996 1253 et
1016 1187 1124 1254 Marco
1147 1184 1264 1255 Crasso

143 1303 306 1378 quaestore
329 1292 526 1376 celeriterque
549 1294 663 1357 ellectis
685 1294 825 1377 pontibus
846 1293 909 1357 adit
931 1292 1101 1376 tripertito,
1127 1293 1265 1359 aedilicia
1287 1302 1320 1357 tu

86 1474 89 1483 Ι
142 1397 283 1478 uicosque
299 1395 449 1472 incendit,
472 1416 579 1480 magno
595 1395 711 1478 pecoris
726 1406 815 1478 atque
831 1393 980 1458 homiuum
997 1414 1122 1459 numero
1136 1388 1275 1480 potitur.

106 1499 127 1564 2
144 1495 260 1579 Quibus
275 1498 366 1560 rebus
382 1497 479 1560 coacti
494 1494 627 1580 Menapii
644 1497 759 1579 legatos
776 1498 813 1560 ad
829 1518 896 1561 eum
912 1497 993 1582 pacis
1009 1498 1156 1581 petendae
1170 1516 1264 1562 causa

107 1601 127 1666 3
144 1601 275 1663 mittunt.
291 1595 346 1663 Ille
361 1598 512 1662 obsidibus
526 1599 657 1684 acceptis
673 1599 800 1662 bostium
817 1620 850 1663 se
867 1600 1035 1663 habiturum
1051 1620 1175 1663 numero
1190 1619 1263 1663 cou-

144 1704 253 1780 firmat,
271 1703 296 1764 si
313 1700 575 1785 autdmbiorigem
587 1712 638 1765 aut
652 1702 716 1766 eius
731 1701 846 1787 legatos
863 1703 969 1766 finibus
985 1703 1047 1766 suis
1062 1701 1260 1786 recepissent.

107 1805 127 1868 l
145 1802 200 1867 llis
216 1804 399 1868 coulirmatis
415 1802 505 1867 rebus
520 1799 687 1869 Commium
703 1804 880 1869 Atrebatem
900 1827 966 1868 cum
981 1806 1115 1888 equitatu
1130 1803 1265 1869 custodis
1287 1813 1319 1867 tu

144 1907 211 1970 loco
226 1906 257 1969 in
272 1904 423 1991 Menapiis
439 1906 599 1989 relinquit;
615 1908 679 1992 ipse
694 1908 725 1971 in
739 1904 894 1971 Treueros
909 1906 1120 1990 proficiscitur.

107 2010 129 2081 7
230 2005 309 2072 Dum
325 2007 400 2072 baec
414 2030 431 2072 a
448 2004 581 2073 Caesare
596 2020 759 2095 geruntur,
776 2007 907 2074 Treueri
922 2010 1038 2094 maguis
1053 2008 1167 2073 coactis
1183 2007 1266 2092 pedi·

144 2122 225 2176 tatus
240 2109 448 2194 equitatusque
464 2112 556 2195 copiis
573 2110 740 2176 Labienum
756 2133 821 2174 cum
839 2132 899 2175 uua
914 2110 1049 2197 legione,
1072 2130 1149 2194 quac
1163 2109 1195 2174 iu
1211 2129 1265 2174 eo·

107 2214 209 2281 2rum
226 2213 333 2277 linibus
349 2212 545 2294 biemaucrat,
563 2214 674 2278 adoriri
691 2213 854 2299 parabant,
878 2213 996 2296 iamque
1017 2213 1104 2277 abeo
1120 2231 1178 2274 uou
1194 2211 1263 2275 lou·

145 2317 211 2400 gius
228 2315 307 2379 bidui
324 2317 372 2379 uia
387 2315 529 2395 aberent,
554 2339 619 2380 cum
635 2316 708 2380 duas
725 2316 844 2380 uenisse
860 2314 995 2399 legiones
1010 2316 1102 2379 missu
1116 2308 1263 2381 Caesaris
1285 2325 1322 2378 tu

109 2416 129 2482 3
146 2428 343 2502 cognoscunt.
375 2415 487 2481 Positis
503 2420 610 2482 castris
625 2439 643 2482 a
659 2418 778 2481 utilibus
794 2438 933 2500 passuum
949 2427 998 2480 XV
1013 2414 1265 2482 auxiliaGerma·

110 2517 131 2582 4
147 2540 252 2582 uorum
269 2529 430 2604 expectare
446 2521 644 2584 constituunt.
691 2519 843 2584 Labienus
860 2519 986 2583 hostium
1002 2520 1123 2603 cognito
1137 2519 1264 2585 consilio

146 2641 272 2705 sperans
288 2622 456 2686 temeritate
472 2643 576 2687 eorum
592 2625 657 2687 lore
672 2623 797 2706 aliquam
814 2622 973 2686 dimicandi
991 2622 1162 2687 facultatem
1178 2643 1266 2707 prae·

146 2723 222 2787 sidio
237 2724 366 2807 quinque
388 2724 553 2789 cohortium
579 2726 794 2810 impedimentis
810 2726 915 2789 relicto
931 2746 996 2788 cum
1014 2725 1120 2808 uiginti
1134 2725 1267 2808 quinque

146 2826 317 2891 cohortibus
343 2848 509 2912 magnoque
524 2829 657 2910 equitatu
673 2839 776 2891 contra
792 2829 908 2892 hostem
925 2827 1125 2912 proficiscitur
1139 2837 1173 2890 et
1187 2826 1268 2892 mille
1287 2836 1321 2889 tt

109 2925 284 3013 bpassuum
306 2929 480 2993 intermisso
503 2931 599 3016 spatio
621 2942 719 2994 eastra
743 2931 917 2994 communit.
963 2927 1039 2993 Erat
1058 2928 1138 2992 iuter
1154 2924 1265 2993 Labie·

146 3052 214 3093 uum
231 3040 320 3115 atque
336 3032 566 3096 hostemdifficili
584 3033 710 3096 transitu
728 3033 835 3098 llumeu
844 3033 975 3116 ripisque
993 3030 1172 3116 praeruptis.
1197 3028 1266 3095 Hoc

146 3152 242 3215 oeque
269 3134 332 3218 ipse
360 3134 488 3200 transire
513 3134 640 3200 habebat
664 3135 695 3199 iu
718 3136 817 3201 auimo
833 3156 928 3219 neque
955 3135 1055 3198 hostes
1081 3132 1266 3198 transituros

256 3348 267 3400 l
284 3346 414 3399 Treueros
428 3350 460 3400 B.
588 3349 724 3403 Germanis
737 3353 810 3415 beo,
826 3350 968 3403 Germanos
982 3352 1005 3403 B
1020 3349 1155 3415 ‘reliqui’.

145 3425 269 3481 ibellom
281 3425 320 3487 A,
337 3424 431 3475 bellum
447 3427 508 3479 ct).
638 3426 793 3493 dbleoepiis
807 3430 853 3479 be.
992 3429 1009 3478 l
1022 3425 1217 3478 Transrenanis
1230 3423 1264 3475 B.

255 3500 459 3553 5TreuerosB.
566 3503 798 3569 scotoma.
915 3506 1104 3569 legatoorna.
1228 3500 1264 3555 ll.

145 3578 311 3643 superducta
325 3579 397 3629 linea
410 3580 442 3630 B.
561 3581 593 3633 lb
605 3583 659 3632 adit
672 3581 761 3646 (B)ee
769 3619 778 3645 ,
792 3582 858 3633 adiit
869 3583 979 3647 reliqui.
1097 3579 1230 3647 tripertito
1242 3579 1267 3631 B

147 3656 220 3705 ‘rnre
232 3656 377 3723 pierr‘que',
390 3673 444 3708 noa
458 3657 600 3724 tripartito.
707 3659 735 3712 ll
751 3660 888 3711 succendit
898 3676 934 3709 m.
946 3675 992 3725 pr.
1009 3660 1041 3712 C.
1160 3659 1199 3718 ,lt
1210 3658 1268 3724 qui·

147 3735 193 3786 bus
207 3751 240 3786 ex
254 3737 330 3788 rebus
345 3738 391 3787 bc.
528 3738 558 3789 13
572 3754 600 3787 se
613 3737 760 3789 habiturum
774 3740 800 3789 in
814 3754 919 3790 numero
934 3740 987 3802 be,
1002 3754 1030 3788 se
1044 3751 1150 3789 numero
1164 3736 1268 3787 habita·

146 3829 238 3866 eume.
347 3816 674 3879 lllessatosiuliuibusb·
783 3818 814 3869 ld
828 3818 934 3883 reliquit
947 3819 971 3868 b.
1089 3813 1265 3865 TreuerorB.

257 3890 287 3941 ll
299 3890 436 3956 geruntur]
451 3900 563 3954 aguntur
576 3894 607 3944 C.
714 3892 825 3945 Treueri
837 3895 870 3945 B.
986 3891 1017 3945 lb
1031 3892 1194 3942 hiemarent
1205 3888 1229 3941 B
1240 3893 1268 3941 ei

147 3969 266 4034 reliqui,
281 3970 411 4019 hiemabat
425 3972 492 4019 boe.
625 3973 656 4025 il
672 3974 818 4038 quindecim
832 3973 891 4038 (B).
1029 3971 1064 4025 22
1076 3976 1216 4035 expectare
1231 3966 1265 4018 B.

254 4047 288 4102 23
302 4047 474 4098 temeritatem
489 4048 541 4109 bo,
556 4065 607 4100 non
621 4065 644 4098 e.
749 4051 879 4116 praesidio
892 4051 1005 4116 quinque
1019 4047 1267 4111 cohortiumlissliq

147 4128 258 4194 quinque
271 4125 413 4177 cohortium
428 4127 555 4192 praesidio
568 4127 788 4180 eAldur‘oontra
800 4129 884 4192 rnre),
899 4129 1028 4194 praesidio
1041 4126 1269 4192 cohortiumqnin-

148 4203 346 4271 quaerimonia
361 4203 423 4253 Ate.
439 4219 466 4253 u.
570 4207 736 4271 uixnvqs).
840 4208 1037 4260 eructuet).
1142 4206 1269 4259 astate·

148 4282 193 4334 bat
206 4281 230 4333 in
245 4281 330 4335 auimo
343 4281 367 4332 B
378 4285 406 4333 et
417 4282 532 4349 reliqui,
548 4283 573 4334 in
586 4284 671 4334 auimo
685 4283 795 4337 babebat
809 4286 848 4336 be
859 4284 910 4352 (e).
