2692 4688
488 188 813 257 ...220-

82 364 202 429 nomina
217 364 324 428 ibidem
340 371 502 448 ponuntur,
518 363 650 427 tironum
666 362 760 427 fuisse
775 378 904 427 neeesse
918 369 977 423 est.
1001 356 1068 422 Eae
1082 357 1115 422 in
1128 358 1213 424 codi-

82 465 166 529 cibus
187 467 374 550 appellantur
399 462 510 543 XXX,
535 461 692 539 XXVIII,
716 461 842 540 XXIX,
858 458 982 527 XXVI.
1014 460 1128 525 Verum
1153 462 1211 526 tri·

82 567 194 632 cesima
204 568 283 650 legio
299 568 354 631 hoc
364 577 496 651 tempore
503 578 649 631 ueterano
656 577 733 630 erat.
760 564 835 629 Eam
851 566 929 629 enim
945 559 1215 648 legionema'ssae-

82 689 152 735 sare
167 669 224 733 iam
240 691 320 733 anno
335 669 378 734 49
393 667 433 751 Q.
452 666 561 733 Cassio
577 667 718 752 Longino
740 669 772 732 in
795 667 939 731 ulteriore
954 665 1105 750 Hispania
1125 666 1216 730 attri-

83 771 186 836 butam
201 782 233 835 et
246 772 334 856 paulo
357 782 426 834 ante
449 772 481 835 iu
495 768 584 834 Italia
605 770 807 854 conscriptam
828 789 896 834 esse
911 767 994 831 IIirt.
1011 767 1042 830 b.
1060 766 1154 831 Alex.
1172 765 1216 831 53

85 884 167 939 extr.
185 875 280 939 relert
295 876 350 954 (cl.
368 873 421 951 64,
438 873 472 936 2.
490 873 543 948 57,
562 873 580 935 1
596 884 629 936 et
643 871 690 950 3).
726 871 830 954 Itaque
852 894 907 956 pro
922 892 957 935 ea
974 869 1107 952 quintam
1123 880 1155 932 et
1169 867 1217 933 ui·

85 976 226 1041 wmarus
250 977 334 1060 posui
357 997 423 1039 cum
447 987 569 1059 propter
592 975 764 1038 mutationis
786 973 978 1048 facilitatem,
1003 982 1065 1034 tum
1087 970 1157 1053 quia
1172 972 1217 1035 ita

86 1080 159 1143 ordo
175 1078 326 1162 legionum
342 1080 372 1142 in
391 1079 498 1142 dextra
514 1089 616 1162 parte,
635 1078 794 1142 uicesimae
810 1087 918 1140 sextae
931 1085 963 1138 et
980 1073 1143 1137 niceaimae
1160 1092 1217 1137 no-

85 1202 164 1260 nae,
186 1183 350 1266 respondet
372 1182 469 1246 ordini
489 1182 614 1245 alterins
638 1182 730 1264 partis
747 1181 918 1264 legionum,
942 1176 1106 1241 uicesimae
1128 1174 1218 1259 qnin-

86 1293 190 1348 tacet
218 1285 377 1349 uicesimae
407 1294 544 1348 octenae.
579 1282 679 1349 Vnam
703 1284 832 1346 tironum
857 1281 1023 1364 legionem,
1051 1279 1136 1344 onina
1160 1300 1219 1343 no·

87 1408 156 1453 men
179 1408 207 1450 c.
233 1386 275 1452 66
303 1408 364 1450 non
389 1386 509 1468 ponitur
537 1385 688 1468 (quicque
710 1386 789 1447 enim
812 1405 877 1447 cum
900 1378 1035 1446 Caesare
1057 1382 1090 1446 io
1110 1378 1219 1447 stom

88 1490 183 1553 luisse
205 1489 356 1569 ostendi),
381 1509 447 1550 cnm
471 1487 522 1550 illa
542 1508 593 1550 res
616 1497 791 1570 gereretur,
808 1488 840 1550 in
864 1487 1020 1569 praesidiis
1038 1484 1217 1549 collocatam

87 1591 184 1655 luisse
210 1591 399 1655 statuendum
428 1600 486 1653 est.
531 1588 695 1653 Praeterea
722 1589 837 1653 duobus
867 1589 943 1652 locis
972 1588 1093 1651 nonina
1120 1586 1220 1671 legio·

90 1715 161 1758 num
177 1714 237 1757 non
252 1703 334 1756 recta
350 1694 381 1757 in
397 1691 549 1755 codicibus
564 1703 684 1757 seruata
700 1703 784 1755 sunt.
816 1688 854 1754 C.
866 1692 944 1754 enim
952 1689 996 1755 ot
1010 1691 1083 1754 baec
1098 1689 1130 1753 in
1137 1687 1216 1755 Par.

90 1817 155 1862 sec.
174 1806 205 1860 et
219 1793 307 1859 Leid.
325 1816 371 1879 pr.
389 1795 548 1877 leguntur:
575 1792 719 1858 ‘Interim
737 1789 837 1858 Varus
860 1794 1004 1866 classem,
1027 1814 1113 1875 quam
1128 1802 1223 1858 antea

94 1897 203 1963 Vticae
219 1897 324 1961 hiemis
341 1897 440 1976 gratia
454 1895 653 1971 subduxerat,
670 1897 791 1981 cognito
807 1896 934 1979 legionis
950 1892 1011 1959 VII
1026 1907 1058 1959 et
1072 1891 1165 1959 VIIII
1178 1915 1222 1961 ex
1268 1890 1271 1895 ⁴

95 1995 200 2064 Sicilie
216 2001 347 2065 aduentu
363 2000 501 2064 celeriter
512 1999 652 2063 deducit'.
686 1995 763 2063 Cum
780 1999 917 2082 proxime
933 2007 1044 2075 antea,
1061 2019 1088 2061 c.
1107 1994 1163 2076 53,
1178 1997 1224 2063 le-

91 2103 199 2186 giones
215 2103 357 2167 decimam
373 2113 404 2167 et
419 2124 529 2166 nonam
545 2124 586 2166 ex
602 2099 707 2166 Sicilia
722 2103 876 2167 traiecisse
892 2100 1015 2165 relatum
1031 2100 1090 2178 sit,
1114 2099 1222 2167 boram

93 2205 216 2269 nomina
231 2228 259 2268 c.
276 2202 320 2268 62
334 2206 520 2271 restituenda
539 2205 634 2269 uideri
652 2216 788 2289 possunt.
813 2201 872 2267 Sed
887 2202 962 2267 Veri
978 2203 1087 2267 classis
1110 2203 1171 2267 iam
1192 2224 1222 2269 c.

95 2306 150 2385 44,
166 2306 189 2373 2
204 2320 454 2373 commemoratur
468 2309 567 2392 ibique
581 2309 704 2386 milites,
722 2311 769 2392 qni
785 2307 1168 2371 secundocommeatuonm
1179 2305 1225 2371 le-

93 2409 233 2495 gionibus
242 2412 451 2475 tertiadecima
461 2422 492 2474 et
505 2412 732 2495 quartadecima
748 2411 930 2474 traiecerant
946 2419 977 2473 et
988 2409 1221 2488 oberraueraat,

98 2511 135 2574 ab
151 2532 188 2575 ea
202 2523 345 2596 exceptos
362 2535 430 2578 esse
447 2526 598 2577 narratur.
638 2511 743 2595 Itaque
765 2536 792 2577 c.
811 2511 854 2576 62
875 2512 1065 2576 scribendum
1088 2520 1136 2575 est
1160 2518 1226 2575 ‘co-

96 2614 181 2698 gnito
196 2615 323 2700 legionis
339 2612 418 2677 XIII
433 2626 465 2679 et
478 2612 574 2679 XIIII
590 2637 631 2679 ex
639 2613 903 2692 Siciliaaduentu',
920 2612 1227 2696 idqnodedeodicum

99 2738 216 2800 qnoque
231 2717 408 2802 scripturam
426 2717 562 2802 proxime
577 2720 704 2783 accedit.
729 2719 818 2781 Alter
833 2718 915 2782 locus
931 2716 1148 2801 paulograuins
1155 2737 1226 2781 cor·

97 2829 202 2904 ruptus
223 2818 333 2904 legitur
354 2842 380 2883 c.
399 2818 451 2884 81.
482 2817 528 2884 Ibi
551 2821 623 2885 haec
645 2823 791 2886 eduntur:
816 2817 904 2902 ‘Quo
927 2831 1083 2904 postquam
1107 2812 1227 2883 Caesar

99 2923 238 3006 peruenit
260 2934 289 2987 et
311 2923 523 2989 animaduertit
537 2924 631 2987 aciem
648 2945 701 3008 pro
725 2924 802 2987 uallo
819 2921 970 3008 Scipionis
993 2922 1228 3006 elephantosque

99 3022 207 3088 dextro
218 3025 399 3110 sinistroque
415 3048 508 3091 cornu
524 3027 686 3090 collocatos
702 3037 733 3091 et
748 3027 839 3090 nihilo
855 3028 953 3090 minus
969 3035 1081 3109 partein
1100 3022 1225 3087 militam

100 3139 201 3192 castra
223 3151 284 3192 non
305 3130 455 3213 ignauiter
477 3129 614 3207 munire,
636 3131 700 3214 ipse
722 3130 787 3194 acie
810 3128 919 3215 triplici
942 3128 1086 3191 collocata
1108 3123 1227 3207 legione

101 3229 217 3291 decima
231 3233 421 3314 secundaque
438 3233 547 3296 dextro
563 3254 675 3310 cornu,
701 3230 778 3298 VIII
802 3243 834 3296 et
852 3229 901 3295 IX
921 3231 1044 3295 sinistro
1067 3226 1226 3312 oppositis,

102 3328 305 3414 Vlegionibns
320 3333 465 3416 inquarta
480 3335 558 3413 acie,
575 3346 645 3399 onte
659 3337 725 3419 ipse
740 3357 852 3401 cornua
867 3335 966 3418 quinis
976 3331 1149 3397 cohortibus
1157 3349 1229 3393 con-

102 3443 150 3497 tra
166 3434 277 3496 bestias
293 3436 458 3501 collocatis'
475 3448 546 3501 cett.
580 3436 637 3501 Ille
660 3440 785 3522 primum
808 3440 942 3523 legiones
967 3432 1011 3498 ‘X
1032 3431 1127 3516 quue’
1143 3441 1230 3496 ortae

98 3545 174 3622 'snut
195 3556 235 3600 ex
258 3533 306 3599 ‘X
322 3535 477 3622 XIIIquc’
500 3540 593 3604 altera
618 3540 730 3604 denarii
753 3542 869 3605 numeri
892 3551 965 3605 noto
987 3535 1101 3601 extrita
1120 3545 1154 3599 et
1174 3550 1229 3616 pro

104 3638 239 3701 ternario
255 3660 379 3704 numero
401 3644 505 3707 eodem
528 3663 632 3706 errore
656 3643 774 3707 binario
797 3645 913 3727 posito,
940 3642 1009 3704 item
1025 3635 1103 3703 VIII
1124 3654 1230 3699 errore

100 3739 197 3825 posita
214 3752 262 3805 cst
277 3763 328 3826 pro
345 3741 450 3807 XIIII.
487 3741 547 3809 Sed
570 3766 608 3808 ne
630 3745 774 3810 inferiora
796 3747 912 3828 quidem
936 3743 984 3808 ‘V
1010 3738 1177 3824 legionibus
1198 3735 1230 3801 in

102 3852 209 3924 quarta
233 3844 312 3908 aeie'
337 3856 409 3909 cett.
427 3859 510 3911 recta
533 3859 613 3911 sunt.
659 3846 772 3912 Decem
802 3851 882 3912 enim
908 3846 1044 3929 legiones
1066 3842 1098 3904 in
1124 3838 1233 3903 Alrica

101 3945 225 4009 alluisse
241 3947 381 4011 uidimus.
413 3947 466 4011 Ex
489 3948 534 4011 his
559 3948 692 4027 Caesar,
715 3971 782 4014 cum
804 3952 840 4014 ad
857 3949 1009 4033 Thapsum
1033 3966 1099 4011 eam
1121 3943 1230 4019 aciem,

103 4068 178 4132 qnae
202 4069 229 4111 c.
248 4048 287 4111 81
305 4050 502 4127 describitur,
529 4053 710 4130 instrueret,
736 4054 809 4116 duas
824 4053 960 4136 legiones
977 4071 1044 4113 cum
1060 4046 1233 4129 Asprenate

104 4149 212 4215 castris
228 4152 377 4233 praesidio
391 4153 556 4234 reliquerat
572 4159 614 4235 (c.
632 4155 687 4232 80,
704 4154 752 4238 4).
784 4155 826 4218 At
839 4155 918 4217 binis
935 4150 1102 4237 legionibus
1118 4148 1151 4212 in
1166 4167 1235 4211 cor·

104 4255 191 4323 nibus
207 4255 313 4345 positis
330 4254 487 4342 quinisque
502 4258 674 4324 cohortibus
689 4270 757 4324 ente
773 4279 904 4335 cornua,
929 4257 956 4319 si
971 4263 1130 4340 praetereo
1145 4249 1234 4333 qoin-
