2692 4688
382 190 522 263 conte.
537 192 615 266 vm
631 193 902 265 caete-ts.
1217 195 1283 265 Μ

100 377 172 456 petu
193 365 326 453 perculsi
346 367 545 433 mulcerentur
565 389 601 433 ae
623 367 778 454 partimin
797 369 866 452 luga
881 377 1094 451 proteruntur,
1116 367 1224 453 partim

100 470 356 554 intercipiuntur3
380 470 457 551 quod
480 472 588 535 malum
610 473 674 536 dux
688 471 757 554 equi
773 470 935 534 uelocitate
955 469 1098 534 euitanitc
1121 491 1157 535 ae
1178 471 1223 537 sic

100 572 218 660 proelio
231 571 364 637 secundo
379 572 514 654 grauiter
527 573 565 637 ab
580 593 617 637 eo
633 573 810 638 uulneratus
824 574 1013 657 praefectus,
1030 581 1064 635 ut
1077 571 1159 636 uitae
1172 592 1223 657 pe·

99 674 232 740 ticulum
253 674 388 739 aditurus
410 675 582 754 uideretur,
606 677 739 740 relertur
759 675 791 739 iu
813 685 923 739 castra.
955 670 1108 738 Commius
1123 672 1258 741 autem8

64 790 81 842 t
104 777 173 842 siue
185 776 310 861 expiato
332 798 387 841 suo
408 777 511 842 dolore
533 777 599 842 siue
621 799 731 861 magna
745 787 830 862 parte
844 778 956 841 amisse
969 797 1091 839 suorum
1108 779 1224 861 legatos

101 879 141 943 nd
154 878 321 943 Antonium
335 879 427 944 mittit
441 900 534 962 seque
548 891 580 944 et
593 879 635 943 ili
650 882 795 958 loturum,
813 879 862 944 ubi
878 878 1125 963 praescripserit,
1142 891 1173 945 ct
1187 900 1223 944 ee

102 983 270 1060 iacturum,
287 1001 363 1064 quae
378 982 551 1066 imperarit,
576 981 727 1047 obsidibus
742 983 859 1060 firmat3
885 1002 976 1045 unum
991 982 1062 1044 illud
1078 990 1165 1055 orat,
1189 981 1259 1047 ut9

101 1084 203 1148 timori
218 1084 475 1161 suoconcedatur,
492 1104 531 1148 ne
546 1085 775 1168 inconspectum
785 1087 887 1149 ueniat
896 1085 1068 1166 cuiusquam
1079 1080 1220 1148 Romani.

102 1182 201 1249 Cuius
208 1186 437 1269 postulationem
444 1185 601 1251 Antonius
613 1208 680 1251 eom
695 1187 842 1251 iudicaret
856 1186 894 1250 ab
908 1185 988 1249 iusto
1004 1185 1088 1249 nasei
1102 1185 1221 1264 timore,

44 1297 79 1351 tt
101 1287 221 1352 ueniam
235 1288 349 1371 petenti
364 1287 457 1366 dedit,
474 1288 594 1352 obsides
609 1290 737 1375 accepit.

187 1384 259 1453 Seio
274 1387 438 1455 Caesam
462 1391 646 1476 singulorum
669 1412 815 1456 annorum
838 1391 976 1476 singulos
991 1390 1222 1456 commentarios
1238 1387 1281 1454 1⁰

102 1490 291 1570 coniecisse,
305 1494 382 1575 quod
399 1514 524 1578 egenen
534 1493 705 1557 existimaui
721 1494 792 1557 mihi
808 1514 875 1558 esse
891 1493 1069 1570 laciendum,
1087 1503 1222 1577 propter·

103 1611 140 1655 ee
161 1594 239 1675 quod
263 1594 426 1677 insequens
449 1616 563 1672 annus,
595 1593 636 1658 L.
660 1593 775 1674 Paulo,
801 1591 840 1661 C.
864 1594 1011 1659 Marcello
1033 1594 1218 1673 consulibus,

101 1693 199 1758 nullas
215 1694 306 1760 halet
318 1716 499 1783 magnopere
514 1694 631 1763 Galliae
646 1718 695 1762 res
711 1709 826 1782 gestes.
870 1695 923 1762 Ne
939 1697 1004 1779 quis
1022 1707 1121 1760 tamen
1135 1697 1222 1779 igno·
1238 1695 1277 1760 11

44 1805 77 1857 te
100 1806 201 1871 reret,
230 1798 336 1879 quibus
356 1799 389 1862 in
410 1800 485 1864 loeis
502 1796 620 1864 Caesar
640 1800 854 1882 exercitusque
876 1819 912 1863 ec
935 1809 1066 1881 tempore
1082 1797 1220 1876 luissent,

102 1917 195 1980 panea
211 1917 281 1961 esse
294 1899 452 1966 scribenda
468 1902 732 1986 coniungendaque
748 1903 816 1966 lruic
831 1902 1044 1965 commentario
1060 1900 1163 1964 statui.

188 1991 306 2063 Caesar
316 1997 463 2086 inllelgio
478 2024 544 2067 eum
560 2004 716 2077 hiemaret,
733 2024 824 2067 unum
840 2003 911 2066 illud
927 2002 1112 2086 propositum
1128 2000 1217 2065 habe·
1232 1998 1278 2071 49

101 2100 173 2178 bat,
195 2101 351 2166 continere
371 2104 403 2167 in
424 2105 555 2168 amicitia
579 2106 736 2181 ciuitates,
761 2104 834 2167 nulli
849 2124 931 2187 spem
947 2115 1000 2166 aut
1013 2124 1133 2167 eausam
1150 2103 1222 2167 dare

100 2222 263 2265 armorum.
294 2201 381 2269 Nileil
396 2206 476 2270 enim
492 2207 590 2271 minus
605 2208 743 2284 uolebat,
768 2226 854 2288 quam
878 2205 933 2267 sub
957 2205 1084 2267 decessu
1099 2225 1155 2267 suo
1170 2201 1258 2268 rue-2

42 2313 78 2369 2⁰
100 2302 272 2370 cessitatem
286 2307 343 2371 sili
359 2307 487 2392 aliquam
503 2309 607 2393 inponi
622 2309 690 2372 belli
714 2307 856 2392 gerendi,
885 2326 939 2382 ne,
965 2327 1030 2368 cum
1054 2304 1222 2368 exercitum

102 2405 284 2472 deducturus
297 2421 392 2487 esset,
409 2411 517 2474 bellum
533 2412 651 2495 aliquod
666 2412 898 2492 relinqueretur,
916 2409 993 2492 quod
1009 2407 1106 2470 omnis
1122 2403 1222 2471 Gallis

99 2505 230 2571 libenter
242 2509 311 2575 eine
326 2514 476 2596 praesenti
493 2512 626 2598 periculo
641 2514 818 2596 susciperet.
850 2509 955 2593 ltaque
972 2510 1134 2574 honorilice
1149 2507 1222 2572 uiui·
1237 2506 1257 2573 3

42 2676 46 2692 Ι
100 2619 179 2672 tates
187 2612 376 2696 appellando,
394 2615 542 2699 principes
550 2615 690 2680 maximis
700 2615 840 2700 praemiis
849 2615 1025 2691 adliciendo,
1039 2613 1118 2678 nulla
1128 2632 1222 2677 onera

211 2870 392 2925 leeB‘mse.
407 2879 435 2926 et
446 2874 506 2927 edd.
520 2875 603 2941 qdd.’‚
618 2882 646 2927 et
658 2892 685 2928 c.
809 2872 1014 2937 iulupumlce.
1137 2874 1222 2934 prole·

101 2944 205 3013 suntet]
220 2952 328 3013 ‘petere
344 2950 377 3000 δ’.
481 2954 498 3004 2
511 2952 747 3018 intercipieuturB.
854 2950 921 3016 qnod
931 2949 1025 2998 malum
1032 2945 1219 3007 Neruiceneis,

101 3025 168 3090 qnod
181 3025 225 3075 ulti
238 3026 331 3078 melum
345 3029 455 3094 reliqui.
559 3032 656 3081 uitauit
668 3032 683 3081 d
693 3047 716 3081 e.
827 3043 858 3078 uc
871 3029 909 3078 sic
923 3025 1022 3092 proelio
1037 3022 1150 3073 secundo
1163 3036 1222 3084 pre·

103 3102 172 3152 niter
184 3103 216 3153 ab
230 3119 261 3153 eo
275 3105 429 3159 uulneratus
441 3106 619 3159 Norus’eensie
630 3113 672 3170 et,
692 3110 741 3173 qur·
759 3109 782 3158 ei
798 3107 919 3171 presio,
942 3105 963 3152 B
978 3101 1105 3166 ‘reliqui’
1119 3105 1149 3152 et
1166 3103 1218 3152 iot.

100 3179 219 3241 uers.A,·
233 3180 351 3242 grauiter·
361 3182 515 3235 uulneratus
528 3200 567 3236 ue
580 3190 606 3235 et
618 3200 653 3234 m.
664 3198 710 3251 pr.
720 3185 754 3235 A.
859 3183 873 3232 d
886 3182 992 3230 sueini·
1002 3193 1073 3229 uort-
1086 3178 1111 3227 l·

100 3255 117 3305 0
129 3270 210 3322 seque
223 3264 251 3308 et
263 3258 298 3310 ibi
311 3260 336 3310 B
344 3260 396 3311 01)
405 3264 419 3312 d
429 3262 507 3325 ch,
521 3278 601 3329 seque
613 3262 649 3312 ibi
661 3278 685 3314 e.
790 3260 805 3312 1
818 3259 952 3325 imperarit
961 3259 1004 3309 Be
1019 3257 1155 3308 ‘ruelloree
1165 3257 1221 3321 ple·

99 3328 186 3397 etque·
199 3349 218 3384 u
230 3334 344 3400 (suoru
355 3337 544 3404 imperauerit),
558 3342 668 3408 imperat
679 3340 715 3390 A.
820 3338 953 3388 obsidibus
966 3336 1051 3386 dumet
1063 3336 1087 3386 B
1100 3334 1217 3398 ‘ceter-1¹⁹,

100 3409 237 3460 obsidibus
249 3412 318 3464 detle
332 3414 418 3465 lirmut
431 3417 553 3468 tedaA.
701 3417 716 3467 ll
730 3415 804 3465 cuiue
817 3415 872 3466 BA
887 3412 1023 3479 ‘relr'qur'’,
1038 3427 1112 3477 quam
1128 3410 1218 3461 dede.

211 3485 349 3557 iudicaret]
362 3493 516 3543 aestimaret
528 3494 553 3542 d.
734 3492 766 3544 12
779 3498 915 3555 propterea
928 3506 981 3540 cm.
995 3505 1009 3538 e
1023 3490 1110 3540 Occu.

100 3560 133 3613 1³
146 3559 178 3612 la.
191 3563 292 3629 Aldus,
312 3565 343 3616 Τ.
358 3568 403 3618 Be
415 3574 443 3618 et
455 3573 497 3618 sio
510 3570 572 3620 ‘seu
586 3568 647 3621 'l'ito
660 3584 724 3620 mss.
737 3569 803 3635 scre
815 3567 937 3628 omnes'3
951 3567 1055 3617 tribuco
1067 3581 1120 3616 sce.
1134 3579 1170 3616 m.
1183 3564 1217 3615 B.

207 3638 288 3692 Paule
301 3643 349 3706 (B)
362 3645 458 3709 Aldus,
474 3646 563 3697 Paullo
577 3648 607 3698 P.
622 3648 764 3698 Manutius
776 3662 804 3696 u.
910 3644 955 3708 C.]
964 3645 1101 3695 consulatu
1114 3659 1167 3693 see.
1181 3658 1218 3692 m.

96 3714 130 3766 B.
246 3720 410 3786 consulibus]
423 3737 549 3774 concessu
562 3723 595 3773 B.
717 3723 748 3774 tt
762 3722 846 3772 nullae
860 3721 938 3772 hebet
950 3735 1103 3786 magnopere
1116 3719 1219 3770 Gulliue

96 3806 142 3843 res
154 3796 275 3856 gestasB
285 3798 346 3847 ‘olis‘
353 3797 370 3848 '.·
384 3799 470 3850 nullae
484 3814 526 3851 res
536 3799 637 3851 Galliae
651 3800 730 3850 habet
742 3815 833 3863 magno
846 3815 925 3865 opere
938 3805 1026 3863 pestus
1040 3814 1066 3861 u,
1081 3802 1131 3864 qut
1143 3798 1219 3851 ‘ordo

97 3872 204 3933 estfide
216 3880 348 3926 matorum
361 3881 480 3928 omnium
493 3874 698 3943 antiquorum'?
710 3883 738 3928 et
748 3894 779 3941 ος
797 3892 888 3942 niaque
901 3892 979 3944 opere
992 3881 1034 3925 eet
1046 3880 1075 3926 ἐκ
1091 3877 1217 3929 cvm:

96 3958 171 4016 geete
187 3952 218 4015 0,
231 3962 336 4018 egestus
349 3957 383 4007 A.
507 3957 672 4009 torrissem
687 3958 759 4007 ‘msa
775 3957 807 4006 5’.
939 3956 970 4007 lli
983 3970 1042 4005 esse
1055 3955 1080 4005 B
1094 3956 1168 4006 ‘mem
1182 3956 1216 4019 θ’,

96 4042 193 4079 om.
318 4032 555 4084 llillodom.de.
679 4032 933 4084 ldeontlnendide.
1050 4032 1219 4083 amicitinme

98 4106 186 4159 Oxou.
295 4112 326 4162 lt)
340 4112 449 4162 decessu
463 4127 509 4162 sno
525 4112 555 4175 θ,
571 4112 706 4162 decessum
719 4126 792 4162 sunm
804 4127 833 4173 e,·
848 4111 966 4162 discessu
979 4126 1025 4160 suo
1034 4110 1058 4160 B
1068 4116 1097 4160 et
1107 4110 1215 4172 reliqui.

205 4187 239 4240 20
251 4188 339 4254 inponi
352 4189 384 4239 B.
490 4190 523 4242 22
536 4189 701 4254 susciperent
712 4204 735 4238 e.
840 4187 872 4241 2³
886 4186 1083 4254 (adliciendoli)
1097 4183 1215 4237 donando

96 4261 132 4313 1).
238 4279 319 4314 onere
332 4265 356 4315 B
368 4267 405 4327 (ἡ
417 4279 453 4315 m.
464 4280 510 4330 pr.
525 4266 632 4323 honera)
648 4264 759 4330 ‘relique'
766 4263 782 4328 ⁹,
797 4278 875 4314 oriere
887 4279 955 4316 oona
969 4263 1059 4314 tede.
