2692 4688
483 208 804 275 ..186-

83 395 141 448 tur.
164 384 253 469 Apud
269 381 336 450 cic.
354 387 390 450 ad
405 382 491 449 Fam.
509 382 552 462 ll,
578 383 630 462 13,
655 381 675 447 3
691 402 771 446 nune
786 382 884 446 eclitur
900 379 1095 462 ‘militemque
1110 379 1205 443 collo·

82 491 220 566 cessem',
244 498 332 552 antea
352 487 423 552 item
439 486 549 552 uitiose
564 487 719 570 legebatur
735 485 965 566 ‘militaremque
977 503 1042 546 rem
1057 481 1205 546 colloces·

82 590 173 653 sem':
192 592 243 654 set
260 591 290 654 iu
306 591 408 655 codice
424 588 562 655 Mediceo
577 590 705 654 medium
718 588 893 652 uocabulum
909 588 1050 671 seriptum
1066 595 1205 650 nonest.

80 687 178 776 Igitur
193 700 328 777 ‘remque
342 695 510 758 militarem'
525 694 691 777 ponendum
707 703 783 757 erat.

170 790 208 859 C.
226 793 280 875 86,
298 797 318 860 5
333 797 455 874 retinui,
470 795 719 880 quodebemus,
737 794 836 859 ‘simul
846 793 1047 868 denuntiauit,
1059 802 1093 855 ιιι
1104 802 1211 856 esseut

82 898 182 961 auimo
206 899 305 986 parati
326 899 357 963 in
381 910 532 984 posterum
556 909 606 978 et,
624 900 761 981 quoniam
777 899 864 962 beret
880 895 1038 960 dimicandi
1055 904 1205 979 potestas,

81 1006 116 1059 ut
130 1017 222 1083 saepe
237 1002 465 1085 cogitauimeut,
482 1022 520 1065 ue
536 1022 591 1064 usu
608 1022 755 1085 manuque
766 1001 948 1083 reliquorum
965 997 1137 1083 opinionem
1152 997 1213 1061 fel-

84 1099 203 1164 lerent’.
235 1100 294 1167 llic
311 1104 548 1189 ‘cogitauisscnt'
564 1104 735 1187 languidum
755 1105 866 1182 uisum,
883 1113 913 1166 et
927 1100 1099 1186 complura,
1130 1118 1210 1184 quse

81 1202 345 1285 substituerentur,
363 1207 513 1291 proposita
529 1217 609 1282 sunt,
629 1206 848 1291 ‘agitauissent'
864 1228 881 1268 a
898 1203 1044 1280 (butero,
1062 1201 1211 1286 ‘optauis-

84 1305 164 1368 sent’
187 1327 205 1370 a
230 1305 369 1387 Danista,
395 1309 634 1393 ‘rogitauissent’
655 1307 790 1381 aMoro,
810 1307 1051 1394 ‘flagitauissent’
1066 1326 1086 1369 a
1100 1302 1208 1369 blank·

83 1406 184 1484 lando,
209 1410 285 1491 quod
309 1409 512 1494 Elberliugius
532 1413 664 1476 maxime
684 1410 838 1496 probabile
853 1409 1008 1474 iudicauit.
1032 1405 1094 1473 sm
1111 1406 1210 1492 ‘cugi-

84 1508 259 1589 mustene,
285 1511 310 1575 ui
327 1512 362 1575 ad
379 1514 472 1577 uerba
489 1521 557 1578 ‘usu
572 1514 729 1597 manuque'
745 1515 894 1587 retertur,
919 1522 1016 1597 eptam
1032 1510 1123 1574 babet
1135 1528 1211 1575 scn-

84 1611 220 1674 tcutiam.
259 1612 407 1678 Hortatur
426 1617 504 1679 enirn
527 1613 705 1700 Pompeius,
738 1637 804 1679 eum
827 1614 973 1698 proelium
995 1613 1096 1677 animo
1108 1630 1211 1697 saepe

83 1724 188 1776 essent
202 1716 349 1795 meditati,
366 1737 404 1780 ue
419 1738 500 1782 nunc
514 1720 685 1803 ingerenda
695 1719 904 1803 respinionem
916 1718 1064 1781 fallerent.
1092 1710 1210 1780 Verum

83 1812 286 1905 Elberliugius
301 1820 364 1903 ipsa
379 1821 430 1885 illa
448 1827 500 1886 ‘nc
514 1843 571 1886 usu
582 1842 729 1905 manuque
741 1821 922 1903 reliquorum
936 1818 1108 1903 opinionem
1124 1817 1212 1883 lelle-

85 1919 163 1981 reut’
178 1923 345 2006 temptauit,
369 1934 399 1987 et
413 1925 502 2007 quod,
520 1925 569 2008 qui
586 1925 757 1988 dicerentur
773 1923 913 2005 ‘reliqui’‚
938 1923 1095 1985 obscurum
1112 1931 1209 2001 esset,

84 2022 204 2103 etquis
227 2023 258 2086 in
280 2022 350 2088 Par.
373 2046 435 2091 sec.
462 2026 549 2092 Laid.
574 2049 618 2113 pr.
646 2026 745 2091 llauu.
769 2046 815 2111 pr.
843 2024 934 2088 Voss.
958 2025 1110 2108 legeretur
1132 2031 1212 2088 ‘esu

85 2124 196 2201 manu’‚
221 2126 253 2188 in
276 2123 383 2193 Cuiac.
408 2138 476 2194 ‘usu
499 2132 661 2210 manuum',
686 2131 717 2193 iu
741 2126 808 2191 Pet.
827 2139 857 2192 et
871 2126 973 2191 Noru.
994 2134 1063 2192 ‘usu
1078 2126 1209 2191 menus’.

84 2222 197 2291 Effecit
210 2229 303 2310 igitur
319 2243 391 2296 ‘neu
407 2254 491 2297 suam
508 2254 566 2298 neu
580 2234 761 2316 reliquorum
778 2231 946 2315 opinionem
964 2229 1122 2295 fallerent'.
1148 2226 1213 2293 Setl

87 2328 194 2413 reliqui
216 2332 408 2419 intellegendi
425 2346 496 2398 sunt
511 2338 632 2415 milites,
655 2336 757 2418 quiin
781 2333 907 2398 consilio
929 2354 988 2397 nou
1005 2334 1143 2396 aderaut.
1174 2329 1211 2396 Ιιι

87 2432 214 2494 consilio
230 2434 308 2496 enim
325 2437 399 2499 baec
414 2447 481 2501 acta
496 2458 564 2503 esse
579 2458 620 2501 cx
635 2439 721 2501 initio
737 2437 824 2500 buius
840 2438 946 2520 capitis
962 2448 992 2501 et
1008 2435 1066 2520 §.7
1082 2454 1212 2519 sequen·

87 2531 125 2594 tis
141 2535 332 2618 perspicitur.
357 2536 462 2623 ltaque
477 2542 508 2604 in
523 2542 643 2626 uulgata
660 2541 805 2623 scriptura
822 2541 1013 2623 acquiescere
1028 2549 1061 2602 et
1074 2539 1211 2624 copulam

86 2652 160 2696 casu
176 2636 325 2703 excidisse
340 2641 478 2706 arbitrari
495 2645 590 2707 satius
605 2644 735 2707 uidetur.

175 2733 213 2802 C.
231 2739 284 2821 93,
304 2744 324 2808 3
345 2757 429 2810 recte
444 2747 475 2809 in
491 2747 642 2811 deteriore
658 2747 772 2824 codice,
794 2743 992 2820 Louauiensi‚
1009 2747 1052 2811 ita
1067 2747 1212 2830 scriptam

87 2851 153 2905 est:
172 2850 309 2926 ‘quorum
325 2848 463 2931 impeturn
480 2861 583 2914 noster
597 2850 747 2933 equitatus
755 2869 814 2912 non
824 2849 903 2926 tulit,
921 2849 973 2912 secl
989 2850 1130 2933 paulatim
1145 2849 1214 2913 loeo

88 2957 187 3009 motus
203 2950 317 3014 cessit'.
335 2949 444 3038 Neque
459 2955 538 3016 enim
554 2953 685 3036 paulum,
703 2952 857 3028 stabitur,
875 2952 991 3033 equites
1000 2947 1145 3015 Caesaris
1160 2958 1214 3015 ant

88 3045 156 3111 loco
171 3062 269 3116 motos
284 3065 418 3119 essesut
433 3056 561 3120 cessisse
578 3076 618 3119 ex
626 3055 663 3118 iis
671 3065 805 3140 apparet,
823 3054 1094 3136 quaeadiciuntura
1115 3053 1213 3136 ‘equi-

88 3159 195 3234 tesque
210 3152 343 3240 Pompeii
361 3159 415 3221 boc
431 3159 531 3223 acrius
547 3158 660 3223 instare
676 3170 756 3223 etse
773 3157 921 3220 turmatim
937 3156 1089 3240 explicere
1101 3157 1213 3220 aciem·

89 3271 148 3333 que
163 3266 297 3319 nostram
312 3280 331 3321 a
345 3258 439 3323 latere
454 3271 557 3344 aperto
580 3261 737 3325 circumire
753 3259 936 3344 coeperunt'.
962 3256 1062 3321 litium
1078 3257 1108 3320 b.
1126 3255 1211 3324 Gall.

90 3351 147 3432 lv,
172 3354 227 3436 3³,
250 3358 273 3422 2
293 3380 348 3444 pro
369 3361 420 3423 illo
446 3364 609 3448 ‘paulatim’
629 3365 660 3428 iu
682 3362 754 3428 Par.
780 3383 843 3427 sec.
868 3373 895 3426 et
919 3360 1020 3425 Hann.
1037 3381 1084 3445 pr.
1102 3361 1215 3446 legiter

91 3459 246 3540 ‘pantanu
263 3462 295 3525 in
313 3462 402 3528 Vino.
422 3485 466 3548 pr.
486 3465 671 3550 ‘paululum’.

175 3558 213 3627 G.
232 3561 305 3642 101,
323 3565 344 3628 4
362 3587 544 3651 magnopere
563 3570 595 3632 in
616 3567 813 3633 deterioribus
835 3567 920 3630 codd.
939 3566 1088 3628 turbatum
1106 3575 1166 3640 est,
1183 3574 1217 3629 et

90 3684 131 3728 ex
146 3686 249 3730 eorum
270 3668 389 3751 ineptiis
412 3671 584 3735 coniectura
607 3671 808 3735 recentiorum
825 3671 996 3733 criticorum
1013 3688 1073 3731 uon
1089 3666 1216 3731 melion

90 3768 207 3843 ellectu,
225 3770 261 3834 dc
276 3769 382 3855 quibus
396 3772 498 3838 (licere
514 3774 588 3839 nibil
602 3774 721 3838 attinet.
745 3769 780 3838 lu
793 3773 912 3858 optimis
923 3773 1000 3835 euim
1016 3771 1103 3833 cotltl.
1121 3767 1215 3834 lade.

90 3890 137 3955 pr.
155 3882 186 3934 et
200 3868 282 3938 Scal.
300 3874 374 3939 baec
389 3875 549 3959 legunturc
569 3872 767 3959 ‘Cassiusque
782 3877 819 3939 ad
835 3873 1036 3961 Sulpicianam
1052 3873 1123 3937 inde
1138 3872 1217 3937 cles·

91 3992 154 4038 sem
170 3977 319 4059 proiectus
336 3988 383 4042 est
397 3975 546 4042 Vibonem
563 3979 775 4062 applicatisque
790 3979 904 4043 uostris
914 3978 1070 4040 alternam
1087 3974 1218 4041 nauibus

90 4088 213 4160 propter
234 4080 360 4145 eundem
385 4081 520 4144 timorem
536 4085 600 4165 pari
616 4091 706 4166 atque
721 4093 810 4147 antee
831 4082 949 4145 ratione
965 4089 1094 4162 egerunt
1108 4096 1218 4142 secun-

92 4179 160 4241 dum
176 4191 283 4244 nactus
305 4191 425 4244 uentum
447 4184 603 4247 onerarias
625 4205 718 4249 naues
740 4184 863 4248 circiter
876 4181 1073 4267 quadraginta
1088 4198 1218 4265 praepe-

92 4290 176 4345 retas
190 4282 229 4345 at
251 4281 421 4348 incendium
443 4282 593 4350 immisit’a
618 4286 759 4370 aquibus
773 4285 924 4370 scripture
938 4281 1013 4349 Per.
1030 4302 1095 4351 seo.
1112 4282 1217 4349 mccc
