2684 4694
66 197 132 265 650
462 189 591 256 suunt
606 189 922 279 nunxnuuuutt

70 369 118 439 48
213 366 253 429 lis
274 375 372 428 antem
391 363 590 446 temporibus,
615 362 721 444 quibus
738 359 855 427 Caesar
871 364 907 426 ad
923 360 1147 448 Dyrrhachium
1163 365 1261 432 Pom-

126 471 223 554 peium
240 467 397 530 obsidebat
411 477 441 529 et
449 464 673 549 Palaepharsali
686 485 747 527 rem
762 465 888 529 feliciter
900 467 1259 548 gerebatrllexandriae·

128 593 185 655 que
207 591 273 632 cum
296 567 428 651 periculo
453 589 559 651 magno
583 578 643 629 tum
668 568 756 629 etiam
773 567 886 630 maiore
902 568 1026 651 periculi
1043 570 1120 635 lama
1133 572 1258 636 dimica-

128 673 191 749 bat,
209 669 249 753 Q.
268 667 394 733 Cassius
410 668 568 753 Longinus
587 669 617 732 in
632 666 777 752 Hispania
795 690 848 752 pro
864 680 1005 754 praetore
1021 673 1195 753 prouinciae
1211 675 1257 738 nl·

130 774 249 838 terioris
271 773 450 855 optinendae
470 791 560 834 causa
582 770 704 834 relictus
724 771 789 833 siue
805 773 1022 836 consuetudine
1037 785 1163 839 naturae
1180 797 1256 841 suae
1278 790 1293 838 ⁵

130 877 196 939 siue
211 875 292 951 odio,
305 874 381 957 (quod
396 875 427 936 in
443 872 523 936 illam
540 873 723 957 prouinciam
740 884 916 956 susceperat
931 886 1072 957 quaestor
1084 898 1122 940 ex
1137 878 1259 943 insidiis

93 979 115 1044 2
130 977 171 1041 ibi
194 977 386 1053 uulneratus,
409 996 532 1058 magiras
554 974 612 1037 odii
628 974 675 1037 sui
691 975 806 1037 lecerat
818 977 1031 1055 accessiones,
1054 978 1130 1060 qnod
1147 979 1197 1042 uel
1212 999 1255 1042 cx

130 1079 317 1144 conscientia
332 1098 397 1155 sna,
411 1098 477 1140 cum
494 1077 530 1141 de
545 1095 578 1139 se
594 1087 696 1139 mutuo
711 1076 826 1140 sentire
842 1080 1027 1161 prouinciam
1042 1081 1191 1157 crederet,
1202 1081 1257 1144 uel

130 1180 232 1244 multis
254 1179 348 1263 signis
371 1191 402 1242 et
426 1177 607 1243 testimoniis
623 1199 745 1257 eorum,
767 1179 816 1261 qui
833 1179 989 1244 difficulter
1004 1182 1072 1245 odia
1087 1180 1255 1245 dissimula·

132 1281 222 1358 bant,
246 1284 375 1345 animum
392 1282 550 1345 aduertere
565 1292 701 1364 poterat,
719 1293 750 1346 et
764 1302 959 1365 compensare
975 1283 1167 1346 offensionem
1183 1303 1256 1364 pro·
1283 1294 1312 1347 tt

96 1381 248 1448 {luinciae
270 1383 421 1447 exercitus
443 1404 544 1446 amore
566 1382 713 1467 cupiebat.
746 1381 868 1466 ltaque,
892 1399 958 1447 cum
974 1385 1099 1467 primum
1114 1383 1146 1446 in
1162 1404 1255 1447 unum
1289 1372 1299 1391 ⁹

133 1487 229 1550 locum
246 1486 412 1548 exercitum
429 1485 593 1560 conduxit,
618 1485 776 1548 sestertios
792 1497 934 1549 centenos
948 1485 1091 1549 militibus
1105 1496 1154 1547 est
1168 1486 1256 1567 polli-

96 1586 117 1650 l
133 1587 209 1650 citus
225 1607 280 1649 nec
296 1586 388 1648 multo
403 1597 482 1669 post,
494 1608 560 1649 cum
576 1587 607 1649 in
616 1584 778 1651 Lusitania
786 1585 997 1670 Medobregam
1013 1585 1149 1669 oppidum
1167 1606 1255 1649 mon-

132 1700 250 1769 temque
265 1686 452 1752 Herminium
468 1702 682 1772 expugnasset,
699 1711 757 1772 quo
773 1687 1021 1770 Medobregenses
1036 1687 1250 1769 confugerant,

132 1790 231 1873 ibique
246 1791 410 1875 imperator
425 1801 508 1854 esset
522 1791 698 1874 appellatus,
719 1791 868 1856 sestertiis
883 1789 1015 1854 centenis
1030 1787 1141 1852 milites
1157 1787 1254 1851 dona·
1280 1800 1311 1851 tt

97 1892 117 1957 5
133 1893 186 1955 uit.
219 1891 316 1955 Multa
331 1902 486 1975 praetcrea
502 1903 533 1955 ct
548 1914 656 1978 magna
671 1895 803 1978 praemia
818 1893 944 1978 singulis
959 1889 1160 1969 concedebat3
1177 1911 1256 1972 quae

134 1994 300 2078 speciosum
315 1994 672 2078 reddebautpraesentem
686 1996 839 2060 exercitus
849 2015 993 2070 amorem,
1004 1992 1142 2077 paulatim
1155 2003 1257 2056 tamen

76 2096 121 2166 49
135 2107 166 2160 et
187 2096 303 2161 occulte
324 2098 483 2161 militarem
499 2098 681 2182 disciplinam
697 2098 947 2182 sanctitatemque
961 2095 1145 2159 minuebant.
1177 2089 1254 2156 Cas·

133 2199 196 2264 sins
212 2199 378 2283 legionibus
393 2202 425 2265 in
440 2201 563 2265 hiberna
581 2201 730 2284 dispositis
748 2201 784 2265 ad
799 2202 846 2265 ius
863 2200 1018 2264 dicendum
1035 2193 1203 2261 Cordubam
1218 2214 1254 2257 se

133 2304 249 2386 recepit
264 2315 507 2385 contractumque
523 2304 553 2367 in
569 2323 604 2369 ea
621 2324 672 2367 aes
688 2303 815 2366 alienum
831 2302 1018 2386 grauissimis
1034 2297 1173 2363 oneribus
1185 2318 1255 2380 pro·
1276 2307 1309 2359 ‘tt

135 2407 250 2468 uinciae
266 2407 422 2469 constituit
437 2405 615 2485 exsoluere3
634 2417 665 2467 ct
679 2416 712 2468 ut
727 2405 893 2488 largitionis
909 2405 1042 2488 postulat
1055 2398 1252 2475 consuetudo,

134 2525 188 2588 per
212 2526 331 2568 cansam
354 2506 541 2569 liberalitatis
566 2508 733 2590 speciosam
756 2508 838 2591 plura
862 2506 999 2590 largitori
1022 2502 1252 2586 quaerebantur.

98 2603 284 2671 2Pccuniae
301 2607 497 2691 locupletibus
513 2609 751 2692 imperabantur,
770 2630 842 2691 quas
859 2607 1016 2691 Longinus
1032 2606 1088 2668 sibi
1105 2623 1254 2688 expensas

134 2710 206 2773 lerri
222 2732 280 2772 non
297 2722 409 2774 tantum
426 2711 603 2794 patiebatur,
616 2712 670 2774 sed
686 2712 774 2774 etiam
791 2712 929 2796 cogebat,
940 2711 971 2773 in
989 2729 1110 2792 gregem
1126 2704 1256 2788 locuplc·

97 2810 117 2875 3
134 2813 206 2877 tium
229 2814 422 2878 simultatium
447 2835 535 2877 cansa
552 2824 657 2876 tenues
674 2814 918 2890 coniciebantur,
942 2831 1036 2894 neque
1052 2810 1142 2873 ullum
1160 2827 1256 2891 genus
1277 2815 1310 2867 25

132 2929 275 2999 quaestus
297 2929 348 2981 aut
370 2918 468 3000 magni
489 2927 520 2979 et
535 2916 682 2979 euidentia
698 2926 750 2977 aut
765 2916 874 2978 minimi
892 2926 923 2978 et
937 2912 1048 2978 sordidi
1063 2910 1253 2993 praetermit-

95 3015 115 3077 4
132 3018 268 3097 tebatur,
291 3042 348 3102 quo
371 3022 489 3083 domus·
500 3030 530 3081 ct
546 3018 674 3080 tribunal
690 3018 876 3101 imperatoris
892 3025 1027 3081 uacaret.
1056 3009 1154 3075 Nemo
1170 3019 1249 3087 erat,

132 3121 181 3200 qui
204 3123 290 3184 modo
306 3124 432 3204 aliquam
448 3122 592 3186 iacturam
610 3122 709 3184 lacere
724 3131 845 3203 posset,
869 3120 939 3202 quin
955 3128 1008 3182 aut
1023 3112 1191 3180 uadimonia
1209 3123 1254 3174 te·

96 3220 270 3299 bneretur,
295 3235 346 3285 aut
361 3225 391 3286 io
408 3246 477 3287 reos
490 3225 667 3287 rclcrretur.
700 3222 745 3285 lta
762 3243 868 3307 magna
884 3222 973 3285 etiam
988 3216 1158 3282 sollicitudo
1175 3213 1253 3296 peri·

131 3325 266 3388 culorum
296 3326 331 3386 ad
362 3326 491 3387 iacturas
522 3337 551 3388 et
578 3325 754 3388 detrimenta
776 3326 821 3389 rei
846 3322 997 3387 familiaris
1021 3318 1252 3401 adiungebatur.
1277 3323 1309 3377 3⁰

75 3392 122 3494 bd
131 3422 247 3506 Quibus
263 3427 298 3487 dc
314 3427 412 3489 causis
429 3427 548 3504 accidit,
567 3437 610 3504 ut,
625 3448 690 3490 cnm
704 3426 860 3510 Longinus
876 3427 1037 3508 imperator
1053 3422 1156 3485 eadem
1175 3419 1255 3480 lace-

130 3535 187 3602 ret,
207 3548 282 3609 qnae
300 3530 411 3590 lecerat
426 3541 579 3611 quaestor,
596 3531 703 3593 similia
720 3551 823 3593 rursus
840 3531 876 3593 de
893 3537 988 3591 morte
1004 3525 1068 3589 cius
1083 3521 1255 3605 prouincia-

240 3703 326 3754 lisu.
454 3702 731 3768 lQ.bd‚qnaeoe.
849 3700 1070 3769 doptinendnen·
1191 3690 1256 3742 len

126 3793 179 3828 om.
195 3780 219 3828 b.
335 3781 349 3830 n
363 3780 451 3830 multis
465 3779 504 3843 (o)
519 3782 533 3829 b
547 3796 570 3840 e,
585 3782 663 3831 unctis
677 3782 703 3831 d.
809 3780 1009 3831 dissimulabant
1021 3792 1034 3822 e
1047 3774 1062 3821 2
1076 3771 1159 3833 dete,
1175 3769 1256 3821 dissi·

126 3861 224 3910 mulant
238 3864 347 3928 reliqui.
464 3864 494 3914 lll
508 3864 618 3913 animum
632 3866 770 3915 aduertere
783 3881 799 3915 u
814 3867 838 3923 b,
853 3881 906 3915 non
921 3861 1048 3914 nnlmcdu.
1169 3854 1201 3907 12
1213 3868 1256 3903 sc·

125 3939 433 4007 stertinscentenos]se.
458 3944 591 3990 inodo.
705 3944 850 3994 estotimb.
960 3943 990 3993 ld
1005 3946 1061 4006 post
1073 3952 1131 3986 cum
1143 3933 1253 3994 Aldus3

125 4021 184 4082 post
195 4030 270 4080 quum
286 4019 325 4078 (a)
339 4022 359 4079 t,
375 4025 508 4084 postquam
526 4019 598 4068 ‘mse
613 4023 668 4069 urei
679 4021 788 4070 omnes'.
907 4020 932 4068 in
948 4013 1094 4079 Lusitania]
1108 4011 1255 4063 illusitania

125 4109 151 4142 n.
259 4093 555 4157 llllcdcbrigenseso.
663 4098 909 4148 ldcssctom.oe.
1019 4093 1152 4144 sestertiis
1165 4097 1258 4141 cente-

126 4177 284 4242 ninJiben.
402 4181 745 4233 l8minuebutn‘msr.d'.
863 4181 1064 4233 ldlribernlna.
1180 4176 1209 4229 21
1228 4183 1259 4227 nt

125 4262 152 4306 et
165 4271 192 4305 a.
322 4257 356 4309 22
370 4257 479 4322 plurima
493 4258 518 4306 b.
640 4261 673 4310 25
687 4259 856 4309 simultatium
869 4274 886 4309 o
900 4274 923 4320 c,
938 4257 1100 4307 simultatum
1114 4269 1142 4302 u.

120 4349 201 4387 ransc
215 4349 233 4386 u
242 4334 267 4403 b,
281 4349 378 4387 causae
391 4349 419 4385 u.
433 4333 466 4386 Ρ.
478 4333 537 4386 itt.
644 4334 677 4388 nd
691 4336 827 4401 quaestion
839 4351 867 4385 a.
891 4344 894 4349 ·
973 4342 1019 4384 rot
1032 4330 1162 4383 euidentis
1175 4344 1192 4379 a
1204 4329 1219 4379 b
1233 4345 1258 4378 r.

225 4415 544 4486 praetermittebanturo
559 4413 586 4466 b.
688 4412 721 4466 ‘u
741 4412 951 4463 contritionum
