2692 4688
89 215 154 285 tat
515 212 573 281 llll
595 209 740 282 netto
763 211 906 283 multt-

149 409 201 454 sur
215 397 301 472 parat
315 385 479 470 perficer03
496 386 539 451 illi
554 388 661 450 uadum
678 386 807 451 fluminis
820 383 936 451 Sicoris
952 395 1110 471 temptare,
1127 385 1153 451 si
1169 397 1272 452 trans-

114 489 134 554 t
149 491 196 554 irc
219 500 353 573 possent.
395 485 462 570 Qua
485 509 520 553 re
535 490 745 554 uni-aduersu
760 485 878 553 Caesar
893 486 1062 552 Germanos
1077 490 1154 553 leuis
1170 510 1271 554 arma·

148 603 234 656 turco
250 591 441 673 equitumque
456 601 569 672 partem
585 591 694 655 llumen
717 591 817 654 traicit
838 591 1018 674 crebrasque
1033 593 1065 654 iu
1081 592 1155 675 ripis
1169 603 1272 657 custo·

91 692 138 764 84
150 695 214 758 dios
229 693 371 776 disponit.
402 691 536 757 Tandem
559 693 696 756 omnibus
712 692 800 756 rebus
817 693 947 770 obsessi,
964 705 1101 775 quartum
1117 692 1176 757 iam
1192 695 1270 758 diem

146 796 214 860 siue
229 795 335 880 pabulo
350 794 478 858 retentis
491 795 652 871 iumentis,
679 805 793 878 aquae,
817 795 986 878 lignorum,
1011 796 1150 858 lrumeuti
1166 796 1269 880 inopia
1291 807 1308 858 o

147 896 338 980 conloquium
353 906 459 980 petunt
481 907 514 960 et
534 897 582 975 id,
607 896 636 960 si
656 896 722 960 lieri
737 896 850 979 possit,
868 907 984 961 semoto
998 919 1017 961 a
1031 898 1174 962 militibus
1189 899 1269 962 loco.

111 1000 134 1074 2
149 999 207 1065 Vbi
223 1000 255 1063 id
268 995 428 1063 aCnesurc
444 1009 582 1083 negatum
599 1009 641 1077 et,
659 999 754 1082 palam
771 999 796 1062 si
806 999 933 1082 colloqui
951 1000 1076 1076 uellent,
1093 1019 1270 1063 concessum

147 1113 207 1180 est,
225 1102 313 1165 datur
328 1101 440 1171 obsidis
456 1101 524 1165 loco
539 1098 665 1165 Caesari
680 1101 758 1165 lilius
773 1100 905 1164 Afranii.
950 1098 1083 1166 Venitur
1096 1101 1128 1165 in
1142 1123 1208 1165 eum
1224 1102 1271 1166 lo-

113 1203 234 1281 3cum,
260 1223 345 1286 quem
362 1197 479 1267 Caesar
500 1203 620 1288 delegit.
652 1202 804 1267 Audiente
828 1214 955 1287 utroque
978 1204 1114 1267 exercitu
1137 1203 1271 1286 loquitur

147 1307 313 1370 Afranius:
344 1303 416 1370 Nou
439 1327 510 1370 esse
530 1317 583 1370 out
596 1306 670 1390 ipsis
684 1316 736 1371 unt
750 1304 892 1369 militibus
908 1306 1167 1379 succensendum,
1190 1304 1270 1388 qnod
1292 1314 1323 1369 to

145 1409 231 1475 fidem
256 1428 327 1492 erga
349 1407 559 1490 imperatorem
581 1428 667 1471 suum
685 1404 746 1472 Cu.
762 1405 935 1490 Pompeium
958 1426 1142 1471 conseruare
1165 1406 1269 1472 uoluc-

110 1509 218 1575 4rint.
251 1507 312 1573 Sed
327 1509 401 1572 satis
416 1509 474 1573 iam
490 1510 598 1574 lesisse
619 1510 716 1574 officio
741 1511 875 1592 satisque
889 1509 1024 1592 supplicii
1040 1510 1157 1574 tulisse.
1189 1508 1269 1574 Per-

146 1632 250 1696 pessus
266 1610 396 1674 omnium
413 1632 514 1674 rerum
529 1610 679 1695 inopium3
702 1633 780 1679 nuuc
796 1632 870 1675 uero
884 1631 979 1694 poene
994 1621 1027 1673 ut
1042 1612 1122 1675 leros
1138 1611 1269 1674 circum-

145 1712 277 1777 munitos
286 1713 438 1797 probiberi
452 1733 541 1796 aquo,
558 1713 710 1798 probiberi
724 1714 874 1799 ingressu,
892 1713 1265 1796 nequecorporedolorem

110 1813 244 1898 bneque
259 1815 359 1879 unimo
374 1815 566 1897 ignominiam
588 1817 669 1880 terre
691 1814 791 1899 posse.
822 1812 927 1899 ltaque
947 1836 981 1880 se
995 1816 1093 1879 uictos
1108 1815 1264 1878 confiteri:
1290 1825 1319 1879 tt

146 1938 236 1982 orare
250 1929 338 1999 atque
354 1917 533 1994 obsecrare,
556 1919 583 1981 si
599 1919 648 2001 qui
663 1919 747 1983 locus
763 1918 984 1982 misericordiae
999 1917 1204 2000 relinquetur,
1227 1937 1266 1981 ne

145 2021 183 2084 nd
199 2019 331 2083 ultimum
348 2018 522 2103 supplicium
537 2021 677 2104 progredi
692 2043 816 2086 necesse
832 2022 972 2087 babeant.
996 2018 1080 2084 llaec
1096 2041 1183 2102 quam
1199 2029 1266 2103 pot·

90 2121 194 2192 Bbest
209 2122 423 2190 demississimo
438 2132 468 2186 et
481 2123 701 2188 subiectissime
717 2124 852 2208 exponit.
900 2123 950 2187 Ad
965 2143 1001 2186 ea
1011 2117 1127 2189 Cacsar
1141 2141 1266 2204 respou-

92 2281 94 2284 .
146 2225 205 2297 dits
221 2223 308 2295 Nulli
324 2225 453 2289 omnium
471 2226 524 2289 bas
539 2226 632 2308 partis
648 2226 696 2290 uel
711 2226 913 2308 querimoniae
928 2226 977 2287 uel
992 2224 1195 2288 miserationis
1210 2223 1265 2287 mi-

108 2325 203 2392 2nus
219 2329 411 2392 conuenisse.
446 2326 592 2410 Reliquos
608 2327 686 2391 enim
702 2327 798 2390 omnis
814 2326 939 2389 officium
956 2348 1041 2390 suum
1057 2327 1263 2411 praestitisset
1285 2333 1319 2391 m

145 2451 190 2501 rc,
208 2430 257 2510 qui
272 2430 361 2492 etium
371 2429 448 2492 bonu
456 2428 643 2505 condicione,
663 2438 693 2491 et
707 2425 775 2490 loco
789 2438 819 2492 et
836 2438 968 2512 tempore
977 2450 1086 2513 aequo,
1103 2430 1265 2511 confligere

144 2529 292 2606 nolucrit,
311 2539 345 2591 ut
359 2550 445 2611 quum
460 2529 655 2611 integerrima
671 2541 773 2593 essent
788 2531 823 2594 cd
840 2553 942 2615 pacem
959 2533 1076 2609 omnia3
1094 2532 1262 2592 exercitum

145 2650 245 2708 suurn,
263 2629 317 2712 qui
327 2630 437 2694 iniuria
452 2630 540 2694 etiam
557 2640 679 2714 occepta
694 2633 815 2715 suisque
830 2635 1079 2714 interfectisquos
1094 2631 1125 2692 in
1141 2648 1195 2693 suu
1210 2651 1263 2713 po-

143 2743 255 2802 testate
270 2733 406 2798 bnbuerit
421 2733 607 2798 conseruerit
622 2745 652 2798 et
667 2737 795 2815 texeritq
813 2737 893 2801 illius
903 2735 1189 2817 deniqueexercitos
1205 2732 1262 2795 mi-

143 2835 231 2915 lites,
249 2836 299 2921 qui
315 2856 417 2921 perse
433 2836 468 2900 de
484 2837 669 2900 concilianda
686 2859 758 2921 pace
774 2840 909 2922 egeriot3
936 2857 995 2920 epra
1014 2836 1046 2899 iu
1067 2855 1103 2898 ro
1127 2834 1316 2900 omniunt

109 2937 266 3004 asnorum
283 2940 362 3004 uitae
378 2939 590 3005 consulendum
606 2941 747 3024 putarint.
795 2938 846 3006 Sic
869 2940 998 3004 omnium
1014 2938 1151 3002 ordinum
1167 2937 1260 3021 partis

142 3045 174 3108 in
189 3042 393 3110 misericordia
409 3041 601 3106 constitisse:
626 3042 708 3127 ipsos
731 3044 854 3108 ducesu
878 3063 950 3127 pace
972 3040 1183 3119 abhorruisse3
1206 3060 1260 3103 eos

142 3166 237 3227 neque
252 3145 379 3228 colloqui
396 3166 492 3228 neque
507 3145 686 3212 indutiarum
701 3147 769 3210 iura
787 3167 927 3210 seruasse
943 3156 974 3210 et
989 3145 1124 3209 homiues
1140 3142 1260 3228 imperi·

104 3247 126 3311 4
142 3257 188 3310 tos
204 3257 235 3310 et
251 3267 303 3330 per
318 3247 496 3328 colloquium
512 3248 650 3332 deceptos
666 3249 870 3312 crudelissime
886 3248 1086 3312 interfecisse.
1104 3246 1261 3310 decidisse

143 3350 233 3434 igitur
248 3348 313 3426 bis,
338 3349 415 3430 quod
432 3349 601 3435 plerumque
618 3350 768 3413 bominum
785 3350 874 3412 nimia
891 3351 1057 3432 pertinacia
1074 3360 1160 3432 utque
1177 3369 1260 3411 arro-
1282 3357 1319 3410 30

247 3591 387 3643 Ήιιίιιιιιιι
402 3592 512 3641 aduersu
525 3607 561 3640 ecc
574 3607 626 3642 uno
639 3590 693 3643 det.
708 3606 735 3643 u.
863 3592 878 3643 b
892 3591 1021 3658 colloqutu
1035 3592 1084 3653 ab,
1099 3590 1229 3654 colloquio
1243 3606 1258 3639 c

140 3670 221 3734 (conl.
235 3671 273 3736 u).
379 3671 394 3722 i
408 3670 503 3736 siquid
519 3671 587 3735 loqui
603 3671 627 3720 b.
751 3671 778 3722 ll
796 3671 927 3721 noluerint
940 3669 1103 3735 (o)tAlduc‚
1119 3669 1260 3719 uoluerunt

139 3751 213 3799 ‘mcc
227 3750 336 3801 omncc'.
459 3749 490 3800 ta
504 3765 567 3814 pene
580 3764 607 3798 a.
726 3749 795 3801 leros
810 3749 836 3800 V
835 3755 931 3812 ossius,
949 3750 1056 3801 leminea
1070 3749 1148 3798 codd.

139 3825 172 3876 ll
186 3828 324 3894 probqberi
337 3828 425 3878 altero
438 3827 496 3878 loeo
508 3843 535 3877 ιι.
642 3828 672 3879 15
687 3829 723 3880 itu
735 3844 763 3880 sc
774 3830 798 3880 b.
905 3830 936 3881 to
945 3829 1148 3880 dominissimcu.

138 3909 165 3953 ⁰2
177 3917 193 3950 ⁰
203 3903 227 3963 b,
243 3911 320 3969 utque
334 3920 361 3953 '¹-
466 3905 496 3954 ¹⁹
510 3904 592 3970 pflt'lls
605 3905 655 3954 ab·
758 3907 792 3959 20
806 3906 888 3956 omnis
900 3922 917 3954 a
928 3907 952 3955 b.
1062 3904 1170 3954 officinm
1184 3918 1257 3954 sunm

138 3994 155 4028 u
168 3978 332 4043 Stephanus,
347 3995 420 4031 suum
434 3980 543 4030 ollleium
551 3980 722 4031 ceteruccdd.
809 3982 991 4046 prestitisscu.
1078 3981 1109 4035 ll
1122 3998 1149 4031 sc
1160 3983 1257 4044 Aldus,

137 4071 191 4107 om.
205 4070 222 4104 u
237 4054 320 4105 ‘mcc’
436 4057 584 4106 conditione
599 4073 630 4107 ue
643 4073 670 4109 u.
787 4064 814 4107 et
827 4058 883 4108 loco
896 4074 949 4108 cm.
965 4060 990 4108 b.
1096 4059 1129 4112 22
1145 4058 1259 4108 uoluerit

135 4132 232 4194 Aldus,
249 4132 379 4182 noluerint
391 4146 408 4181 u
418 4132 442 4181 d.
547 4133 580 4187 26
594 4135 676 4198 pertis
689 4134 739 4184 ob.
845 4136 879 4188 28
892 4150 975 4200 oeque
987 4134 1110 4200 colloquii
1123 4149 1175 4186 om.
1188 4151 1201 4184 c
1215 4136 1257 4184 ed.

139 4210 237 4261 croco.
251 4215 279 4260 ct
290 4213 349 4260 sinc
361 4210 539 4257 annotatione
551 4224 569 4258 u
582 4210 706 4275 (colloqui
719 4209 758 4274 a).
864 4212 1026 4262 induciarum
1039 4211 1087 4277 (a).
1185 4214 1218 4268 2⁹
1232 4219 1258 4262 et

136 4304 190 4340 om.
204 4290 228 4338 b.
333 4286 366 4337 30
378 4285 505 4335 bominum
519 4286 617 4351 abed,
632 4287 777 4339 bominibus
791 4302 819 4338 u.
