2684 4694
77 216 142 285 618
504 215 562 283 ΒΕ
585 213 730 281 uncto
754 209 888 279 ctvttt
968 228 971 235 ·

100 386 238 473 bpaucis
259 386 362 452 dicbus
379 388 473 451 uenit.
505 386 631 452 Biduum
648 390 824 472 tempestate
839 393 972 448 retentus
987 382 1177 468 nauibusque
1191 386 1265 453 aliis

99 488 121 554 6
135 491 244 556 additis
267 491 410 553 actuariis
427 491 456 553 iu
474 487 610 555 Ciliciam
626 500 717 572 atque
730 489 800 552 inde
815 482 949 571 Cyprum
965 487 1115 569 peruenit.
1147 487 1194 553 tbi
1208 512 1264 555 co·

136 591 257 677 gnoscit
275 612 426 655 consensu
440 593 570 656 omnium
586 591 836 655 Antiochensium
852 588 1021 671 ciuiumque
1036 587 1261 672 Romanorum,

136 696 187 778 qui
207 693 269 757 illic
292 694 538 779 negotiarentur,
563 714 662 758 arcem
685 703 799 777 captum
823 711 892 755 csse
907 691 1087 756 excludendi
1103 694 1151 758 sui
1167 716 1265 760 causa

136 797 317 879 nuntiosque
340 796 478 861 dimissos
501 797 537 859 ad
561 817 634 875 eos,
659 796 709 878 qui
723 815 758 858 se
772 815 813 857 ex
828 794 897 877 luga
911 794 942 856 in
960 794 1101 859 finitimas
1116 797 1261 863 ciuitates
1285 811 1301 862 t

136 899 288 983 recepisse
303 899 485 977 dicerentur,
497 921 534 963 ne
549 898 740 963 Antiochiam
756 896 890 960 adirent:
901 896 930 959 id
945 896 971 959 si
983 899 1136 976 fecissent,
1148 921 1264 984 magno

101 1000 242 1066 luorum
265 1001 369 1085 capitis
385 1001 518 1085 periculo
533 1001 674 1065 futurum.
706 995 789 1063 ldem
805 998 861 1063 boc
875 995 914 1062 L.
930 996 1081 1079 Lentulo,
1103 1002 1152 1084 qni
1166 1021 1263 1086 supe-

136 1103 220 1167 riore
241 1122 321 1165 anno
344 1098 451 1166 co'nsnl
473 1104 589 1182 luerat,
614 1113 645 1167 et
665 1099 703 1166 P.
721 1097 852 1164 Lentulo
875 1101 1027 1166 consulari
1048 1122 1084 1166 ac
1105 1105 1263 1169 nonnullis

81 1207 82 1210 ’
137 1203 206 1267 aliis
222 1203 557 1290 accideratRbodi3qui
573 1228 640 1270 cnm
650 1226 691 1270 ex
700 1205 771 1289 fuga
778 1199 953 1286 Pompeium
961 1214 1160 1287 sequerentur
1168 1216 1264 1290 atque

137 1305 170 1370 iu
183 1305 311 1370 insulam
328 1309 502 1386 uenissent,
520 1308 627 1394 oppido
642 1329 677 1372 ac
693 1317 780 1392 portu
794 1306 907 1389 recepti
922 1326 982 1369 non
997 1318 1084 1370 erant
1097 1307 1263 1392 missisque
1289 1322 1321 1376 tt

137 1408 176 1472 ad
190 1429 243 1473 eos
259 1410 391 1488 nantis,
409 1421 441 1475 nt
456 1432 497 1475 ex
512 1412 558 1475 bis
573 1412 649 1477 locis
664 1409 869 1486 discederent,
885 1419 991 1472 contm
1005 1407 1191 1473 uoluntatem
1206 1431 1262 1475 su-

102 1504 186 1572 dam
202 1530 295 1574 naues
310 1511 479 1576 uoluerunt.
511 1511 632 1596 lamque
648 1514 684 1578 de
700 1510 844 1577 Caesaris
858 1511 989 1574 aduentu
1004 1511 1082 1574 lanm
1096 1511 1134 1574 ad
1149 1512 1261 1576 ciuita-

80 1608 201 1680 lutus
222 1612 439 1695 perferebatur.
470 1612 586 1696 Quibus
608 1616 737 1701 cognitis
759 1615 848 1679 rebus
862 1612 1021 1695 Pompeius
1045 1612 1180 1696 deposito
1204 1615 1263 1679 ad-

137 1712 253 1776 eundae
269 1710 378 1800 Syriae
394 1718 519 1781 consilio
543 1719 668 1801 pecunia
691 1717 844 1781 societatis
864 1714 978 1779 sublata
999 1723 1062 1777 eta
1078 1712 1260 1796 quibusdam

137 1815 263 1899 priuatis
279 1829 394 1902 sumpta
411 1830 442 1883 et
456 1821 536 1884 aeris
551 1842 660 1904 magno
676 1822 807 1905 pondere
831 1818 870 1882 ad
883 1816 1039 1880 militarem
1053 1816 1188 1879 usumin
1202 1839 1261 1881 na·
1290 1831 1320 1884 tt

136 1936 192 1980 nes
208 1917 337 2002 inposito
353 1920 526 2006 duobusque
541 1923 659 1987 milibus
674 1923 826 1987 bominum
841 1919 984 1996 armatis,
1004 1917 1110 2002 partim
1125 1939 1200 2002 quos
1216 1941 1262 1984 ex

137 2018 258 2082 familiis
274 2022 450 2087 societatum
473 2025 644 2112 delegerat,
670 2026 776 2111 partim
800 2047 818 2088 a
839 2020 1076 2107 negotiatoribus
1099 2028 1258 2104 coegerat,

136 2142 272 2205 quosque
287 2144 329 2187 ex
342 2127 406 2190 suis
422 2128 547 2212 quisque
563 2129 600 2194 ad
616 2130 692 2193 banc
707 2149 772 2192 rem
787 2126 910 2190 idoneos
933 2122 1142 2200 existimabat,
1162 2120 1259 2186 Pelu-

100 2221 213 2288 2sium
229 2228 378 2310 peruenit.
410 2226 454 2293 lbi
470 2252 542 2295 casu
557 2252 615 2295 rex
629 2228 904 2307 eratPtolemaeus,
922 2248 997 2312 puer
1011 2236 1121 2302 aetate,
1136 2224 1258 2308 magnis

137 2327 232 2411 copiis
248 2328 595 2417 cnmsororeCleopatrs
605 2333 712 2400 bellum
727 2353 850 2417 gerens,
868 2351 955 2414 quam
970 2329 1074 2413 paucis
1088 2338 1158 2392 ante
1173 2347 1260 2391 men·
1280 2339 1314 2394 at

135 2428 218 2492 sibus
234 2452 287 2512 per
302 2452 374 2495 suos
390 2435 570 2518 propinquos
586 2447 676 2518 atque
691 2437 802 2500 amicos
824 2455 918 2517 regno
942 2432 1116 2516 expulerat,
1142 2441 1256 2494 castra·

99 2525 192 2611 iique
209 2526 388 2615 Cleopatras
412 2556 472 2599 non
494 2539 584 2624 longo
605 2540 702 2622 spatio
723 2539 760 2601 ab
784 2539 848 2602 eius
869 2536 978 2599 castris
1002 2532 1163 2597 distabant.
1203 2531 1254 2595 Ad

134 2651 202 2696 sum
218 2629 378 2718 Pompeius
394 2637 486 2717 misit,
503 2650 537 2703 nt
551 2662 605 2724 pro
622 2641 751 2725 bospitio
766 2652 860 2723 atque.
869 2638 1000 2702 amicitia
1016 2637 1109 2721 patris
1120 2635 1256 2699 Alexan-

98 2733 200 2799 ddria
215 2737 403 2821 reciperetur
423 2751 513 2825 atque
535 2742 616 2807 illius
638 2744 742 2826 opibus
764 2744 795 2806 in
811 2741 978 2807 calamitate
994 2749 1160 2822 tegeretur.
1192 2733 1256 2801 Sed

133 2838 183 2920 qui
198 2839 235 2902 ab
251 2862 287 2905 ec
302 2842 386 2906 missi
403 2855 500 2922 erant,
517 2847 654 2909 conlecto
670 2845 829 2929 legationis
845 2844 940 2908 ollicio
955 2842 1078 2907 liberius
1094 2862 1160 2904 cum
1176 2839 1257 2903 mili·
1278 2849 1311 2903 25

132 2939 211 3005 tibus
232 2944 313 3028 regis
338 2945 465 3028 colloqui
490 2959 656 3031 coeperunt
678 2967 788 3030 eosque
804 2946 938 3024 hortari,
963 2956 996 3008 ut
1015 2964 1100 3009 suum
1123 2942 1254 3003 officium

95 3038 273 3127 5Pcmpeio
290 3060 480 3130 praestarent
495 3069 572 3113 nene
588 3050 653 3114 eins
670 3052 819 3114 loctunam
829 3050 1030 3133 ‹lespicerent
1047 3043 1253 3109 inhacerant

130 3162 255 3209 numero
271 3152 438 3234 complures
453 3149 576 3237 Pompei
592 3153 712 3229 milites,
730 3175 804 3237 quos
820 3173 860 3217 ex
876 3155 940 3216 eius
956 3150 1093 3214 exercitu
1111 3156 1253 3229 acceptos

129 3241 161 3306 in
179 3241 270 3331 Syria
280 3248 426 3317 Gabinius
442 3252 659 3318 Alexandriam
675 3257 851 3320 traduxerat
866 3253 1003 3335 belloque
1019 3253 1156 3315 conlecto
1172 3248 1252 3330 apud

72 3342 369 3430 ttttt’totemaeum,
394 3367 506 3437 patrem
524 3358 619 3441 pueri,
637 3357 810 3441 reliquerat.
859 3356 914 3419 llis
930 3364 1000 3418 tunc
1016 3353 1145 3437 cognitis
1160 3349 1254 3414 rebus
1277 3353 1309 3412 tt

236 3507 423 3559 2addnctisb.
541 3513 804 3564 idatiocensiumu.
928 3508 1140 3561 immam·

129 3582 143 3632 b
157 3582 270 3635 dimissis
282 3591 347 3636 ants
360 3604 429 3639 corr.
445 3606 471 3640 u.
579 3593 593 3644 d
607 3589 768 3656 dicerentur]
783 3590 936 3640 uiderentur
945 3588 970 3638 b.
1075 3583 1254 3637 ltdfulssfflm

127 3672 153 3723 a,
168 3661 307 3715 affuturum
321 3666 344 3715 b.
458 3668 505 3719 boc
517 3685 570 3720 om.
586 3670 611 3719 b.
735 3669 750 3720 9
763 3669 805 3735 qui
820 3683 877 3719 cnm
891 3683 914 3730 c,
930 3667 1072 3732 quicunque
1085 3663 1136 3712 ab·

127 3733 157 3787 11
172 3746 202 3788 ut
213 3755 266 3791 om.
280 3757 307 3793 c.
412 3758 444 3792 ex
459 3744 526 3794 bisc
540 3745 600 3796 edd.
611 3749 730 3811 priores,
746 3760 778 3795 ax
794 3745 827 3796 iis
841 3744 872 3795 P.
885 3743 1028 3794 Manutius
1040 3755 1068 3790 u.
1186 3753 1254 3790 sm

126 3827 152 3863 a.
288 3819 319 3870 ts
331 3819 469 3872 sciuerunt
481 3822 540 3873 eod.
555 3823 618 3874 Vra.
632 3830 661 3874 st
672 3822 819 3874 secuudum
831 3821 956 3888 Bspsrla's'
964 3819 1106 3871 silentium
1118 3830 1145 3880 a,
1161 3814 1253 3866 solua-

97 3946 106 3963 ·
125 3896 186 3940 rent
198 3892 234 3941 bc
246 3899 274 3944 at
284 3895 431 3946 seeundum
443 3900 632 3951 Acdatntrs'um
645 3918 662 3950 u
675 3899 822 3967 (uoluerant
835 3897 1029 3955 ls'uacosantul·
1186 3895 1219 3946 ¹⁴
1231 3908 1249 3943 ¹

125 3980 178 4016 om.
192 3983 208 4017 a
220 3969 244 4019 b.
363 3972 393 4022 tt
408 3989 499 4038 magno
512 3979 638 4046 pondere]
652 3995 807 4045 magnopere
819 3983 885 4028 ants
898 3994 970 4030 corr.
985 3994 1011 4029 c.
1131 3973 1163 4024 lb
1175 3973 1252 4039 inpo-

124 4043 176 4095 sito
188 4061 215 4095 u.
340 4049 370 4101 11
384 4058 443 4101 erat
456 4069 507 4104 om.
521 4072 548 4107 a.
670 4056 835 4108 Ptolemaeus
849 4057 955 4120 Aldua,·
970 4054 1135 4109 Ptbolomeus
1147 4051 1251 4117 ubique

121 4135 148 4184 a,
162 4120 310 4175 Ptolomeus
327 4126 399 4178 ‘mse
413 4133 535 4198 semper-⁹.
685 4136 852 4203 stuporibus
866 4152 882 4185 a
893 4137 917 4186 b.
1057 4134 1091 4190 25
1105 4131 1212 4184 sumni
1224 4132 1250 4183 1·

230 4204 263 4255 st
276 4213 471 4272 praestaret-
485 4212 635 4278 despiceret
645 4230 662 4264 a
672 4215 716 4265 bc.
822 4215 856 4269 28
869 4213 972 4280 Pompei
986 4229 1012 4264 u.
1129 4211 1164 4264 29
1178 4210 1253 4277 sifi·

121 4293 161 4330 am
176 4283 228 4334 ab.
335 4284 462 4340 Gauinius
475 4305 502 4353 a,
519 4288 634 4342 Gauinus
649 4293 673 4342 b.
