2692 4688
332 174 334 179 ’
436 166 576 237 ΟΟΙΜ.
592 167 639 234 ΙΙΙ
653 162 748 234 GAP.
766 166 916 237 10-12.
1226 167 1290 236 817

114 351 265 407 tentorum
282 341 413 423 equitum
423 339 640 418 Romanorum,
657 339 780 405 rebellio
797 342 875 404 lacta
890 349 958 424 post
972 339 1163 419 deditionem,
1181 342 1233 406 ds·

112 443 202 509 lectio
217 443 296 506 detis
312 442 484 519 obsidibus,
503 453 548 506 tot
562 445 716 509 ciuitatum
733 444 920 518 coniuratio,
944 441 1098 527 inprimis,
1121 444 1232 510 nebus

116 554 201 631 perte
224 544 364 628 neglecta
386 545 519 629 reliquae
542 547 680 610 nationes
701 546 758 610 sibi
780 547 858 609 idem
881 545 972 609 licere
1002 545 1231 611 arbitrarentur.

114 647 220 731 ltaque
244 668 312 710 cum
335 647 527 729 intellegeret
540 670 643 712 omues
659 650 722 713 iere
739 648 845 712 Gallos
861 649 946 711 nouis
962 649 1053 712 rebus
1068 651 1189 713 studere
1204 661 1236 715 et
1250 649 1270 714 3

77 765 94 815 tt
116 751 154 815 nd
170 750 278 814 bellum
295 749 445 814 mobiliter
467 751 665 834 celeriterque
679 751 828 827 excitari,
851 771 955 814 omnes
976 761 1077 815 autern
1100 750 1236 816 homines

113 863 223 917 nature
237 851 367 915 libertati
383 853 504 916 studere
519 862 549 915 et
557 853 761 916 condicionem
769 854 925 916 seruitutis
934 853 1045 928 odisse,
1063 853 1236 936 priusquam

114 957 217 1038 plures
232 954 370 1018 ciuitates
392 955 612 1038 conspirarent,
628 955 813 1039 partiendum
830 956 886 1019 sibi
902 977 938 1019 ac
952 956 1041 1018 latius
1057 955 1236 1019 distribuen-

116 1059 187 1123 dum
208 1056 374 1121 exercitum
390 1058 519 1140 putauit.
550 1054 657 1139 lteque
670 1055 772 1120 Titum
787 1055 953 1122 Labienum
969 1058 1098 1142 legatum
1114 1059 1145 1120 iu
1160 1056 1239 1123 'l'ro-
1253 1057 1293 1129 ll

115 1180 219 1236 ueros,
237 1158 288 1240 qui
303 1157 432 1242 proximi
449 1159 561 1222 llumini
575 1157 686 1223 Rbeuo
700 1170 781 1237 sunt,
798 1181 865 1223 cum
882 1160 1013 1243 equitatu
1026 1161 1127 1224 mittit.
1160 1158 1272 1227 fluet

58 1274 93 1329 tt
114 1262 248 1339 mandet,
264 1258 379 1325 Ile-os
395 1261 584 1344 reliquosque
591 1258 703 1346 Belgas
719 1262 806 1325 adest
820 1271 910 1344 utque
925 1262 957 1325 iu
972 1262 1068 1326 officio
1084 1263 1238 1328 contineat

116 1361 355 1446 Germanosque,
372 1362 422 1445 qui
437 1363 550 1426 auxilio
564 1361 691 1446 allelgis
706 1365 846 1428 arcessiti
861 1364 1048 1443 dicebantur,
1065 1365 1092 1428 si
1107 1366 1237 1448 peruius
1275 1366 1293 1376 ”

116 1465 244 1531 nauibus
264 1466 373 1529 dumeu
396 1465 526 1529 transire
542 1477 700 1545 conentur,
723 1466 890 1550 probibeat.
936 1464 1075 1531 Publium
1091 1463 1273 1532 Crassum3

117 1590 182 1633 rum
197 1567 369 1633 cobortibus
385 1568 615 1652 legionariisxtt
631 1579 662 1634 ct
675 1591 784 1655 magno
800 1590 925 1633 numero
940 1569 1090 1652 equitatus
1100 1569 1131 1633 in
1143 1571 1238 1658 Aqui·

117 1671 229 1735 tauium
251 1671 400 1754 proticisci
423 1669 525 1748 iubet,
550 1691 588 1734 nc
610 1691 651 1734 ex
673 1672 719 1736 bis
741 1673 911 1735 ustionibus
933 1673 1048 1735 auxilio
1062 1673 1094 1735 in
1109 1669 1237 1737 Galliam

66 1785 96 1839 tt
119 1774 295 1851 mittantur,
321 1794 357 1837 uc
374 1783 474 1837 tantus
490 1773 627 1838 nationes
644 1775 877 1859 coniungantur.
923 1771 1069 1855 Quintum
1086 1773 1237 1837 Titurium
1252 1774 1275 1839 4

118 1872 264 1940 Sabinum
285 1876 414 1961 legatum
438 1897 505 1939 cum
520 1876 688 1959 legionibus
703 1878 799 1940 tribus
820 1878 851 1939 iu
866 1875 1013 1954 Vnellos,
1040 1872 1240 1941 Curiosolites

119 1976 334 2060 Lexouiosque
350 1979 453 2055 mittit,
471 1979 520 2060 qui
537 1999 601 2042 eum
618 1999 736 2042 manum
751 1979 950 2042 distinendam
965 1989 1061 2042 curet.
1083 1976 1239 2043 Decimum
1255 1975 1275 2041 5

122 2077 248 2143 Brutum
263 2079 479 2145 adulescentem
497 2081 587 2144 classi
603 2077 788 2162 Gallicisque
803 2080 943 2157 nauibus,
962 2101 1035 2162 quas
1053 2101 1092 2144 cx
1107 2077 1241 2146 Pictoni-

120 2181 178 2247 bus
194 2191 227 2247 ot
240 2177 383 2247 Santonis
398 2183 580 2266 reliquisque
596 2183 709 2269 pecatis
725 2180 897 2265 regionibus
919 2183 1081 2244 conuenire
1096 2182 1239 2260 iusserat,

62 2295 97 2351 rt)
119 2284 255 2369 praeficit
268 2295 312 2363 et,
328 2284 536 2369 cumprimum
552 2295 674 2369 posset,
691 2284 722 2347 in
737 2282 875 2349 Venetos
890 2283 1039 2368 proficisci
1054 2283 1147 2345 iubet.
1172 2281 1241 2368 lpse

122 2408 160 2451 co
174 2387 363 2471 pedestribus
378 2388 472 2472 copiis
488 2388 651 2451 contendit.
697 2385 796 2450 Erant
819 2386 964 2449 eiusmodi
986 2388 1049 2450 iere
1071 2385 1145 2449 situs
1161 2388 1243 2472 oppi·
1257 2386 1299 2458 12

122 2491 237 2566 durum,
255 2500 289 2553 ut
303 2490 400 2572 positu
415 2490 447 2553 in
462 2492 607 2555 extremis
621 2489 741 2573 lingulis
758 2490 1028 2572 promunturiisque
1044 2509 1141 2573 neque
1160 2490 1242 2573 pedi·

122 2591 178 2656 bus
199 2592 312 2657 aditum
334 2593 497 2668 baberent,
524 2613 588 2655 cum
611 2613 651 2656 ex
675 2593 737 2655 alto
758 2612 791 2654 se
814 2603 916 2657 aestus
938 2592 1144 2671 incituuissct,
1163 2594 1242 2677 qnod

123 2695 200 2780 [bis]
216 2695 326 2759 accidit
339 2716 458 2779 semper
473 2695 612 2759 horarum
622 2704 672 2759 xit
687 2694 796 2779 spatio,
814 2716 909 2777 neque
926 2694 1063 2774 nauibus,
1080 2695 1157 2776 quod
1173 2715 1242 2758 rur·

231 2919 302 2969 itot
313 2919 408 2970 ciuium
421 2919 567 2970 coniuratio
572 2920 603 2984 s.
691 2921 865 2972 dlicercom.
882 2919 914 2970 C.
987 2916 1240 2980 iintelligeretsec.

124 3014 161 3049 us.
174 3000 208 3048 Β.
343 3000 359 3050 b
372 2999 489 3050 libertati
501 2999 621 3060 studere]
633 2998 774 3051 ‘libertatis
787 3000 903 3049 studiose
915 2996 1021 3046 incituri
1034 2995 1080 3044 uel
1090 2995 1177 3046 studio
1190 2996 1243 3055 luc,

124 3074 267 3140 bed’ej,
279 3091 394 3140 quorum
407 3076 564 3142 studioses,
578 3076 664 3127 studio
678 3092 706 3126 se
720 3078 768 3129 de.
874 3077 1048 3127 conditionem
1062 3079 1072 3138 t
1096 3077 1117 3141 ).

124 3154 796 3222 ttisuuu,r.u.,om.rtouoardusp.outa.
906 3153 1065 3221 in]iuterb.
1181 3150 1244 3203 Tre-

125 3231 591 3296 unsuffrsutmsrtuuoarum.
695 3234 925 3299 unanimous.
1047 3232 1243 3297 libonotum.

123 3311 166 3375 A,
180 3310 254 3364 Reno
266 3311 448 3365 Fiodoardus.
553 3320 615 3365 suut
626 3328 680 3365 om.
695 3314 719 3362 b.
824 3314 960 3379 seqnitutu
972 3313 1005 3363 Β.
1127 3310 1199 3360 misit
1212 3310 1244 3362 0.

235 3389 265 3441 ll
281 3389 313 3440 ab
325 3389 412 3454 llelgis
425 3391 450 3441 B
461 3391 516 3442 etb
528 3391 575 3441 uel
586 3391 618 3441 ab
633 3394 683 3440 ist.
699 3404 770 3439 uere.
781 3390 913 3456 posidet),
927 3388 1038 3439 abbellis
1048 3387 1074 3437 A
1085 3385 1139 3449 (‘ub
1152 3381 1218 3435 uitis
1230 3385 1245 3436 b
1266 3388 1270 3452 J

127 3467 232 3521 Caecus·
244 3483 377 3533 nusquam
390 3469 502 3520 uidetur
510 3469 647 3536 posuisse’
660 3468 818 3532 Sebosid.i,·
832 3468 916 3519 Gallis
929 3471 1027 3519 omisso
1043 3465 1094 3531 as.
1215 3510 1220 3516 .

126 3544 387 3609 irruiturum.
402 3561 430 3597 tt.
542 3547 722 3600 idducdecim
735 3545 795 3610 (Β).
935 3543 1101 3610 tbQuintum
1115 3539 1244 3606 ΒΑΜ.

242 3623 273 3675 ld
288 3621 461 3675 Curiosolites
480 3625 522 3687 A,
543 3624 712 3676 Coriosolites
732 3624 835 3686 BCD,
858 3621 1029 3674 Curiosolitos
1046 3621 1084 3682 Β,
1107 3619 1248 3671 Coriosoli-

127 3703 205 3769 tsss.
347 3702 378 3754 il
392 3701 570 3769 Lexouiosque
585 3703 616 3765 b,
630 3701 812 3767 Leuobiosque
821 3702 855 3752 B.
1000 3698 1132 3749 Decimum
1145 3697 1171 3747 A
1178 3697 1248 3762 ΒΕ,

127 3778 161 3831 Β.
174 3796 192 3830 u
205 3784 235 3829 ct
246 3778 353 3829 adiecto
366 3795 419 3829 sse.
432 3795 470 3830 m.
484 3783 536 3830 int.
549 3795 621 3830 uns.
636 3780 720 3830 esium
726 3780 756 3845 ss
907 3778 939 3830 ts
952 3776 1146 3827 adulescentem
1160 3775 1250 3827 ΒΒΒ

127 3864 155 3910 et
168 3874 229 3908 eum
242 3873 257 3907 o
269 3872 352 3922 super
364 3874 380 3908 u
392 3859 427 3909 A.
567 3859 599 3910 tu
613 3858 750 3909 Sanctonis
765 3858 802 3922 C,
816 3856 985 3921 Santouiiss.
1109 3854 1249 3905 conuenire

128 3933 242 3996 iecerat,
257 3933 421 4000 preelecits.
526 3935 557 3986 2l
574 3932 721 4000 eo]cums.
843 3935 995 4000 obpidornm
1006 3934 1046 3983 A.
1154 3930 1252 3983 ruttu-

128 4013 200 4076 suris
213 4017 241 4062 st
253 4015 283 4061 iu
295 4027 383 4078 marg.
398 4012 540 4078 Lingurunu
553 4029 577 4063 s.
767 4013 1004 4079 promunturiisque
1017 4012 1086 4074 BG,
1101 4015 1251 4077 promuntu-

128 4090 246 4156 riisquee
259 4103 319 4147 cum
334 4105 348 4139 o
361 4105 443 4156 super
454 4105 496 4141 mu
509 4092 549 4153 A,
564 4089 799 4156 promuntoriisqus
820 4089 960 4156 ‘plerique
968 4089 984 4153 ’,
999 4085 1249 4156 promunctoriisqns

127 4167 221 4231 nus.
243 4165 583 4220 numeraturum.
687 4167 721 4221 24
751 4167 757 4178 “
785 4182 839 4219 ont.
855 4168 959 4229 Osos„
979 4167 1020 4217 bis
1034 4181 1057 4215 e.
1082 4158 1170 4214 P-di.

130 4245 235 4297 secedit
248 4245 273 4296 A
283 4244 304 4293 B
314 4243 336 4294 C
343 4243 406 4294 DE.
512 4241 646 4294 duodecim
658 4242 692 4293 Β.
