2692 4688
415 222 871 301 domuerant-ras.
1023 180 1026 185 ⁵
1215 234 1285 303 aas

106 400 211 488 gantis
227 399 366 463 accidere
381 399 496 475 soleat,
521 400 564 463 uti
588 421 625 465 co
644 401 889 467 recommisit
905 402 1094 486 cupidissime
1109 417 1224 489 petant,

102 505 184 590 pund
201 503 288 586 pnnlo
303 511 374 564 ante
391 504 636 586 contempserint.
660 501 772 587 Neque
785 526 866 567 rrunc
881 525 916 569 sc
931 504 1046 569 itionum
1063 507 1226 575 humilitate
1241 509 1262 574 5

105 626 204 689 neque
219 605 319 686 aliqua
334 604 475 686 temporis
491 605 711 688 opportunitate
727 607 897 689 postulare,
920 607 1027 688 quibus
1049 609 1140 673 rebus
1155 631 1227 694 opes

102 717 278 793 augeantur
292 726 385 782 suaep
402 706 453 770 sed
469 728 522 769 eos
538 709 704 786 exercitus,
723 728 797 791 quos
813 720 918 773 eontra
932 731 967 775 se
982 713 1092 777 inultos
1106 713 1164 777 iem
1174 734 1228 777 an·

69 825 86 877 s
109 832 166 876 nos
179 808 323 884 sinerint,
340 809 416 873 uelis
432 809 550 905 dimitti.
574 807 686 892 Neque
695 811 783 874 cuim
794 833 851 875 scs
866 812 1002 895 legiones
1017 813 1075 879 alia
1089 815 1227 882 decanea
1241 813 1265 878 6

106 914 215 978 missus
231 912 261 976 in
271 909 448 994 Hispaniam
463 912 678 995 septimamque
691 912 732 976 ibi
749 914 946 997 conscriptam
964 919 1091 998 nepne†
1103 926 1147 980 tot
1162 928 1227 997 tau·

106 1025 213 1099 tasque
227 1014 335 1078 ctassis
351 1023 472 1096 paratas
491 1034 589 1097 neque
603 1013 767 1080 submissus
781 1016 873 1081 duces
888 1017 934 1080 rei
950 1017 1225 1102 militarisperitos.

105 1117 194 1183 Nihil
208 1117 311 1181 horum
327 1117 365 1180 ed
381 1117 529 1198 pacandas
544 1116 719 1201 Hispanias,
735 1119 810 1181 uidit
825 1119 863 1181 u'd
879 1141 962 1184 usum
980 1120 1150 1207 prouinciae
1159 1121 1262 1204 pro-7

108 1219 230 1296 uisum,
251 1238 330 1301 quae
350 1226 472 1301 propter
490 1219 712 1283 diuturnitatem
728 1219 809 1302 pacis
825 1221 937 1284 nullum
951 1223 1095 1287 auxilinm
1111 1223 1227 1288 deside·

51 1334 85 1385 tu
106 1321 196 1385 rurit.
212 1319 324 1385 Omnia
338 1321 413 1383 haec
427 1320 487 1382 iarn
503 1322 614 1402 pridem
623 1330 729 1386 contra
737 1343 771 1384 se
787 1325 906 1406 parari:
923 1325 954 1387 in
968 1346 1004 1389 se
1019 1326 1089 1389 noni
1105 1326 1226 1409 generis
1240 1323 1262 1391 8

109 1422 238 1506 imperia
251 1422 413 1500 comtitni,
440 1433 472 1486 ut
495 1424 572 1486 idem
593 1424 631 1487 ad
653 1435 755 1508 portus
772 1425 894 1489 urbanis
909 1427 1077 1508 praesideat
1090 1428 1182 1491 rebus
1197 1438 1228 1491 ct

104 1525 184 1590 duas
198 1523 443 1589 bellicosissimas
465 1526 636 1607 prouincias
658 1527 767 1591 absens
791 1537 835 1590 tot
853 1529 940 1593 antris
962 1528 1112 1606 obtineam
1140 1529 1171 1592 in
1192 1528 1263 1593 scd

109 1626 173 1691 iura
188 1625 418 1710 magistratuum
435 1629 632 1706 commutari,
655 1650 693 1694 nc
714 1650 756 1693 ex
778 1639 920 1714 praetura
940 1641 973 1695 ct
994 1633 1172 1709 consulatu,
1195 1641 1229 1695 nt

109 1750 248 1812 semper,
272 1729 327 1793 sed
341 1749 397 1812 per
410 1746 521 1815 pancos
536 1730 653 1814 probati
668 1741 700 1796 et
713 1732 802 1796 electi
818 1734 847 1795 in
864 1733 1034 1816 prouincias
1048 1734 1225 1812 mittantur,

49 1843 87 1895 tu
109 1832 141 1895 in
156 1851 192 1895 sc
205 1831 298 1895 etism
311 1831 419 1895 aetatis
442 1833 666 1897 excusationem
684 1835 757 1897 nihii
772 1835 892 1912 rulers,
915 1856 1003 1921 quoru
1026 1835 1228 1919 superioribus

108 1933 198 1996 hellis
213 1933 328 2016 probati
341 1933 380 1997 ad
400 1934 576 2017 optinendos
595 1937 750 1999 exercitus
771 1949 956 2015 edocentur,
979 1938 1009 1999 in
1033 1957 1067 2001 se
1089 1958 1148 2000 uno
1167 1958 1227 2000 non
1244 1934 1285 2000 10

109 2035 249 2112 seruari,
275 2033 353 2118 quod
367 2037 407 2099 sit
421 2036 558 2099 omuibus
573 2038 672 2101 dutum
689 2057 815 2122 semper.
823 2039 1069 2122 imperatoribus,
1091 2050 1126 2102 ut
1139 2039 1228 2103 rebus
1250 2094 1253 2099 .

112 2136 240 2200 feliciter
253 2137 346 2220 gestis
361 2148 414 2201 aut
429 2160 496 2201 cnm
513 2139 627 2203 honore
642 2140 809 2221 aliqno'aut
824 2150 907 2203 certe
923 2141 989 2203 sine
1004 2141 1228 2222 ignominiado·

109 2260 190 2302 ιιιιιιιι
205 2249 399 2303 reuertuntur
413 2242 640 2324 exercitumque
662 2243 820 2304 dimittant.
854 2239 940 2322 Quae
963 2252 1062 2302 tamen
1085 2242 1184 2302 omnia
1199 2251 1229 2302 ct
1246 2240 1283 2304 il

50 2351 87 2404 2⁰
110 2361 145 2404 se
159 2341 263 2407 tulisse
285 2341 434 2426 patienter
454 2353 486 2406 et
500 2364 567 2408 esse
584 2345 730 2408 daturum:
757 2365 852 2428 neque
868 2365 946 2407 nunc
962 2342 990 2404 id
1012 2362 1119 2427 agere,
1144 2352 1177 2403 ut
1191 2341 1228 2404 ab

109 2443 171 2509 iliis
185 2444 342 2511 abductum
358 2445 525 2509 exercitum
541 2457 643 2510 teneam
657 2448 738 2531 ipse,
754 2447 832 2531 qnod
849 2458 948 2511 tamen
964 2445 1021 2510 sibi
1038 2444 1152 2509 difficile
1169 2465 1227 2506 non

109 2547 161 2624 sit,
178 2547 232 2611 sed
248 2568 286 2611 nc
301 2547 345 2610 itti
362 2547 501 2626 habeant,
520 2561 697 2632 quocontra
714 2572 747 2614 se
763 2552 805 2614 nti
823 2551 948 2635 possint.
972 2547 1114 2627 Proinde,
1133 2559 1166 2611 ut
1180 2570 1226 2612 es·
1247 2546 1286 2611 12

110 2658 157 2712 set
171 2649 294 2728 dictum,
311 2649 474 2734 prouinciis
491 2652 673 2716 excederent
688 2654 913 2738 exercitumque
929 2653 1133 2727 dimitterent,
1157 2652 1183 2714 si
1199 2651 1228 2714 id

109 2750 149 2815 sit
163 2752 286 2831 iactum,
304 2773 339 2817 se
354 2753 521 2817 nociturum
537 2754 659 2818 nemini.
678 2754 860 2820 Hancusam
877 2766 966 2836 atque
982 2764 1146 2818 extremam
1160 2771 1228 2813 csse

52 2862 87 2915 2⁵
110 2855 192 2936 pacis
207 2855 424 2919 condicionem.
455 2854 491 2920 Id
505 2877 579 2921 uero
594 2858 736 2922 militibus
752 2860 806 2921 tuit
821 2867 989 2943 pergratum
1007 2865 1038 2916 ct
1051 2852 1225 2929 iucundum,
1238 2851 1285 2921 86

107 2966 142 3018 ut
156 2976 197 3021 ex
211 2957 274 3040 ipsa
291 2957 510 3041 significatione
526 2961 667 3043 cognosci
683 2962 796 3044 potnit,
823 2971 874 3035 ut,
898 2958 947 3042 qui
971 2955 1081 3038 aliquid
1097 2953 1171 3016 iusti·
1183 2954 1229 3016 iu-

112 3061 257 3124 cummodi
272 3062 530 3145 expectauisscnt,
547 3062 626 3125 nitro
641 3063 802 3146 praemium
819 3059 970 3123 missionis
987 3058 1110 3123 ferrent.
1145 3053 1226 3120 Natu
1243 3058 1264 3120 2

112 3182 179 3223 cnm
194 3162 230 3224 ds
245 3163 310 3225 loco
327 3175 357 3226 et
372 3173 505 3247 ternpore
520 3165 585 3226 cius
601 3165 643 3226 rei
660 3162 865 3227 controuersia
880 3161 1055 3236 inferretur,
1073 3169 1104 3221 et
1115 3169 1230 3223 noscet

110 3263 246 3328 manibus
261 3267 393 3329 uniuersi
411 3286 450 3328 cx
468 3266 558 3343 nullo,
576 3265 626 3328 nbi
642 3267 850 3342 constiterant,
868 3262 1036 3347 siguificare
1053 3269 1227 3345 coeperunt,

53 3376 89 3429 stt
110 3368 256 3429 utstatim
273 3367 511 3446 dimitterentur,
538 3388 634 3449 neque
657 3369 737 3432 omni
759 3367 935 3449 interposita
959 3366 1015 3427 lide
1032 3365 1145 3426 firmum
1161 3381 1229 3424 esse

112 3488 214 3552 posse,
231 3470 257 3533 si
272 3471 302 3533 in
317 3472 396 3533 aliud
414 3483 527 3554 tempus
544 3471 724 3535 differretur.
768 3467 876 3533 Paucis
892 3489 957 3531 uum
974 3476 1056 3530 esset
1070 3465 1101 3528 in
1117 3474 1230 3527 utram·
1246 3463 1265 3527 3

218 3683 392 3735 dhumilitatc
406 3683 501 3746 Aldus,
517 3684 675 3734 humanitate
690 3684 767 3734 codd.
878 3683 893 3733 3
907 3680 1081 3746 oportunitate
1094 3695 1121 3728 u.

112 3759 426 3826 ducque†tctP.145.
531 3762 717 3812 iciassisub.
822 3757 1021 3825 8qnornmud.
1135 3755 1232 3821 iipspu-

113 3837 170 3886 nius
182 3852 209 3886 u.
379 3837 408 3887 tt
425 3839 572 3902 praesideat
585 3840 680 3901 Aldus,
696 3838 828 3903 praesidia
840 3838 916 3887 codd.
932 3836 995 3887 Vid.
1011 3833 1081 3885 Vett.
1096 3835 1132 3897 H,
1148 3836 1190 3898 ts,
1206 3836 1229 3887 1.

222 3912 253 3963 12
266 3914 341 3962 anuis
355 3930 371 3962 u
382 3915 404 3976 d,
420 3930 502 3964 anuos
515 3931 543 3964 u.
650 3917 680 3966 tt
695 3915 741 3964 scd
755 3913 851 3976 Aldus,
866 3914 895 3963 dt
908 3911 985 3963 codd.
1108 3912 1138 3962 ts
1152 3913 1232 3962 etiam

113 3991 162 4055 ud,
177 4006 230 4040 om.
244 4005 271 4039 u.
412 4006 486 4055 quoin
500 4006 558 4054 ego,
573 3991 641 4056 quod
655 3989 731 4039 codd.
746 3989 776 4040 P.
794 3990 849 4040 tts.
993 3988 1023 4039 id
1037 3988 1189 4054 optinendos
1202 4003 1228 4037 o.

221 4068 253 4119 23
267 4069 289 4117 si
304 4067 401 4129 Addua,
416 4068 462 4117 sed
476 4069 498 4116 si
513 4067 589 4117 codd.
728 4067 761 4121 24
773 4080 801 4115 ss
816 4066 959 4116 nociturum
972 4080 989 4115 a
1004 4066 1077 4115 ‘mre
1088 4062 1229 4130 pleripue',

112 4149 259 4199 nociturum
273 4163 301 4198 sc
313 4147 400 4197 Aldus
413 4162 439 4196 u.
589 4161 648 4195 csse
661 4145 732 4210 pacis
745 4160 762 4194 a
775 4144 937 4210 Stephanus,
953 4146 1024 4210 pacis
1037 4161 1095 4194 esse
1109 4143 1231 4207 reliquae

114 4223 174 4276 edd.
323 4223 357 4277 26
371 4222 490 4286 cognosci
503 4223 586 4290 potuit
599 4236 615 4270 a
628 4222 791 4286 Stephanus,
806 4223 890 4287 potnit
902 4222 1022 4285 cognosci
1036 4222 1157 4284 reliquus
1170 4217 1231 4268 cdd.

223 4300 304 4368 aliqui
316 4316 333 4351 u
348 4303 422 4351 ἠιιι.
433 4300 467 4351 i’.
573 4299 635 4350 iusti
648 4300 720 4364 adr,
735 4300 798 4351 uicti
806 4315 833 4352 u.
938 4301 971 4355 nt
980 4298 1228 4366 expectauissentu.
