2692 4688
415 236 555 312 COMM.
572 240 618 311 lll
633 240 729 311 CAP.
747 242 901 311 tat-83.
1216 242 1281 312 out

103 428 182 480 rent.
208 414 263 480 llle
279 416 416 478 idoneum
433 418 529 481 locum
546 418 576 480 in
592 416 674 498 agris
691 426 816 479 nactus.
830 461 837 475 .
851 462 873 493 .,
889 435 964 498 quae
980 436 1070 501 prope
1085 417 1143 482 iam
1159 439 1221 483 ma·
1237 418 1258 483 3

103 530 172 581 tora
190 529 288 592 erant,
303 517 343 580 ibi
360 519 519 580 aduentum
536 528 698 603 expectare
709 514 832 600 Pompei
848 537 943 598 eoque
959 538 1075 582 omnem
1091 519 1159 583 belli
1174 543 1223 585 ra·

104 621 218 683 tionem
235 620 372 682 conterre
388 621 554 683 constituit.

191 718 350 802 Po’mpeius
374 722 475 804 paucis
498 730 565 806 post
588 720 693 785 diebus
708 721 739 785 in
754 719 941 785 Thessaliam
958 724 1094 805 peruenit
1109 724 1224 787 contio·
1234 723 1281 794 82

68 837 85 888 t
108 835 257 905 natusque
273 822 350 907 apud
365 833 502 886 cunctum
519 823 685 886 exercitam
702 824 764 887 suis
780 823 842 908 agit
856 823 988 906 gratias,
1006 820 1156 907 Scipionis
1171 827 1225 889 mi·

103 927 174 991 lites
190 925 382 1001 cohortatur,
400 935 433 987 ut
447 935 531 1009 parta
545 925 604 986 iam
620 923 749 987 uictoria
764 927 892 1009 praedae
908 947 943 990 ae
959 926 1156 1010 praemiorum
1174 948 1226 991 ue·

105 1028 162 1092 lint
176 1047 245 1090 esse
262 1026 441 1110 participes,
465 1027 652 1109 receptisque
668 1026 805 1091 omnibus
820 1026 851 1091 in
867 1049 926 1091 uua
942 1039 1040 1091 castra
1058 1029 1224 1111 legionibus

108 1151 191 1193 suum
210 1150 275 1192 cum
293 1125 435 1212 Scipione
450 1129 592 1191 bonorem
610 1131 738 1210 partitur
752 1130 968 1213 classicumque
985 1131 1059 1214 apud
1076 1151 1142 1194 eum
1159 1133 1224 1194 cani

108 1242 140 1295 et
160 1230 285 1294 alterum
304 1229 346 1291 illi
362 1228 444 1292 iubet
459 1228 640 1312 praetorium
657 1230 749 1293 tendi.
782 1230 890 1294 Auctis
907 1232 1000 1316 copiis
1015 1230 1136 1316 Pompei
1153 1232 1261 1297 dno-2

53 1343 86 1396 tu
108 1332 220 1415 bosque
236 1331 353 1415 magnis
369 1331 554 1394 exercitibus
570 1332 738 1396 coniunctis
750 1333 877 1416 pristina
890 1335 1020 1396 omnium
1034 1335 1226 1398 confirmatur

109 1433 228 1518 opinio,
252 1443 283 1497 et
297 1453 366 1516 spes
382 1433 527 1496 uictoriae
543 1445 688 1515 angetur,
712 1435 787 1498 adeo
804 1445 854 1511 ut,
873 1436 1011 1518 quidquid
1024 1436 1227 1500 intercederet

110 1536 262 1620 temporis,
274 1535 302 1599 id
319 1535 429 1597 morari
445 1536 571 1599 reditum
587 1536 618 1599 in
632 1532 749 1600 ltaliam
767 1537 930 1614 uideretur,
942 1548 972 1600 et
986 1539 1012 1601 si
1028 1540 1144 1623 quando
1156 1542 1223 1624 quid
1239 1538 1259 1604 3

109 1635 269 1721 Pompeius
293 1636 405 1700 tardius
427 1648 480 1700 aot
495 1637 711 1701 consideratius
728 1640 858 1716 laceret,
883 1640 971 1702 unius
987 1660 1055 1705 esse
1071 1645 1223 1725 negotium

110 1740 186 1818 diei,
209 1739 262 1803 sed
285 1739 365 1804 illum
388 1739 528 1803 delectari
544 1740 668 1823 imperio
684 1751 716 1804 et
730 1741 903 1803 consulares
919 1743 1145 1826 praetoriosque
1160 1767 1224 1811 ser-

53 1853 85 1906 to
109 1862 214 1906 uorum
236 1839 346 1905 babere
368 1862 490 1904 numero
514 1840 657 1904 dicerent.
691 1840 813 1926 lamque
833 1842 913 1906 inter
927 1864 960 1906 se
976 1843 1071 1927 palam
1088 1847 1124 1908 de
1140 1848 1261 1929 prae-4

110 1943 178 2006 miis
198 1962 234 2005 ac
256 1942 431 2007 sacerdotiis
453 1943 672 2007 contendebant
687 1944 716 2006 in
733 1965 886 2026 annosque
902 1947 1088 2010 consulatum
1106 1948 1226 2011 definie-

109 2045 194 2122 bant,
211 2042 261 2106 alii
277 2043 379 2108 domos
394 2044 529 2126 bonoque
545 2066 660 2119 eorum,
674 2046 722 2128 qui
738 2046 768 2107 in
785 2047 891 2109 castris
908 2045 1156 2126 erantCaesaris,
1175 2071 1225 2132 pe-

110 2147 231 2225 tebantq
255 2166 421 2229 magnaque
437 2148 584 2209 intereos
600 2148 630 2210 in
647 2147 773 2209 consilio
790 2148 846 2210 luit
861 2151 1087 2226 controuersia,
1105 2161 1224 2233 oporte·
1240 2151 1260 2213 5

109 2259 196 2312 retae
211 2245 311 2312 Lucili
327 2246 430 2326 llirri,
455 2249 531 2331 quod
555 2249 580 2312 is
602 2270 620 2312 a
635 2245 777 2332 Pompeio
800 2249 835 2311 ad
852 2245 981 2311 Parthos
1003 2250 1114 2313 missus
1130 2262 1223 2330 esset,

52 2361 87 2416 20
111 2350 254 2434 proximis
275 2351 405 2414 comitiis
428 2351 585 2434 praetoriis
606 2349 738 2414 absentis
760 2353 904 2415 rationem
928 2350 1049 2428 baberi,
1073 2372 1138 2414 cnm
1161 2353 1226 2415 eina

112 2452 276 2516 necessarii
291 2453 377 2516 iidem
393 2453 587 2536 implorarent
602 2452 922 2539 Pompei,praestaret,
934 2455 1010 2538 qnod
1027 2454 1224 2538 proficiscenti

110 2554 288 2639 recepisset,
305 2574 344 2617 ne
360 2574 414 2638 per
427 2556 491 2620 eius
507 2559 713 2620 auctoritatem
730 2558 867 2641 deceptus
885 2559 1047 2635 uideretur,
1064 2556 1181 2640 reliqui,
1195 2559 1226 2620 in

110 2656 212 2720 labore
235 2657 300 2740 pari
322 2678 357 2720 ae
380 2658 512 2740 periculo
535 2679 572 2721 ne
590 2680 665 2721 uuus
681 2680 784 2722 omnes
800 2661 1012 2736 antecederet,
1038 2668 1224 2722 recusarent.

109 2756 173 2823 lam
189 2760 225 2822 de
240 2761 411 2823 sacerdotio
427 2755 569 2823 Caesaris
587 2759 755 2838 llomitius,
777 2757 878 2844 Scipio
895 2757 1094 2842 Spintherque
1110 2756 1225 2823 Lentu·
1239 2760 1284 2828 83

53 2872 88 2928 25
111 2862 157 2925 lus
173 2861 331 2925 cotidianis
347 2862 588 2925 contentionibus
603 2862 639 2925 ad
655 2864 849 2946 grauissimas
864 2863 1020 2926 uerborum
1033 2860 1227 2923 contumelias

113 2964 208 3048 palam
233 2964 469 3042 descenderunt,
496 2986 562 3027 cum
579 2962 726 3028 Lentulus
749 2966 855 3028 aetatis
881 2965 1024 3027 bonorem
1046 2970 1226 3039 ostentaret,

113 3064 263 3130 Domitius
286 3064 427 3130 urbanam
451 3066 577 3149 gratiam
595 3066 827 3148 dignitatemque
843 3066 988 3142 iactaret,
1006 3059 1108 3146 Scipio
1124 3063 1227 3125 adlini-

117 3177 177 3229 tate
191 3164 312 3252 Pompei
329 3169 502 3232 eonbderet.
533 3164 702 3230 Postulauit
717 3167 805 3230 etiam
822 3165 861 3231 l..
879 3166 1036 3230 Afranium
1054 3165 1229 3249 proditionis
1245 3167 1265 3231 2

115 3269 268 3334 exercitus
285 3269 411 3334 Acutius
425 3269 523 3332 Rufus
538 3270 614 3353 apud
625 3266 808 3354 Pompeium,
819 3271 894 3352 quod
911 3279 1027 3353 gestum
1044 3267 1230 3350 inllispania

56 3379 92 3433 so
115 3371 239 3434 diceret.
271 3370 313 3434 Et
326 3370 365 3436 L.
383 3371 533 3436 Domitius
554 3372 586 3434 in
611 3373 736 3436 consilio
760 3372 837 3435 dixit
859 3371 976 3455 placere
991 3370 1048 3434 sibi
1064 3369 1141 3433 bello
1157 3367 1264 3433 con-3

117 3473 196 3536 lecto
212 3482 312 3538 ternas
328 3473 453 3540 tabellas
469 3475 532 3538 dari
549 3475 585 3538 ad
601 3475 788 3538 iudicandum
804 3474 853 3553 iis,
872 3473 921 3556 qui
938 3474 1050 3537 ordinis
1067 3480 1169 3535 essent
1183 3489 1232 3533 se-

225 3692 235 3741 l
253 3691 297 3740 ille
311 3694 374 3741 nbc
387 3692 401 3742 3
415 3691 492 3754 deta,
509 3691 553 3741 ille
567 3692 663 3753 segetis
677 3708 704 3741 u.
836 3691 959 3740 lacunam
973 3701 1021 3750 ago
1035 3690 1147 3738 notaui:
1161 3694 1231 3740 eaem'·

116 3764 179 3815 dere
187 3770 284 3829 potuit
295 3769 369 3833 eopia
384 3767 578 3818 incruentorum.
718 3768 733 3816 l
747 3774 822 3816 erunt
834 3767 893 3815 abc
905 3768 920 3816 l
934 3765 1010 3824 dett,
1027 3770 1085 3812 erat
1097 3779 1124 3814 rt.

117 3851 257 3906 expectare
270 3842 373 3910 Pompei
387 3861 413 3892 o.
520 3843 579 3892 belli
593 3845 720 3892 rationem
734 3858 760 3904 a,
776 3844 901 3893 rationem
916 3838 1046 3890 belliedd.
1151 3846 1233 3895 teon.

116 3919 288 3986 ciooatocque
302 3923 351 3986 (a).
473 3921 614 3987 tltPompei
628 3922 656 3983 a)
669 3937 722 3970 om.
739 3922 761 3970 b.
893 3921 922 3971 ta
936 3919 1019 3985 palam
1034 3934 1085 3970 om.
1100 3921 1124 3971 b.

118 3998 325 4063 lipotosmia.
460 3999 491 4049 19
505 3998 588 4048 Lucili
603 4015 661 4063 rgo,
677 3999 741 4048 Luci
754 4012 787 4059 ας
802 3997 830 4047 L.
846 4013 872 4046 a.
887 3997 917 4047 P.
934 3998 992 4048 136.
1117 3998 1195 4049 llirrii
1209 4016 1232 4051 r.

226 4077 316 4126 urtbos
329 4092 345 4125 a
355 4091 378 4137 c,
393 4075 481 4125 astbos
496 4077 520 4127 b.
642 4076 671 4128 2l
689 4074 821 4125 necessari
835 4090 860 4123 a.
983 4073 1086 4141 Pompei
1100 4090 1125 4124 a.

116 4152 151 4206 23
166 4152 265 4218 labore]
281 4154 376 4201 bonore
392 4151 416 4199 b.
522 4151 555 4201 at
567 4150 741 4215 Spintherque
753 4150 848 4213 Aldus,
865 4150 1127 4217 SpintborQ.oded.

117 4230 149 4282 27
166 4229 301 4280 adfinitate
314 4228 417 4294 Pompei
431 4244 457 4277 n.
563 4230 596 4282 28
610 4228 697 4294 etiam]
712 4237 797 4279 autern
812 4231 834 4280 b.
940 4230 973 4284 29
987 4229 1095 4279 Acutius
1106 4227 1177 4291 abc,
1192 4226 1237 4276 At-

120 4307 212 4357 tlusu.
319 4306 505 4360 stmbutcso.
612 4307 673 4357 iso.
