2692 4688
545 166 846 236 ...po-

130 341 161 405 b.
178 342 239 406 eiu.
255 339 282 420 1,
300 341 352 422 14,
368 338 391 406 2
407 335 538 412 ‘Caesae
551 339 629 404 enin
645 340 808 405 aduentare
823 339 1001 424 iamiamque
1015 353 1047 406 et
1061 339 1168 407 adesse
1183 341 1250 407 eius

129 445 247 527 equites
263 445 339 510 labo
362 440 592 508 nuntiabantur'
616 443 692 508 mira
715 443 881 527 pertinenia
901 442 1089 528 gemmatici
1110 443 1171 508 sibi
1192 445 1251 529 ipsi

128 544 299 610 illuserunt.
331 545 439 610 Altero
454 545 532 608 enirn
548 545 615 608 loeo
629 545 697 627 quis
712 566 772 609 non
788 546 869 611 uidet
882 545 1051 610 rectissime
1065 545 1161 630 ipsum
1171 543 1251 611 Cae-

129 668 229 712 sarem
244 649 315 728 (boo
329 660 376 712 eet
391 668 459 711 oum
473 647 655 733 legionibus>
669 649 770 713 stetin
786 650 983 713 educaturum
998 648 1069 726 diei,
1086 648 1250 731 equitatum

129 761 241 829 antem,
258 751 309 833 qui
325 751 503 834 praeoedere
517 769 625 835 agnen
638 749 728 828 solet,
745 749 873 815 adesset
887 759 919 812 et
933 750 1033 833 priore
1052 759 1187 834 apertum
1204 759 1252 816 est

131 852 387 936 ‘nonnumquam'
412 852 530 935 utrique
551 851 685 916 membro
707 871 862 916 commuue
878 872 958 918 esse.
1003 847 1093 933 Quod
1107 853 1172 916 lieri
1189 874 1250 919 nou

128 976 219 1040 posse
234 952 449 1021 Schneiderum
463 953 539 1019 loeis
554 951 727 1037 quibusdam
742 952 890 1033 eolleetis,
907 953 1015 1037 quibos
1029 953 1108 1018 idern
1119 955 1252 1020 uooebu-

128 1058 189 1122 lum
203 1058 241 1124 ad
265 1059 346 1143 prius
370 1067 484 1121 tentnun
505 1057 669 1122 rnernbrnm
691 1057 839 1141 pertinet,
862 1077 897 1121 se
911 1057 1054 1141 probasne
1069 1065 1174 1140 putare
1189 1077 1251 1122 non

127 1159 277 1225 arbitrere
296 1161 323 1225 si
338 1160 466 1244 putauit,
484 1179 625 1226 nonaum
640 1161 776 1244 equidem
791 1161 867 1224 adeo
881 1161 1021 1245 ineptus,
1042 1168 1077 1223 ut
1098 1159 1131 1224 iu
1146 1179 1181 1224 re
1194 1181 1251 1225 no·

128 1263 246 1327 tissima
261 1262 397 1348 exempla
412 1262 563 1347 colligam.
588 1259 649 1345 Qui
661 1263 752 1338 iden,
770 1283 835 1326 enm
842 1263 1050 1347 gradationem
1058 1261 1251 1346 inpedimen-

128 1373 161 1428 to
176 1384 244 1429 esse
260 1366 314 1442 ait,
330 1386 390 1448 quo
405 1365 504 1430 minus
515 1365 608 1430 uerba
625 1365 810 1430 ‘subsistere'
826 1373 858 1429 et
874 1363 1046 1429 ‘laeessere'
1061 1365 1166 1449 eopula
1178 1384 1251 1430 eon·

128 1466 301 1550 iungantur,
319 1466 387 1548 qnid
404 1468 495 1530 faeiet
509 1467 654 1530 extremis
670 1467 771 1530 uerbis
785 1487 814 1530 o.
831 1464 874 1530 23
896 1472 1036 1529 ‘nostros
1051 1485 1069 1529 a
1084 1467 1250 1532 nouissimo

127 1569 248 1653 agmine
262 1567 379 1650 insequi
395 1587 430 1630 ae
445 1569 596 1631 lacessere
616 1566 811 1650 eoepernut’t
840 1563 927 1649 Quae
948 1577 1050 1632 antem
1065 1567 1102 1632 de
1116 1566 1147 1630 b.
1165 1566 1248 1634 Gall.

128 1666 211 1750 vll,
234 1666 297 1748 65,
320 1668 342 1733 b
356 1668 509 1754 leguntur,
535 1668 626 1733 etiarn
640 1667 709 1734 aliia
725 1669 761 1732 de
776 1670 876 1733 mosis
892 1680 1033 1755 corrupta
1047 1669 1249 1736 existimanda

126 1780 210 1851 sunt,
227 1772 265 1838 de
279 1771 385 1855 quibos
399 1791 456 1836 sno
471 1771 537 1836 loeo
552 1771 679 1836 dicetur.
702 1767 764 1836 Sed
778 1782 810 1834 nt
824 1771 861 1835 ad
876 1771 974 1835 locum
989 1771 1071 1837 deb.
1089 1768 1170 1836 Gall.
1186 1768 1247 1852 111,

78 1910 83 1915 ·
125 1871 180 1953 2⁰,
197 1875 231 1954 2,
247 1894 336 1959 quem
350 1890 445 1958 paene
460 1875 638 1953 dimisimus,
653 1884 804 1954 reuertar,
823 1869 1005 1938 Ciaoeonius
1020 1872 1096 1937 uidit
1108 1884 1250 1960 corrupta

125 1995 195 2042 esse
210 1977 284 2041 baeo
299 1976 411 2041 uerba:
431 1974 520 2041 ‘uiris
535 1976 663 2042 fortibus
678 1975 794 2041 Tolosa
808 1987 839 2041 et
852 1973 1010 2052 Narbone,
1029 1996 1107 2063 quae
1120 1988 1192 2042 sunt
1206 1978 1249 2042 ei·

124 2081 236 2145 uitales
252 2078 369 2144 Galbae
389 2078 563 2164 pronineiae
583 2079 743 2158 finitimae,
766 2099 807 2143 ex
822 2078 869 2142 bis
883 2077 1058 2162 regionibus
1073 2079 1248 2144 nominatim

125 2183 282 2247 euocatis'.
314 2179 419 2265 ltaque
435 2181 533 2246 deleta
549 2182 769 2266 praepositione
793 2181 869 2245 ‘ex’
892 2181 934 2245 ita
950 2182 1024 2245 baeu
1038 2182 1247 2247 constituenda

123 2284 221 2350 dixit:
241 2285 329 2350 ‘uiris
344 2283 471 2348 lontibus
487 2283 602 2348 Tolosa
617 2295 649 2348 et
660 2280 825 2361 Narbone,
842 2303 920 2367 qnae
934 2294 1004 2348 sunt
1019 2284 1158 2350 oinitates
1174 2282 1248 2352 Gal·

123 2386 184 2453 liae
198 2387 372 2472 prouiuoiae
386 2386 529 2451 finitimae
545 2386 592 2450 bis
605 2385 792 2472 regionibns,
809 2386 984 2451 nominatim
996 2386 1153 2450 euooatis’.
1178 2383 1247 2469 Qua

125 2489 335 2553 emendatione
356 2488 429 2552 nibil
453 2486 580 2574 eogitari
603 2488 705 2553 nerins
728 2499 840 2574 potest.
886 2485 1089 2553 Subneiderns
1110 2489 1247 2554 eodieurn

122 2590 290 2676 seripturae
305 2590 471 2674 patrocinio
485 2601 625 2675 suscepto
639 2588 787 2655 ablutinoa
804 2589 940 2655 ‘Tolosa
956 2601 987 2654 et
1000 2588 1163 2656 Narbone'
1186 2612 1248 2656 non

125 2712 193 2756 eum
208 2691 366 2777 participio
383 2692 539 2757 ‘euocatis'
556 2691 779 2778 coniungendos
794 2712 874 2772 esse,
892 2692 946 2756 sed
962 2693 1059 2757 ‘uiros
1074 2694 1170 2758 lortes
1183 2692 1246 2758 To·

123 2794 189 2859 losa
203 2804 235 2859 et
247 2792 411 2884 Narbone'
427 2794 487 2858 diei
502 2795 657 2858 eonteudit
671 2805 706 2859 ut
720 2793 883 2858 Tolosates
899 2804 931 2858 et
943 2793 1180 2874 Narbonenses,
1203 2796 1247 2861 oi·

123 2896 234 2961 uitales
248 2907 349 2962 satem
364 2896 432 2961 illas
446 2895 629 2980 Aquitaniae
644 2897 785 2961 finitimas
810 2896 868 2960 diei
884 2916 938 2981 per
951 2917 986 2962 se
999 2897 1133 2982 intellegi
1149 2909 1244 2983 putat.

123 2994 185 3064 Sed
200 3019 297 3082 neque
312 2999 369 3063 boo
392 3019 497 3064 uerun
519 3010 586 3074 est,
614 3010 646 3064 et
660 3000 795 3063 bonioes
808 2997 969 3064 Tolosates
984 3010 1016 3064 et
1028 2997 1247 3066 Narbonenses

123 3111 266 3165 euocatos
281 3099 340 3166 diei
355 3123 396 3167 ex
412 3101 575 3184 Aquitania
590 3102 684 3185 (aliae
699 3103 778 3167 enim
794 3101 871 3166 ‘bae
886 3102 1042 3188 regiones’
1057 3102 1114 3166 boo
1128 3110 1196 3183 est,
1213 3102 1247 3166 in

123 3203 231 3289 quibus
247 3199 378 3267 Crassos
400 3214 483 3283 eret,
506 3205 641 3288 intellegi
664 3225 726 3273 oon
747 3207 896 3288 possunt)
919 3203 1007 3288 plane
1030 3203 1162 3288 ineptum
1184 3215 1243 3268 est

121 3301 204 3368 Nam
220 3308 286 3386 quis
302 3302 391 3367 bono
404 3307 480 3370 satis
495 3307 613 3390 quidem
628 3326 722 3370 senus
743 3326 796 3370 eos
818 3325 860 3369 ex
873 3304 1037 3388 Aquitania
1059 3306 1158 3391 potius
1173 3328 1246 3372 oon·

123 3416 280 3481 uocasset,
305 3403 354 3469 ubi
378 3417 422 3469 tot
436 3409 549 3482 inisse,
571 3417 605 3472 ut
618 3405 751 3472 Crassus
766 3426 870 3473 eornm
885 3408 1001 3471 auxilio
1015 3407 1114 3474 iuuari
1129 3419 1244 3494 meoet,

123 3527 162 3573 ne
176 3507 319 3573 credibile
333 3508 450 3590 quidem
467 3519 525 3589 est,
543 3530 629 3593 quens
645 3529 686 3574 ex
700 3509 772 3593 ipsis
787 3509 972 3588 eioitatibus,
989 3529 1068 3594 quae
1084 3521 1116 3576 et
1126 3512 1247 3596 propin·

124 3629 200 3693 qnae
215 3619 305 3674 erant
325 3620 357 3675 et
378 3631 496 3674 omnem
517 3611 630 3696 copiam
653 3611 857 3695 pnebotuott
898 3611 998 3677 Aliam
1021 3615 1169 3679 rationem
1185 3635 1203 3678 a
1217 3610 1245 3678 l.

123 3707 179 3776 lo.
198 3709 356 3776 Gronouio
370 3711 406 3775 ad
416 3709 489 3776 bin.
505 3710 616 3791 XXV,
632 3714 674 3780 27
690 3715 885 3801 propositam,
903 3716 952 3799 qui
969 3717 1134 3781 orationem
1150 3734 1246 3779 enun-

124 3814 199 3879 tiato
214 3814 343 3879 relatiuo
358 3815 555 3902 interruptam
570 3817 673 3883 uerbis
697 3828 757 3882 ‘es
774 3817 819 3881 bis
833 3817 1022 3904 regionibua'
1043 3816 1246 3902 redintegrari

124 3917 335 3999 existimabat,
361 3919 399 3983 ob
421 3918 597 3984 breuitatem
612 3920 761 3985 enuntiati
776 3920 927 3986 interieoti
940 3930 1024 3986 reete
1040 3915 1245 3984 Sobneiderus

123 4017 314 4102 improbauit.
346 4017 407 4086 Sed
422 4021 500 4105 qnod
513 4031 616 4106 putat,
638 4024 666 4087 si
679 4023 774 4106 ipsius
789 4024 958 4103 sententia,
984 4041 1071 4107 quara
1092 4021 1181 4085 modo
1196 4040 1247 4086 ro·

124 4121 230 4199 letoni,
248 4142 308 4186 non
323 4122 512 4210 probaretur,
527 4122 667 4191 ablutiuis
684 4125 813 4193 ‘Tolosa
826 4138 859 4192 et
875 4125 1038 4192 Narbone’
1052 4125 1150 4188 loours
1165 4123 1247 4187 desi·

124 4224 212 4310 gnari
227 4244 336 4312 posse,
359 4227 439 4294 nude
452 4226 572 4294 litterae
586 4247 605 4293 a
619 4224 735 4295 Crasso
748 4230 861 4296 nusae
874 4238 989 4308 essent,
1004 4237 1061 4293 aut
1076 4225 1245 4291 ‘Tolosae’
