2692 4688
78 214 145 285 330
474 214 533 284 bs
556 213 703 284 baubo
725 210 916 284 eunuco

138 388 186 473 pla
203 399 291 472 atque
307 389 430 468 florens,
447 400 481 452 ut
494 400 541 454 est
555 398 658 473 captus
668 386 900 464 Germanorum,
917 397 949 450 et
961 383 1173 470 paulo[quam]
1189 393 1260 447 suat

141 491 273 556 eiusdem
288 491 410 575 generis
426 492 486 576 [et]
503 493 613 556 ceteris
630 491 838 567 humaniores,
857 499 1015 574 propterea
1031 486 1107 570 quod
1122 484 1262 550 Rhenum

139 593 304 676 attingunt,
322 595 505 676 multumque
520 595 556 657 ad
572 613 625 657 eos
640 604 824 659 mercatores
840 591 1008 664 uentitaut‚
1026 601 1058 653 et
1072 589 1127 674 ipsi
1143 597 1265 672 propter

105 694 127 758 b
142 695 390 779 propinquitatem
408 696 515 780 [quod]
532 692 658 759 Gallicis
673 705 743 759 sunt
758 695 890 758 moribus
905 693 1084 756 adsuefacti.
1116 690 1182 754 llos
1198 710 1265 754 cum

140 793 234 861 Sueui
251 796 352 859 multis
366 817 457 881 saepe
466 797 551 861 bellis
567 798 685 880 experti
703 808 826 882 propter
840 795 1060 879 amplitudinem
1069 794 1263 877 grauitatem·
1286 804 1302 855 t

142 919 201 981 que
217 897 348 962 ciuitatis
364 899 471 962 linibus
487 900 640 982 expellere
654 920 716 964 non
732 900 910 985 potuissent,
928 908 1027 960 tamen
1036 895 1199 980 uectigales
1208 895 1266 960 sibi

105 999 129 1070 4
145 1002 280 1064 lecerunt
295 1021 331 1064 ac
345 1001 438 1063 multo
454 1001 627 1065 humiliores
642 1002 879 1084 inlirmioresque
894 999 1086 1081 redegerunt.
1111 995 1147 1061 lu
1162 996 1267 1061 eedem

143 1124 236 1166 causa
252 1103 372 1166 luerunt
387 1100 528 1188 Vsipetes
544 1115 575 1168 et
590 1104 746 1182 Tencteri,
763 1124 837 1186 quos
852 1122 942 1186 supra
957 1101 1102 1174 diximus,
1118 1100 1169 1184 qui
1184 1121 1267 1164 com-

107 1203 245 1289 2plurcs
267 1227 363 1268 annos
379 1201 546 1270 Sueuorum
569 1208 630 1270 uim
652 1207 877 1283 sustinuerunt,
909 1204 945 1266 ad
975 1213 1144 1267 extremum
1167 1213 1268 1267 umen

145 1307 228 1392 agris
244 1308 362 1392 expulsi
380 1318 411 1370 et
425 1309 527 1373 multis
543 1310 617 1372 locis
634 1306 815 1373 Germaniae
831 1307 993 1371 triennium
1018 1305 1117 1389 uagati
1132 1305 1169 1368 ad
1185 1303 1271 1369 Rhe·
1292 1314 1327 1369 to

147 1429 217 1471 uum
235 1420 455 1492 peruenerunt3
473 1432 545 1493 quas
561 1412 702 1495 regiones
716 1409 852 1494 Menapii
868 1408 1041 1472 incolebant
1055 1419 1086 1471 et
1100 1408 1136 1470 ad
1153 1418 1271 1471 utram·

112 1506 206 1593 bque
221 1511 314 1592 ripam
330 1512 460 1575 fluminis
476 1532 578 1594 agros,
596 1513 730 1576 aedificia
747 1512 888 1594 uicosque
904 1511 1070 1588 habebant,
1098 1510 1150 1573 sed
1167 1519 1271 1573 tanne

149 1611 345 1675 multitudinis
360 1613 441 1675 aditu
458 1614 608 1696 perterriti
625 1634 664 1677 ex
680 1615 718 1677 iis
734 1616 888 1691 aedificiis,
906 1633 982 1697 quae
997 1623 1081 1675 trans
1097 1612 1205 1676 llumeu
1217 1612 1271 1675 ha-

149 1713 294 1792 buerant,
319 1716 564 1801 demigraueruot
584 1726 615 1780 et
637 1717 681 1780 cis
698 1715 833 1778 Rhenum
850 1715 1002 1800 dispositis
1018 1714 1175 1798 praesidiis
1191 1711 1271 1779 Ger·

113 1814 255 1879 tmaoos
272 1818 400 1881 transire
416 1817 622 1902 prohibebant.
647 1817 694 1882 llli
710 1820 808 1881 omnia
823 1820 955 1902 experti,
973 1837 1145 1900 cumneque
1161 1816 1190 1881 ui
1200 1837 1274 1881 con·
1295 1825 1330 1880 tt

150 1918 274 1982 tendere
291 1931 411 2003 propter
426 1920 554 2004 inopiam
576 1922 695 1985 nauium
718 1942 814 2003 neque
837 1921 912 1984 clam
938 1920 1066 1984 transire
1081 1931 1206 2004 propter
1220 1939 1275 1982 eu·

151 2020 265 2082 stodias
280 2019 487 2105 Menapiorum
503 2036 637 2110 possent,
655 2025 768 2088 reuerti
784 2045 818 2088 se
833 2024 863 2086 iu
880 2044 952 2086 suas
968 2024 1055 2087 sedes
1071 2023 1273 2106 regionesque

115 2116 369 2186 bsimulaueruut
391 2135 422 2189 et
445 2128 534 2191 tridui
557 2128 637 2191 uiam
661 2126 814 2211 progressi
837 2146 943 2189 rursus
968 2134 1163 2189 reuerterunt
1184 2134 1274 2206 atque

153 2224 233 2287 omni
258 2225 314 2288 boe
336 2225 445 2294 itinere
461 2251 520 2294 una
536 2241 624 2295 nocte
638 2230 773 2313 equitatu
788 2231 923 2292 conlecto
939 2227 1051 2291 inscios
1065 2227 1274 2310 inopinantes·

116 2323 212 2409 tique
226 2325 387 2414 Menapios
404 2343 629 2416 oppresserunt,
647 2333 697 2420 qui
712 2333 749 2395 de
765 2328 984 2395 Germanorum
1001 2330 1133 2393 discessu
1147 2346 1201 2411 per
1215 2346 1273 2389 ex·
1295 2336 1333 2391 ω

155 2430 321 2512 ploratores
337 2435 482 2497 certiores
505 2436 575 2498 facti
598 2436 664 2498 sine
687 2445 766 2496 metu
790 2445 874 2496 trans
890 2432 1029 2497 Rhenum
1051 2433 1084 2496 io
1097 2450 1169 2495 suos
1188 2428 1275 2494 uicos

119 2526 406 2613 7remigrauerant.
439 2532 495 2597 llis
511 2536 680 2600 interiectis
696 2536 881 2617 nauibusque
898 2556 1000 2598 eorum
1017 2533 1190 2618 occupatis,
1213 2530 1275 2616 pri·

155 2651 278 2714 usquam
301 2654 335 2696 ea
360 2657 429 2719 pars
445 2634 674 2721 Menapiorum,
697 2659 772 2721 quae
794 2639 871 2702 eitra
893 2636 1031 2701 Rhenum
1054 2646 1140 2713 erat,
1163 2632 1277 2697 certior

156 2734 255 2809 lieret,
273 2735 381 2801 llumen
398 2740 584 2804 transierunt
603 2752 690 2824 atque
712 2739 847 2804 omnibus
872 2761 974 2804 eorum
990 2738 1134 2803 aediliciis
1150 2754 1278 2821 occupa·

158 2835 197 2900 tis
213 2838 356 2920 reliquam
373 2851 487 2923 partem
505 2841 608 2907 hiemis
624 2864 657 2907 se
673 2864 776 2906 eorum
794 2844 887 2926 copiis
903 2843 1051 2906 aluerunt.
1299 2846 1333 2899 tt

121 2937 144 3007 5
243 2939 300 3004 llis
316 2942 352 3005 de
369 2943 458 3007 rebus
475 2940 591 3009 Gaesar
613 2947 725 3009 certior
747 2948 844 3009 laetus
860 2957 890 3008 et
905 2943 1104 3008 infirmitatem
1121 2938 1278 3006 Gallorum

157 3042 290 3122 ueritus,
314 3046 392 3128 quod
413 3047 530 3111 suntin
546 3048 679 3114 consiliis
695 3049 846 3134 capiendis
861 3047 986 3111 mobiles
1001 3056 1032 3111 et
1047 3044 1135 3109 nouis
1151 3042 1281 3129 plerum-

271 3268 282 3320 1
298 3285 365 3334 quau
380 3281 442 3323 sont
455 3273 484 3326 C.
499 3274 530 3325 P.
543 3275 576 3327 ll
589 3279 618 3325 et
627 3274 744 3326 addend.
863 3273 930 3339 bet]
944 3279 1005 3323 suot
1016 3272 1042 3322 b.
1165 3264 1282 3319 suntet

161 3357 211 3408 que
224 3358 247 3407 e,
262 3347 337 3410 quod
349 3348 417 3399 Oud.
431 3350 576 3401 secuudum
590 3353 681 3417 ‘longe
688 3349 834 3418 plurimos·
846 3353 976 3401 mutauit.
1079 3344 1219 3397 uenditare
1229 3356 1283 3393 aea.

162 3434 200 3470 aa.
214 3423 248 3474 B.
387 3428 404 3477 l
418 3426 527 3480 Gallicis
540 3432 628 3496 arms.
768 3427 914 3480 adsuefacti
927 3428 959 3477 B.
1097 3422 1283 3487 hereditate·

163 3500 280 3552 ciuitatis
291 3508 442 3567 praemisso
456 3511 508 3558 int.
522 3524 594 3558 uere.
609 3509 676 3572 ets,
691 3509 811 3559 ciuitatis
825 3515 851 3558 et
864 3506 1021 3570 grauitatem
1034 3504 1058 3554 b.
1183 3498 1285 3551 Ποι-

164 3580 249 3631 ctheri
261 3581 301 3645 A,
316 3580 457 3635 'l'eoebteri
470 3586 600 3649 Boos,
616 3585 810 3651 Bpteoeheris.
991 3581 1140 3647 cumplures
1151 3579 1177 3630 A
1184 3577 1209 3629 b
1218 3575 1284 3629 eb.

274 3657 305 3709 lb
319 3659 385 3711 loeis
398 3659 551 3712 Germaniae
564 3663 589 3714 A
597 3664 652 3715 BR
663 3668 704 3727 et,
726 3667 776 3728 qna·
786 3660 909 3712 Germani
919 3697 926 3721 ,
938 3660 976 3726 j,-
994 3656 1150 3711 Germaniae
1163 3655 1230 3707 locis
1239 3668 1287 3707 ιο·

162 3731 344 3799 glegenta'au.
450 3740 564 3791 triennio
578 3741 603 3791 b.
709 3741 738 3793 ll
754 3737 791 3805 et]
806 3737 943 3802 biberis.
1022 3732 1285 3797 ttadttoAtm,

166 3810 281 3862 aduentu
295 3830 308 3863 e
321 3820 349 3866 et
359 3815 420 3867 aad.
435 3823 501 3868 ante
512 3834 543 3882 u,
558 3835 611 3870 om.
627 3819 652 3869 b.
791 3832 823 3867 ex
837 3816 878 3866 his
892 3814 969 3867 codd.
985 3818 1013 3864 et
1023 3812 1084 3864 edd.
1092 3850 1101 3876 ‚
1120 3814 1179 3863 radat
1187 3810 1289 3878 quedl

167 3887 274 3943 hirom.
383 3896 846 3963 “domigena-uum,demigrarem
952 3891 1081 3959 etleoD.
1200 3890 1294 3959 200)-

168 3968 333 4035 presserunt]
348 3980 533 4034 percusserunt
546 3974 576 4024 C.
662 3975 697 4028 22
709 3973 919 4036 remigrauerunt
930 3986 984 4021 sec.
998 3970 1068 4034 oms
1080 3969 1292 4033 (remigrarunt

165 4045 241 4110 pm),
256 4045 508 4108 transmigraueroot
523 4047 554 4098 0.
669 4049 702 4103 2³
715 4064 781 4114 quae
794 4048 885 4114 oncs.
1025 4046 1111 4097 eitbra
1123 4045 1163 4109 b,
1177 4043 1250 4095 eirea
1264 4042 1292 4095 b.

264 4119 379 4173 Rhenum
392 4123 435 4187 qui
448 4123 474 4173 iu
487 4125 543 4176 ouis
555 4126 661 4177 oedibus
674 4136 733 4179 erat
745 4129 801 4195 es,
815 4130 865 4194 qua·
875 4142 928 4178 seo.
942 4142 979 4177 or.
994 4139 1060 4190 quae
1069 4140 1122 4191 pro
1134 4124 1179 4192 qui
1191 4123 1294 4187 hebet,-

172 4196 287 4249 Rhenum
301 4198 389 4264 quieta
401 4199 427 4250 iu
441 4201 496 4252 suis
509 4201 616 4253 oedibus
629 4211 686 4254 erat
699 4221 722 4255 c.
827 4204 863 4257 at
874 4217 963 4254 eornm
977 4216 1030 4253 om.
1046 4202 1071 4252 b.
1186 4199 1222 4253 26
1234 4200 1300 4253 rell-

173 4292 224 4342 qoa
235 4278 373 4346 portabo.
