<?xml version="1.0" encoding="UTF-8"?>
<!DOCTYPE html PUBLIC "-//W3C//DTD XHTML 1.0 Transitional//EN"
    "http://www.w3.org/TR/xhtml1/DTD/xhtml1-transitional.dtd">
<html xmlns="http://www.w3.org/1999/xhtml" xml:lang="en" lang="en">
 <head>
  <title>
</title>
<meta http-equiv="Content-Type" content="text/html;charset=utf-8" />
  <meta name='ocr-system' content='tesseract 3.04.00' />
  <meta name='ocr-capabilities' content='ocr_page ocr_carea ocr_par ocr_line ocrx_word'/>
</head>
<body>
  <div class='ocr_page' id='page_1' title='image "./civliicaesarisc02hirtgoog_0210.png"; bbox 0 0 2692 4688; ppageno 0'>
   <div class='ocr_carea' id='block_1_1' title="bbox 499 213 823 280">
    <p class='ocr_par' dir='ltr' id='par_1_1' title="bbox 499 213 823 280">
     <span class='ocr_line' id='line_1_1' title="bbox 499 213 823 280; baseline 0.009 -16"><span class='ocrx_word' id='word_1_1' title='bbox 499 213 823 280; x_wconf 47' lang='grc' dir='ltr'><strong>...ροι-</strong></span> 
     </span>
    </p>
   </div>
   <div class='ocr_carea' id='block_1_2' title="bbox 98 380 1228 981">
    <p class='ocr_par' dir='ltr' id='par_1_2' title="bbox 98 380 1228 981">
     <span class='ocr_line' id='line_1_2' title="bbox 101 380 1228 470; baseline 0.009 -23"><span class='ocrx_word' id='word_1_2' title='bbox 101 393 207 458; x_wconf 72' lang='lat' dir='ltr'>ment,</span> <span class='ocrx_word' id='word_1_3' title='bbox 232 380 333 444; x_wconf 81' lang='lat' dir='ltr'>subito</span> <span class='ocrx_word' id='word_1_4' title='bbox 353 382 467 465; x_wconf 83' lang='lat' dir='ltr'>equites</span> <span class='ocrx_word' id='word_1_5' title='bbox 481 380 585 449; x_wconf 77' lang='lat' dir='ltr'>Mauri</span> <span class='ocrx_word' id='word_1_6' title='bbox 601 404 699 469; x_wconf 86' lang='lat' dir='ltr'>neque</span> <span class='ocrx_word' id='word_1_7' title='bbox 713 386 903 470; x_wconf 72' lang='lat' dir='ltr'><strong>opinantibus</strong></span> <span class='ocrx_word' id='word_1_8' title='bbox 920 383 1115 455; x_wconf 73' lang='lat' dir='ltr'>Caesarianis</span> <span class='ocrx_word' id='word_1_9' title='bbox 1130 393 1228 458; x_wconf 87' lang='lat' dir='ltr'>adorti</span> 
     </span>
     <span class='ocr_line' id='line_1_3' title="bbox 101 483 1228 567; baseline 0.012 -20"><span class='ocrx_word' id='word_1_10' title='bbox 101 483 211 547; x_wconf 82' lang='lat' dir='ltr'>multon</span> <span class='ocrx_word' id='word_1_11' title='bbox 232 483 340 547; x_wconf 82' lang='lat' dir='ltr'>iaculis</span> <span class='ocrx_word' id='word_1_12' title='bbox 362 486 633 567; x_wconf 67' lang='lat' dir='ltr'>connumerarunt,</span> <span class='ocrx_word' id='word_1_13' title='bbox 658 491 817 553; x_wconf 87' lang='lat' dir='ltr'>nonnuiins</span> <span class='ocrx_word' id='word_1_14' title='bbox 839 489 1065 554; x_wconf 77' lang='lat' dir='ltr'>interfecerunt.</span> <span class='ocrx_word' id='word_1_15' title='bbox 1112 490 1228 560; x_wconf 82' lang='lat' dir='ltr'>Latent</span> 
     </span>
     <span class='ocr_line' id='line_1_4' title="bbox 100 586 1226 676; baseline 0.006 -25"><span class='ocrx_word' id='word_1_16' title='bbox 100 589 179 652; x_wconf 86' lang='lat' dir='ltr'>eninr</span> <span class='ocrx_word' id='word_1_17' title='bbox 194 586 227 649; x_wconf 92' lang='lat' dir='ltr'>in</span> <span class='ocrx_word' id='word_1_18' title='bbox 242 586 360 649; x_wconf 75' lang='lat' dir='ltr'>insidiis</span> <span class='ocrx_word' id='word_1_19' title='bbox 376 608 442 650; x_wconf 90' lang='lat' dir='ltr'>cum</span> <span class='ocrx_word' id='word_1_20' title='bbox 457 588 543 671; x_wconf 88' lang='lat' dir='ltr'>equis</span> <span class='ocrx_word' id='word_1_21' title='bbox 559 591 638 652; x_wconf 87' lang='lat' dir='ltr'>inter</span> <span class='ocrx_word' id='word_1_22' title='bbox 652 592 824 668; x_wconf 87' lang='lat' dir='ltr'>conualles,</span> <span class='ocrx_word' id='word_1_23' title='bbox 849 613 909 654; x_wconf 92' lang='lat' dir='ltr'>non</span> <span class='ocrx_word' id='word_1_24' title='bbox 934 594 1012 655; x_wconf 92' lang='lat' dir='ltr'>utin</span> <span class='ocrx_word' id='word_1_25' title='bbox 1027 614 1131 676; x_wconf 89' lang='lat' dir='ltr'>campo</span> <span class='ocrx_word' id='word_1_26' title='bbox 1147 617 1226 660; x_wconf 92' lang='lat' dir='ltr'>cnm-</span> 
     </span>
     <span class='ocr_line' id='line_1_5' title="bbox 98 687 1227 773; baseline 0.008 -21"><span class='ocrx_word' id='word_1_27' title='bbox 98 691 198 753; x_wconf 76' lang='lat' dir='ltr'>minns</span> <span class='ocrx_word' id='word_1_28' title='bbox 214 688 384 773; x_wconf 70' lang='lat' dir='ltr'>depugnent</span> <span class='ocrx_word' id='word_1_29' title='bbox 400 735 512 753; x_wconf 83' lang='grc'><strong>......</strong></span> <span class='ocrx_word' id='word_1_30' title='bbox 523 687 641 756; x_wconf 82' lang='lat' dir='ltr'>Caesar</span> <span class='ocrx_word' id='word_1_31' title='bbox 655 695 773 756; x_wconf 87' lang='lat' dir='ltr'>interim</span> <span class='ocrx_word' id='word_1_32' title='bbox 790 695 821 756; x_wconf 92' lang='lat' dir='ltr'>in</span> <span class='ocrx_word' id='word_1_33' title='bbox 838 691 1007 756; x_wconf 76' lang='lat' dir='ltr'>Sardiniam</span> <span class='ocrx_word' id='word_1_34' title='bbox 1024 697 1145 761; x_wconf 87' lang='lat' dir='ltr'>nuntios</span> <span class='ocrx_word' id='word_1_35' title='bbox 1160 719 1227 762; x_wconf 83' lang='lat' dir='ltr'>cnm</span> 
     </span>
     <span class='ocr_line' id='line_1_6' title="bbox 98 791 1226 876; baseline 0.01 -21"><span class='ocrx_word' id='word_1_36' title='bbox 98 791 212 855; x_wconf 82' lang='lat' dir='ltr'>litteris</span> <span class='ocrx_word' id='word_1_37' title='bbox 227 791 304 854; x_wconf 88' lang='lat' dir='ltr'>etin</span> <span class='ocrx_word' id='word_1_38' title='bbox 319 792 451 873; x_wconf 80' lang='lat' dir='ltr'>reliquas</span> <span class='ocrx_word' id='word_1_39' title='bbox 466 795 637 876; x_wconf 87' lang='lat' dir='ltr'>prouincias</span> <span class='ocrx_word' id='word_1_40' title='bbox 653 797 793 860; x_wconf 80' lang='lat' dir='ltr'>finitimas</span> <span class='ocrx_word' id='word_1_41' title='bbox 809 796 931 859; x_wconf 87' lang='lat' dir='ltr'>dimisit&#39;</span> <span class='ocrx_word' id='word_1_42' title='bbox 946 806 1017 858; x_wconf 91' lang='lat' dir='ltr'>cett.</span> <span class='ocrx_word' id='word_1_43' title='bbox 1056 795 1134 861; x_wconf 88' lang='lat' dir='ltr'>Post</span> <span class='ocrx_word' id='word_1_44' title='bbox 1158 802 1226 865; x_wconf 87' lang='lat' dir='ltr'>‘dc-</span> 
     </span>
     <span class='ocr_line' id='line_1_7' title="bbox 99 891 1226 981; baseline 0.006 -25"><span class='ocrx_word' id='word_1_45' title='bbox 99 891 249 978; x_wconf 74' lang='lat' dir='ltr'>pngnent’</span> <span class='ocrx_word' id='word_1_46' title='bbox 272 892 349 956; x_wconf 85' lang='lat' dir='ltr'>adici</span> <span class='ocrx_word' id='word_1_47' title='bbox 366 893 492 957; x_wconf 86' lang='lat' dir='ltr'>debebat</span> <span class='ocrx_word' id='word_1_48' title='bbox 506 898 707 973; x_wconf 88' lang='lat' dir='ltr'>eontrarium,</span> <span class='ocrx_word' id='word_1_49' title='bbox 732 898 809 981; x_wconf 90' lang='lat' dir='ltr'>quod</span> <span class='ocrx_word' id='word_1_50' title='bbox 834 900 969 961; x_wconf 86' lang='lat' dir='ltr'>iacerent</span> <span class='ocrx_word' id='word_1_51' title='bbox 982 896 1096 961; x_wconf 89' lang='lat' dir='ltr'>Mauri.</span> <span class='ocrx_word' id='word_1_52' title='bbox 1128 898 1226 964; x_wconf 89' lang='lat' dir='ltr'>Vitio·</span> 
     </span>
    </p>
   </div>
   <div class='ocr_carea' id='block_1_3' title="bbox 94 994 1226 4364">
    <p class='ocr_par' dir='ltr' id='par_1_3' title="bbox 99 994 1226 1288">
     <span class='ocr_line' id='line_1_8' title="bbox 99 994 1226 1084; baseline 0.004 -23"><span class='ocrx_word' id='word_1_53' title='bbox 99 1016 162 1061; x_wconf 84' lang='lat' dir='ltr'>sam</span> <span class='ocrx_word' id='word_1_54' title='bbox 175 1016 247 1060; x_wconf 87' lang='lat' dir='ltr'>esse</span> <span class='ocrx_word' id='word_1_55' title='bbox 262 998 429 1059; x_wconf 79' lang='lat' dir='ltr'>orationem</span> <span class='ocrx_word' id='word_1_56' title='bbox 445 994 553 1060; x_wconf 82' lang='lat' dir='ltr'>Morus</span> <span class='ocrx_word' id='word_1_57' title='bbox 569 999 660 1073; x_wconf 90' lang='lat' dir='ltr'>uidit,</span> <span class='ocrx_word' id='word_1_58' title='bbox 685 1001 739 1062; x_wconf 88' lang='lat' dir='ltr'>sed</span> <span class='ocrx_word' id='word_1_59' title='bbox 762 1019 916 1084; x_wconf 82' lang='lat' dir='ltr'>perperam</span> <span class='ocrx_word' id='word_1_60' title='bbox 940 1002 1040 1063; x_wconf 90' lang='lat' dir='ltr'>omnia</span> <span class='ocrx_word' id='word_1_61' title='bbox 1062 1011 1146 1064; x_wconf 88' lang='lat' dir='ltr'>recta</span> <span class='ocrx_word' id='word_1_62' title='bbox 1162 1004 1226 1065; x_wconf 83' lang='lat' dir='ltr'>iore</span> 
     </span>
     <span class='ocr_line' id='line_1_9' title="bbox 99 1097 1223 1190; baseline 0.007 -28"><span class='ocrx_word' id='word_1_63' title='bbox 99 1097 229 1170; x_wconf 76' lang='lat' dir='ltr'>nunfims</span> <span class='ocrx_word' id='word_1_64' title='bbox 244 1108 303 1173; x_wconf 85' lang='lat' dir='ltr'>est,</span> <span class='ocrx_word' id='word_1_65' title='bbox 320 1097 347 1160; x_wconf 91' lang='lat' dir='ltr'>si</span> <span class='ocrx_word' id='word_1_66' title='bbox 359 1109 522 1180; x_wconf 78' lang='lat' dir='ltr'>poneretur</span> <span class='ocrx_word' id='word_1_67' title='bbox 533 1107 619 1176; x_wconf 76' lang='grc' dir='ltr'>ιιιοιι,</span> <span class='ocrx_word' id='word_1_68' title='bbox 637 1102 835 1185; x_wconf 89' lang='lat' dir='ltr'>utincampo,</span> <span class='ocrx_word' id='word_1_69' title='bbox 853 1104 1018 1168; x_wconf 84' lang='lat' dir='ltr'>comminus</span> <span class='ocrx_word' id='word_1_70' title='bbox 1030 1106 1223 1190; x_wconf 79' lang='lat' dir='ltr'>depugnant&#39;.</span> 
     </span>
     <span class='ocr_line' id='line_1_10' title="bbox 100 1198 1126 1288; baseline 0.006 -24"><span class='ocrx_word' id='word_1_71' title='bbox 100 1198 192 1284; x_wconf 75' lang='lat' dir='ltr'>ansi</span> <span class='ocrx_word' id='word_1_72' title='bbox 207 1200 240 1263; x_wconf 90' lang='lat' dir='ltr'>in</span> <span class='ocrx_word' id='word_1_73' title='bbox 257 1220 363 1282; x_wconf 87' lang='lat' dir='ltr'>campo</span> <span class='ocrx_word' id='word_1_74' title='bbox 376 1198 528 1263; x_wconf 87' lang='lat' dir='ltr'>Numidae</span> <span class='ocrx_word' id='word_1_75' title='bbox 543 1205 708 1266; x_wconf 83' lang='lat' dir='ltr'>cornminus</span> <span class='ocrx_word' id='word_1_76' title='bbox 723 1205 894 1288; x_wconf 81' lang='lat' dir='ltr'>depugnare</span> <span class='ocrx_word' id='word_1_77' title='bbox 910 1207 990 1269; x_wconf 88' lang='lat' dir='ltr'>soliti</span> <span class='ocrx_word' id='word_1_78' title='bbox 1006 1211 1126 1272; x_wconf 84' lang='lat' dir='ltr'>essenti</span> 
     </span>
    </p>

    <p class='ocr_par' dir='ltr' id='par_1_4' title="bbox 97 1298 1225 3334">
     <span class='ocr_line' id='line_1_11' title="bbox 180 1298 1225 1395; baseline 0.009 -28"><span class='ocrx_word' id='word_1_79' title='bbox 180 1298 221 1367; x_wconf 84' lang='lat' dir='ltr'>C.</span> <span class='ocrx_word' id='word_1_80' title='bbox 239 1300 349 1366; x_wconf 71' lang='lat' dir='ltr'>flante</span> <span class='ocrx_word' id='word_1_81' title='bbox 364 1301 437 1365; x_wconf 86' lang='lat' dir='ltr'>haec</span> <span class='ocrx_word' id='word_1_82' title='bbox 453 1303 562 1366; x_wconf 72' lang='lat' dir='ltr'>norbae</span> <span class='ocrx_word' id='word_1_83' title='bbox 588 1306 721 1369; x_wconf 82' lang='lat' dir='ltr'>‘interim</span> <span class='ocrx_word' id='word_1_84' title='bbox 738 1327 804 1369; x_wconf 93' lang='lat' dir='ltr'>cnm</span> <span class='ocrx_word' id='word_1_85' title='bbox 819 1304 853 1369; x_wconf 86' lang='lat' dir='ltr'><strong>X</strong></span> <span class='ocrx_word' id='word_1_86' title='bbox 868 1308 995 1373; x_wconf 84' lang='lat' dir='ltr'>nauibus</span> <span class='ocrx_word' id='word_1_87' title='bbox 1011 1310 1109 1395; x_wconf 81' lang='lat' dir='ltr'>longis</span> <span class='ocrx_word' id='word_1_88' title='bbox 1125 1312 1162 1374; x_wconf 86' lang='lat' dir='ltr'>ad</span> <span class='ocrx_word' id='word_1_89' title='bbox 1173 1310 1225 1376; x_wconf 76' lang='lat' dir='ltr'>&#39;re-</span> 
     </span>
     <span class='ocr_line' id='line_1_12' title="bbox 99 1406 1225 1495; baseline 0.007 -26"><span class='ocrx_word' id='word_1_90' title='bbox 99 1406 192 1490; x_wconf 75' lang='lat' dir='ltr'>liquae</span> <span class='ocrx_word' id='word_1_91' title='bbox 215 1424 310 1469; x_wconf 86' lang='lat' dir='ltr'>nnues</span> <span class='ocrx_word' id='word_1_92' title='bbox 333 1406 489 1468; x_wconf 81' lang='lat' dir='ltr'>onerarias</span> <span class='ocrx_word' id='word_1_93' title='bbox 509 1408 740 1488; x_wconf 86' lang='lat' dir='ltr'>eonquircndas,</span> <span class='ocrx_word' id='word_1_94' title='bbox 758 1429 834 1495; x_wconf 78' lang='lat' dir='ltr'>quae</span> <span class='ocrx_word' id='word_1_95' title='bbox 850 1411 1059 1489; x_wconf 84' lang='lat' dir='ltr'>deerrassent,</span> <span class='ocrx_word' id='word_1_96' title='bbox 1083 1423 1114 1475; x_wconf 90' lang='lat' dir='ltr'>et</span> <span class='ocrx_word' id='word_1_97' title='bbox 1135 1414 1225 1477; x_wconf 87' lang='lat' dir='ltr'>simui</span> 
     </span>
     <span class='ocr_line' id='line_1_13' title="bbox 100 1507 1221 1593; baseline 0.004 -18"><span class='ocrx_word' id='word_1_98' title='bbox 100 1528 179 1575; x_wconf 73' lang='lat' dir='ltr'>m</span> <span class='ocrx_word' id='word_1_99' title='bbox 202 1508 346 1572; x_wconf 87' lang='lat' dir='ltr'>tuendum</span> <span class='ocrx_word' id='word_1_100' title='bbox 362 1507 398 1569; x_wconf 91' lang='lat' dir='ltr'>ab</span> <span class='ocrx_word' id='word_1_101' title='bbox 414 1507 548 1571; x_wconf 85' lang='lat' dir='ltr'>bostibns</span> <span class='ocrx_word' id='word_1_102' title='bbox 564 1508 646 1571; x_wconf 90' lang='lat' dir='ltr'>iubct</span> <span class='ocrx_word' id='word_1_103' title='bbox 661 1511 838 1593; x_wconf 81' lang='lat' dir='ltr'>proficisci’,</span> <span class='ocrx_word' id='word_1_104' title='bbox 862 1534 970 1577; x_wconf 90' lang='lat' dir='ltr'>nomen</span> <span class='ocrx_word' id='word_1_105' title='bbox 992 1516 1057 1578; x_wconf 87' lang='lat' dir='ltr'>eius</span> <span class='ocrx_word' id='word_1_106' title='bbox 1080 1515 1221 1589; x_wconf 82' lang='lat' dir='ltr'>bominis,</span> 
     </span>
     <span class='ocr_line' id='line_1_14' title="bbox 102 1609 1223 1695; baseline 0.006 -21"><span class='ocrx_word' id='word_1_107' title='bbox 102 1613 146 1695; x_wconf 73' lang='lat' dir='ltr'>mi</span> <span class='ocrx_word' id='word_1_108' title='bbox 159 1611 274 1675; x_wconf 78' lang='lat' dir='ltr'>missus</span> <span class='ocrx_word' id='word_1_109' title='bbox 290 1620 373 1672; x_wconf 83' lang='lat' dir='ltr'>esset</span> <span class='ocrx_word' id='word_1_110' title='bbox 387 1609 459 1688; x_wconf 90' lang='lat' dir='ltr'>(nisi</span> <span class='ocrx_word' id='word_1_111' title='bbox 475 1611 574 1693; x_wconf 85' lang='lat' dir='ltr'>piures</span> <span class='ocrx_word' id='word_1_112' title='bbox 585 1613 731 1694; x_wconf 85' lang='lat' dir='ltr'>inerunt),</span> <span class='ocrx_word' id='word_1_113' title='bbox 743 1615 893 1678; x_wconf 83' lang='lat' dir='ltr'>excidisse</span> <span class='ocrx_word' id='word_1_114' title='bbox 907 1611 1141 1680; x_wconf 82' lang='lat' dir='ltr'>reeteCinrkins</span> <span class='ocrx_word' id='word_1_115' title='bbox 1156 1618 1223 1681; x_wconf 87' lang='lat' dir='ltr'>ani-</span> 
     </span>
     <span class='ocr_line' id='line_1_15' title="bbox 100 1711 1221 1798; baseline 0.004 -20"><span class='ocrx_word' id='word_1_116' title='bbox 100 1714 269 1779; x_wconf 70' lang='lat' dir='ltr'>maduertit.</span> <span class='ocrx_word' id='word_1_117' title='bbox 300 1711 381 1776; x_wconf 83' lang='lat' dir='ltr'>Nam</span> <span class='ocrx_word' id='word_1_118' title='bbox 403 1713 480 1794; x_wconf 91' lang='lat' dir='ltr'>qnod</span> <span class='ocrx_word' id='word_1_119' title='bbox 501 1714 591 1776; x_wconf 84' lang='lat' dir='ltr'>edicit</span> <span class='ocrx_word' id='word_1_120' title='bbox 613 1715 675 1777; x_wconf 87' lang='lat' dir='ltr'>deri</span> <span class='ocrx_word' id='word_1_121' title='bbox 692 1736 799 1798; x_wconf 88' lang='lat' dir='ltr'>posse,</span> <span class='ocrx_word' id='word_1_122' title='bbox 825 1727 858 1778; x_wconf 93' lang='lat' dir='ltr'>ut</span> <span class='ocrx_word' id='word_1_123' title='bbox 877 1717 1052 1780; x_wconf 81' lang='lat' dir='ltr'>uocabulum</span> <span class='ocrx_word' id='word_1_124' title='bbox 1070 1719 1221 1782; x_wconf 82' lang='lat' dir='ltr'>‘interim&#39;</span> 
     </span>
     <span class='ocr_line' id='line_1_16' title="bbox 99 1815 1220 1902; baseline -0.001 -20"><span class='ocrx_word' id='word_1_125' title='bbox 99 1837 135 1882; x_wconf 83' lang='lat' dir='ltr'>cx</span> <span class='ocrx_word' id='word_1_126' title='bbox 149 1818 205 1881; x_wconf 86' lang='lat' dir='ltr'>ilio</span> <span class='ocrx_word' id='word_1_127' title='bbox 225 1815 349 1879; x_wconf 84' lang='lat' dir='ltr'>nomine</span> <span class='ocrx_word' id='word_1_128' title='bbox 371 1824 468 1878; x_wconf 81' lang='lat' dir='ltr'>ortum</span> <span class='ocrx_word' id='word_1_129' title='bbox 490 1816 548 1894; x_wconf 87' lang='lat' dir='ltr'>sit,</span> <span class='ocrx_word' id='word_1_130' title='bbox 573 1837 649 1902; x_wconf 89' lang='lat' dir='ltr'>quae</span> <span class='ocrx_word' id='word_1_131' title='bbox 666 1815 782 1880; x_wconf 81' lang='lat' dir='ltr'>Dauisii</span> <span class='ocrx_word' id='word_1_132' title='bbox 806 1820 957 1883; x_wconf 88' lang='lat' dir='ltr'>sententia</span> <span class='ocrx_word' id='word_1_133' title='bbox 980 1830 1064 1897; x_wconf 90' lang='lat' dir='ltr'>crat,</span> <span class='ocrx_word' id='word_1_134' title='bbox 1088 1840 1122 1883; x_wconf 82' lang='lat' dir='ltr'>ea</span> <span class='ocrx_word' id='word_1_135' title='bbox 1147 1840 1220 1897; x_wconf 77' lang='lat' dir='ltr'>uox,</span> 
     </span>
     <span class='ocr_line' id='line_1_17' title="bbox 99 1918 1219 2004; baseline 0.001 -21"><span class='ocrx_word' id='word_1_136' title='bbox 99 1940 174 2002; x_wconf 74' lang='lat' dir='ltr'>quae</span> <span class='ocrx_word' id='word_1_137' title='bbox 197 1918 305 2002; x_wconf 81' lang='lat' dir='ltr'>qnauis</span> <span class='ocrx_word' id='word_1_138' title='bbox 327 1919 391 1981; x_wconf 87' lang='lat' dir='ltr'>iere</span> <span class='ocrx_word' id='word_1_139' title='bbox 413 1918 521 2002; x_wconf 84' lang='lat' dir='ltr'>pagina</span> <span class='ocrx_word' id='word_1_140' title='bbox 545 1920 632 1982; x_wconf 91' lang='lat' dir='ltr'>buius</span> <span class='ocrx_word' id='word_1_141' title='bbox 648 1918 715 1983; x_wconf 88' lang='lat' dir='ltr'>iibri</span> <span class='ocrx_word' id='word_1_142' title='bbox 732 1920 860 2001; x_wconf 77' lang='lat' dir='ltr'>iegitur,</span> <span class='ocrx_word' id='word_1_143' title='bbox 885 1922 1054 2004; x_wconf 86' lang='lat' dir='ltr'>temptanda</span> <span class='ocrx_word' id='word_1_144' title='bbox 1077 1942 1137 1984; x_wconf 92' lang='lat' dir='ltr'>nnn</span> <span class='ocrx_word' id='word_1_145' title='bbox 1160 1931 1219 1984; x_wconf 86' lang='lat' dir='ltr'>est.</span> 
     </span>
     <span class='ocr_line' id='line_1_18' title="bbox 98 2019 1221 2105; baseline 0.001 -20"><span class='ocrx_word' id='word_1_146' title='bbox 98 2020 141 2085; x_wconf 86' lang='lat' dir='ltr'>Vt</span> <span class='ocrx_word' id='word_1_147' title='bbox 156 2041 239 2083; x_wconf 83' lang='lat' dir='ltr'>nnnc</span> <span class='ocrx_word' id='word_1_148' title='bbox 252 2021 305 2083; x_wconf 69' lang='lat' dir='ltr'>itt·</span> <span class='ocrx_word' id='word_1_149' title='bbox 317 2019 408 2084; x_wconf 85' lang='lat' dir='ltr'>uerba</span> <span class='ocrx_word' id='word_1_150' title='bbox 428 2022 579 2105; x_wconf 76' lang='lat' dir='ltr'>leguntur,</span> <span class='ocrx_word' id='word_1_151' title='bbox 602 2021 776 2084; x_wconf 86' lang='lat' dir='ltr'>necessario</span> <span class='ocrx_word' id='word_1_152' title='bbox 798 2023 1004 2104; x_wconf 86' lang='lat' dir='ltr'>coniungenda</span> <span class='ocrx_word' id='word_1_153' title='bbox 1028 2034 1131 2087; x_wconf 82' lang='lat' dir='ltr'>esseut</span> <span class='ocrx_word' id='word_1_154' title='bbox 1154 2044 1221 2087; x_wconf 88' lang='lat' dir='ltr'>cum</span> 
     </span>
     <span class='ocr_line' id='line_1_19' title="bbox 97 2121 1223 2208; baseline 0 -19"><span class='ocrx_word' id='word_1_155' title='bbox 97 2122 307 2208; x_wconf 79' lang='lat' dir='ltr'>superioribus</span> <span class='ocrx_word' id='word_1_156' title='bbox 322 2123 566 2204; x_wconf 81' lang='lat' dir='ltr'>‘exoneratisque</span> <span class='ocrx_word' id='word_1_157' title='bbox 583 2123 688 2206; x_wconf 88' lang='lat' dir='ltr'>partim</span> <span class='ocrx_word' id='word_1_158' title='bbox 705 2121 832 2185; x_wconf 86' lang='lat' dir='ltr'>nnuibns</span> <span class='ocrx_word' id='word_1_159' title='bbox 843 2122 941 2203; x_wconf 81' lang='lat' dir='ltr'>longis</span> <span class='ocrx_word' id='word_1_160' title='bbox 949 2123 1105 2187; x_wconf 82' lang='lat' dir='ltr'>Rabirium</span> <span class='ocrx_word' id='word_1_161' title='bbox 1115 2123 1223 2190; x_wconf 85' lang='lat' dir='ltr'>Postu·</span> 
     </span>
     <span class='ocr_line' id='line_1_20' title="bbox 97 2219 1220 2304; baseline -0.002 -14"><span class='ocrx_word' id='word_1_162' title='bbox 97 2248 178 2290; x_wconf 75' lang='lat' dir='ltr'>utu·</span> <span class='ocrx_word' id='word_1_163' title='bbox 202 2225 234 2288; x_wconf 91' lang='lat' dir='ltr'>in</span> <span class='ocrx_word' id='word_1_164' title='bbox 250 2219 379 2289; x_wconf 83' lang='lat' dir='ltr'>Siciliam</span> <span class='ocrx_word' id='word_1_165' title='bbox 402 2226 438 2288; x_wconf 87' lang='lat' dir='ltr'>ad</span> <span class='ocrx_word' id='word_1_166' title='bbox 461 2227 625 2288; x_wconf 89' lang='lat' dir='ltr'>secundum</span> <span class='ocrx_word' id='word_1_167' title='bbox 648 2233 842 2287; x_wconf 86' lang='lat' dir='ltr'>commeatum</span> <span class='ocrx_word' id='word_1_168' title='bbox 866 2227 1076 2288; x_wconf 82' lang='lat' dir='ltr'>arcessendum</span> <span class='ocrx_word' id='word_1_169' title='bbox 1100 2228 1220 2304; x_wconf 90' lang='lat' dir='ltr'>mittit‘,</span> 
     </span>
     <span class='ocr_line' id='line_1_21' title="bbox 98 2324 1224 2411; baseline -0.002 -19"><span class='ocrx_word' id='word_1_170' title='bbox 98 2329 137 2392; x_wconf 79' lang='lat' dir='ltr'>ite</span> <span class='ocrx_word' id='word_1_171' title='bbox 152 2338 186 2392; x_wconf 86' lang='lat' dir='ltr'>nt</span> <span class='ocrx_word' id='word_1_172' title='bbox 201 2328 298 2392; x_wconf 89' lang='lat' dir='ltr'>eidem</span> <span class='ocrx_word' id='word_1_173' title='bbox 312 2324 438 2390; x_wconf 78' lang='lat' dir='ltr'>Rabirio</span> <span class='ocrx_word' id='word_1_174' title='bbox 454 2328 606 2411; x_wconf 83' lang='lat' dir='ltr'>negotium</span> <span class='ocrx_word' id='word_1_175' title='bbox 629 2328 727 2391; x_wconf 86' lang='lat' dir='ltr'>datum</span> <span class='ocrx_word' id='word_1_176' title='bbox 744 2328 894 2392; x_wconf 85' lang='lat' dir='ltr'>diceretur</span> <span class='ocrx_word' id='word_1_177' title='bbox 910 2328 1028 2389; x_wconf 90' lang='lat' dir='ltr'>nauium</span> <span class='ocrx_word' id='word_1_178' title='bbox 1045 2328 1224 2408; x_wconf 87' lang='lat' dir='ltr'>conquiren-</span> 
     </span>
     <span class='ocr_line' id='line_1_22' title="bbox 100 2427 1222 2514; baseline 0.001 -21"><span class='ocrx_word' id='word_1_179' title='bbox 100 2430 200 2495; x_wconf 73' lang='lat' dir='ltr'>dorum</span> <span class='ocrx_word' id='word_1_180' title='bbox 214 2430 365 2514; x_wconf 79' lang='lat' dir='ltr'>marisque</span> <span class='ocrx_word' id='word_1_181' title='bbox 380 2430 492 2493; x_wconf 91' lang='lat' dir='ltr'>tuendi.</span> <span class='ocrx_word' id='word_1_182' title='bbox 519 2427 632 2494; x_wconf 89' lang='lat' dir='ltr'>Verum</span> <span class='ocrx_word' id='word_1_183' title='bbox 648 2429 689 2493; x_wconf 91' lang='lat' dir='ltr'>ita</span> <span class='ocrx_word' id='word_1_184' title='bbox 705 2430 837 2513; x_wconf 87' lang='lat' dir='ltr'>ineptum</span> <span class='ocrx_word' id='word_1_185' title='bbox 853 2439 918 2492; x_wconf 88' lang='lat' dir='ltr'>erat</span> <span class='ocrx_word' id='word_1_186' title='bbox 935 2430 1222 2494; x_wconf 80' lang='lat' dir='ltr'>nauiumnnmerum</span> 
     </span>
     <span class='ocr_line' id='line_1_23' title="bbox 98 2531 1223 2618; baseline 0.001 -22"><span class='ocrx_word' id='word_1_187' title='bbox 98 2534 133 2596; x_wconf 84' lang='lat' dir='ltr'>ad</span> <span class='ocrx_word' id='word_1_188' title='bbox 147 2531 347 2618; x_wconf 70' lang='lat' dir='ltr'>posteriorem</span> <span class='ocrx_word' id='word_1_189' title='bbox 359 2552 423 2596; x_wconf 88' lang='lat' dir='ltr'>rem</span> <span class='ocrx_word' id='word_1_190' title='bbox 435 2531 534 2594; x_wconf 87' lang='lat' dir='ltr'>datum</span> <span class='ocrx_word' id='word_1_191' title='bbox 546 2532 701 2596; x_wconf 85' lang='lat' dir='ltr'>declarare</span> <span class='ocrx_word' id='word_1_192' title='bbox 715 2532 748 2595; x_wconf 91' lang='lat' dir='ltr'>in</span> <span class='ocrx_word' id='word_1_193' title='bbox 763 2532 905 2616; x_wconf 88' lang='lat' dir='ltr'>priorerc</span> <span class='ocrx_word' id='word_1_194' title='bbox 917 2532 997 2595; x_wconf 87' lang='lat' dir='ltr'>mtto</span> <span class='ocrx_word' id='word_1_195' title='bbox 1008 2533 1119 2617; x_wconf 90' lang='lat' dir='ltr'>posito,</span> <span class='ocrx_word' id='word_1_196' title='bbox 1136 2533 1223 2616; x_wconf 83' lang='lat' dir='ltr'>quati</span> 
     </span>
     <span class='ocr_line' id='line_1_24' title="bbox 100 2633 1218 2700; baseline 0 -1"><span class='ocrx_word' id='word_1_197' title='bbox 100 2637 133 2700; x_wconf 76' lang='lat' dir='ltr'>ud</span> <span class='ocrx_word' id='word_1_198' title='bbox 146 2644 345 2700; x_wconf 81' lang='lat' dir='ltr'>commeatum</span> <span class='ocrx_word' id='word_1_199' title='bbox 361 2636 572 2699; x_wconf 84' lang='lat' dir='ltr'>arcessendum</span> <span class='ocrx_word' id='word_1_200' title='bbox 594 2646 648 2698; x_wconf 86' lang='lat' dir='ltr'>aut</span> <span class='ocrx_word' id='word_1_201' title='bbox 668 2636 764 2698; x_wconf 87' lang='lat' dir='ltr'>nuilus</span> <span class='ocrx_word' id='word_1_202' title='bbox 780 2655 873 2698; x_wconf 89' lang='lat' dir='ltr'>naues</span> <span class='ocrx_word' id='word_1_203' title='bbox 894 2633 1046 2700; x_wconf 81' lang='lat' dir='ltr'>habuisset</span> <span class='ocrx_word' id='word_1_204' title='bbox 1060 2647 1113 2699; x_wconf 87' lang='lat' dir='ltr'>ant</span> <span class='ocrx_word' id='word_1_205' title='bbox 1128 2637 1218 2700; x_wconf 74' lang='lat' dir='ltr'>aliun</span> 
     </span>
     <span class='ocr_line' id='line_1_25' title="bbox 100 2733 1221 2822; baseline -0.002 -20"><span class='ocrx_word' id='word_1_206' title='bbox 100 2757 266 2802; x_wconf 68' lang='lat' dir='ltr'>annerum.</span> <span class='ocrx_word' id='word_1_207' title='bbox 297 2733 415 2800; x_wconf 82' lang='lat' dir='ltr'>Deinde</span> <span class='ocrx_word' id='word_1_208' title='bbox 430 2748 613 2802; x_wconf 88' lang='lat' dir='ltr'>commeatus</span> <span class='ocrx_word' id='word_1_209' title='bbox 628 2738 742 2802; x_wconf 88' lang='lat' dir='ltr'>arcessi</span> <span class='ocrx_word' id='word_1_210' title='bbox 766 2748 797 2801; x_wconf 86' lang='lat' dir='ltr'>ct</span> <span class='ocrx_word' id='word_1_211' title='bbox 818 2758 911 2800; x_wconf 86' lang='lat' dir='ltr'>naues</span> <span class='ocrx_word' id='word_1_212' title='bbox 927 2738 1064 2822; x_wconf 84' lang='lat' dir='ltr'>conquiri</span> <span class='ocrx_word' id='word_1_213' title='bbox 1080 2758 1221 2819; x_wconf 83' lang='lat' dir='ltr'>mareque</span> 
     </span>
     <span class='ocr_line' id='line_1_26' title="bbox 100 2839 1222 2923; baseline -0.006 -17"><span class='ocrx_word' id='word_1_214' title='bbox 100 2840 238 2906; x_wconf 71' lang='lat' dir='ltr'>cutodiri</span> <span class='ocrx_word' id='word_1_215' title='bbox 255 2860 316 2902; x_wconf 87' lang='lat' dir='ltr'>ano</span> <span class='ocrx_word' id='word_1_216' title='bbox 331 2849 465 2923; x_wconf 90' lang='lat' dir='ltr'>tempore</span> <span class='ocrx_word' id='word_1_217' title='bbox 479 2861 539 2903; x_wconf 92' lang='lat' dir='ltr'>nou</span> <span class='ocrx_word' id='word_1_218' title='bbox 555 2850 708 2923; x_wconf 80' lang='lat' dir='ltr'>poteraut:</span> <span class='ocrx_word' id='word_1_219' title='bbox 734 2861 830 2923; x_wconf 84' lang='lat' dir='ltr'>netpre</span> <span class='ocrx_word' id='word_1_220' title='bbox 851 2841 929 2904; x_wconf 90' lang='lat' dir='ltr'>enim</span> <span class='ocrx_word' id='word_1_221' title='bbox 945 2839 996 2901; x_wconf 88' lang='lat' dir='ltr'>ilia</span> <span class='ocrx_word' id='word_1_222' title='bbox 1011 2860 1061 2901; x_wconf 88' lang='lat' dir='ltr'>res</span> <span class='ocrx_word' id='word_1_223' title='bbox 1077 2858 1143 2901; x_wconf 88' lang='lat' dir='ltr'>eam</span> <span class='ocrx_word' id='word_1_224' title='bbox 1158 2858 1222 2900; x_wconf 91' lang='lat' dir='ltr'>mo-</span> 
     </span>
     <span class='ocr_line' id='line_1_27' title="bbox 100 2937 1223 3024; baseline -0.007 -17"><span class='ocrx_word' id='word_1_225' title='bbox 100 2963 161 3007; x_wconf 86' lang='lat' dir='ltr'>rum</span> <span class='ocrx_word' id='word_1_226' title='bbox 175 2943 305 3020; x_wconf 72' lang='lat' dir='ltr'>ferebat,</span> <span class='ocrx_word' id='word_1_227' title='bbox 323 2963 409 3024; x_wconf 79' lang='lat' dir='ltr'>quana</span> <span class='ocrx_word' id='word_1_228' title='bbox 426 2941 481 3006; x_wconf 89' lang='lat' dir='ltr'>bac</span> <span class='ocrx_word' id='word_1_229' title='bbox 495 2943 669 3006; x_wconf 84' lang='lat' dir='ltr'>afferebant.</span> <span class='ocrx_word' id='word_1_230' title='bbox 707 2940 890 3019; x_wconf 86' lang='lat' dir='ltr'>Praeterea,</span> <span class='ocrx_word' id='word_1_231' title='bbox 915 2963 982 3004; x_wconf 93' lang='lat' dir='ltr'>cum</span> <span class='ocrx_word' id='word_1_232' title='bbox 1005 2961 1033 3003; x_wconf 87' lang='lat' dir='ltr'>c.</span> <span class='ocrx_word' id='word_1_233' title='bbox 1050 2937 1113 3018; x_wconf 80' lang='grc'>26,</span> <span class='ocrx_word' id='word_1_234' title='bbox 1137 2937 1223 3001; x_wconf 77' lang='lat' dir='ltr'>ttiu-</span> 
     </span>
     <span class='ocr_line' id='line_1_28' title="bbox 100 3042 1221 3124; baseline -0.006 -14"><span class='ocrx_word' id='word_1_235' title='bbox 100 3055 180 3110; x_wconf 85' lang='lat' dir='ltr'>terae</span> <span class='ocrx_word' id='word_1_236' title='bbox 193 3047 226 3110; x_wconf 90' lang='lat' dir='ltr'>in</span> <span class='ocrx_word' id='word_1_237' title='bbox 238 3042 373 3110; x_wconf 80' lang='lat' dir='ltr'>Siciliam</span> <span class='ocrx_word' id='word_1_238' title='bbox 389 3046 425 3108; x_wconf 90' lang='lat' dir='ltr'>ad</span> <span class='ocrx_word' id='word_1_239' title='bbox 436 3043 574 3109; x_wconf 74' lang='lat' dir='ltr'>Alienum</span> <span class='ocrx_word' id='word_1_240' title='bbox 592 3055 623 3107; x_wconf 86' lang='lat' dir='ltr'>et</span> <span class='ocrx_word' id='word_1_241' title='bbox 631 3043 785 3108; x_wconf 80' lang='lat' dir='ltr'>Rabirium</span> <span class='ocrx_word' id='word_1_242' title='bbox 794 3045 905 3109; x_wconf 83' lang='lat' dir='ltr'>missae</span> <span class='ocrx_word' id='word_1_243' title='bbox 921 3045 1067 3120; x_wconf 89' lang='lat' dir='ltr'>dicautur,</span> <span class='ocrx_word' id='word_1_244' title='bbox 1084 3053 1117 3104; x_wconf 92' lang='lat' dir='ltr'>ut</span> <span class='ocrx_word' id='word_1_245' title='bbox 1134 3062 1221 3124; x_wconf 86' lang='lat' dir='ltr'>quam</span> 
     </span>
     <span class='ocr_line' id='line_1_29' title="bbox 101 3139 1223 3230; baseline -0.007 -18"><span class='ocrx_word' id='word_1_246' title='bbox 101 3149 254 3214; x_wconf 77' lang='lat' dir='ltr'>talen-nime</span> <span class='ocrx_word' id='word_1_247' title='bbox 269 3147 432 3211; x_wconf 70' lang='lat' dir='ltr'>secondum</span> <span class='ocrx_word' id='word_1_248' title='bbox 448 3158 643 3211; x_wconf 68' lang='lat' dir='ltr'>commeatum</span> <span class='ocrx_word' id='word_1_249' title='bbox 661 3148 865 3230; x_wconf 86' lang='lat' dir='ltr'>imponerent,</span> <span class='ocrx_word' id='word_1_250' title='bbox 893 3146 1050 3210; x_wconf 73' lang='lat' dir='ltr'>Rabirium</span> <span class='ocrx_word' id='word_1_251' title='bbox 1065 3144 1098 3206; x_wconf 92' lang='lat' dir='ltr'>in</span> <span class='ocrx_word' id='word_1_252' title='bbox 1116 3139 1223 3207; x_wconf 79' lang='lat' dir='ltr'>Sicilia</span> 
     </span>
     <span class='ocr_line' id='line_1_30' title="bbox 100 3253 392 3334; baseline -0.014 -19"><span class='ocrx_word' id='word_1_253' title='bbox 100 3253 244 3317; x_wconf 78' lang='lat' dir='ltr'>mansisse</span> <span class='ocrx_word' id='word_1_254' title='bbox 260 3259 392 3334; x_wconf 85' lang='lat' dir='ltr'>apparet</span> 
     </span>
    </p>

    <p class='ocr_par' dir='ltr' id='par_1_5' title="bbox 94 3346 1223 4364">
     <span class='ocr_line' id='line_1_31' title="bbox 179 3346 1223 3436; baseline -0.009 -18"><span class='ocrx_word' id='word_1_255' title='bbox 179 3352 291 3418; x_wconf 78' lang='lat' dir='ltr'>Biusd.</span> <span class='ocrx_word' id='word_1_256' title='bbox 309 3374 337 3415; x_wconf 85' lang='lat' dir='ltr'>e.</span> <span class='ocrx_word' id='word_1_257' title='bbox 354 3355 385 3436; x_wconf 61' lang='lat'>5.</span> <span class='ocrx_word' id='word_1_258' title='bbox 402 3352 423 3415; x_wconf 76' lang='lat' dir='ltr'>d</span> <span class='ocrx_word' id='word_1_259' title='bbox 439 3355 511 3418; x_wconf 89' lang='lat' dir='ltr'>baec</span> <span class='ocrx_word' id='word_1_260' title='bbox 526 3352 556 3417; x_wconf 92' lang='lat' dir='ltr'>in</span> <span class='ocrx_word' id='word_1_261' title='bbox 572 3353 658 3416; x_wconf 88' lang='lat' dir='ltr'>codd.</span> <span class='ocrx_word' id='word_1_262' title='bbox 683 3354 839 3435; x_wconf 72' lang='lat' dir='ltr'>leguntur:</span> <span class='ocrx_word' id='word_1_263' title='bbox 870 3351 972 3415; x_wconf 80' lang='lat' dir='ltr'>‘Haec</span> <span class='ocrx_word' id='word_1_264' title='bbox 994 3350 1035 3413; x_wconf 82' lang='lat' dir='ltr'>ita</span> <span class='ocrx_word' id='word_1_265' title='bbox 1058 3346 1223 3432; x_wconf 85' lang='lat' dir='ltr'>imperabat</span> 
     </span>
     <span class='ocr_line' id='line_1_32' title="bbox 99 3455 1222 3541; baseline -0.006 -21"><span class='ocrx_word' id='word_1_266' title='bbox 99 3457 267 3541; x_wconf 80' lang='lat' dir='ltr'>unicnique,</span> <span class='ocrx_word' id='word_1_267' title='bbox 284 3456 327 3518; x_wconf 76' lang='lat' dir='ltr'>ita</span> <span class='ocrx_word' id='word_1_268' title='bbox 343 3455 552 3541; x_wconf 84' lang='lat' dir='ltr'>praecipiebat,</span> <span class='ocrx_word' id='word_1_269' title='bbox 572 3456 625 3530; x_wconf 90' lang='lat' dir='ltr'>uti,</span> <span class='ocrx_word' id='word_1_270' title='bbox 645 3456 709 3518; x_wconf 82' lang='lat' dir='ltr'>beri</span> <span class='ocrx_word' id='word_1_271' title='bbox 725 3465 827 3538; x_wconf 89' lang='lat' dir='ltr'>posset</span> <span class='ocrx_word' id='word_1_272' title='bbox 842 3474 954 3532; x_wconf 88' lang='lat' dir='ltr'>necue,</span> <span class='ocrx_word' id='word_1_273' title='bbox 980 3455 1076 3517; x_wconf 87' lang='lat' dir='ltr'>locum</span> <span class='ocrx_word' id='word_1_274' title='bbox 1093 3470 1222 3514; x_wconf 84' lang='lat' dir='ltr'>excusa-</span> 
     </span>
     <span class='ocr_line' id='line_1_33' title="bbox 99 3553 1222 3637; baseline -0.008 -11"><span class='ocrx_word' id='word_1_275' title='bbox 99 3561 137 3625; x_wconf 83' lang='lat' dir='ltr'>tio</span> <span class='ocrx_word' id='word_1_276' title='bbox 152 3563 268 3626; x_wconf 78' lang='lat' dir='ltr'>nullum</span> <span class='ocrx_word' id='word_1_277' title='bbox 284 3559 408 3624; x_wconf 87' lang='lat' dir='ltr'>baberet</span> <span class='ocrx_word' id='word_1_278' title='bbox 427 3580 482 3624; x_wconf 86' lang='lat' dir='ltr'>nec</span> <span class='ocrx_word' id='word_1_279' title='bbox 504 3580 617 3622; x_wconf 85' lang='lat' dir='ltr'>moram</span> <span class='ocrx_word' id='word_1_280' title='bbox 639 3558 881 3637; x_wconf 71' lang='lat' dir='ltr'>tergiuersatio’.</span> <span class='ocrx_word' id='word_1_281' title='bbox 914 3553 1026 3634; x_wconf 87' lang='lat' dir='ltr'>Certe,</span> <span class='ocrx_word' id='word_1_282' title='bbox 1052 3566 1084 3618; x_wconf 90' lang='lat' dir='ltr'>nt</span> <span class='ocrx_word' id='word_1_283' title='bbox 1106 3555 1222 3637; x_wconf 77' lang='lat' dir='ltr'>reliqna</span> 
     </span>
     <span class='ocr_line' id='line_1_34' title="bbox 98 3658 1222 3748; baseline -0.006 -21"><span class='ocrx_word' id='word_1_284' title='bbox 98 3682 167 3728; x_wconf 76' lang='lat' dir='ltr'>tenu</span> <span class='ocrx_word' id='word_1_285' title='bbox 184 3675 300 3741; x_wconf 90' lang='lat' dir='ltr'>essent,</span> <span class='ocrx_word' id='word_1_286' title='bbox 319 3664 465 3748; x_wconf 85' lang='lat' dir='ltr'>‘possent’</span> <span class='ocrx_word' id='word_1_287' title='bbox 481 3662 647 3746; x_wconf 87' lang='lat' dir='ltr'>ponendum</span> <span class='ocrx_word' id='word_1_288' title='bbox 665 3670 741 3732; x_wconf 86' lang='lat' dir='ltr'>crat,</span> <span class='ocrx_word' id='word_1_289' title='bbox 759 3682 823 3722; x_wconf 89' lang='lat' dir='ltr'>cum</span> <span class='ocrx_word' id='word_1_290' title='bbox 836 3661 864 3723; x_wconf 92' lang='lat' dir='ltr'>id</span> <span class='ocrx_word' id='word_1_291' title='bbox 874 3658 998 3723; x_wconf 89' lang='lat' dir='ltr'>uerbum</span> <span class='ocrx_word' id='word_1_292' title='bbox 1009 3659 1045 3721; x_wconf 86' lang='lat' dir='ltr'>ad</span> <span class='ocrx_word' id='word_1_293' title='bbox 1058 3677 1222 3740; x_wconf 72' lang='lat' dir='ltr'>pronomen</span> 
     </span>
     <span class='ocr_line' id='line_1_35' title="bbox 100 3760 1222 3851; baseline -0.005 -21"><span class='ocrx_word' id='word_1_294' title='bbox 100 3766 196 3830; x_wconf 82' lang='lat' dir='ltr'>‘baee’</span> <span class='ocrx_word' id='word_1_295' title='bbox 210 3767 388 3851; x_wconf 87' lang='lat' dir='ltr'>pertineret.</span> <span class='ocrx_word' id='word_1_296' title='bbox 420 3763 535 3829; x_wconf 85' lang='lat' dir='ltr'>Verum</span> <span class='ocrx_word' id='word_1_297' title='bbox 559 3783 634 3846; x_wconf 90' lang='lat' dir='ltr'>quae</span> <span class='ocrx_word' id='word_1_298' title='bbox 656 3773 703 3825; x_wconf 91' lang='lat' dir='ltr'>cst</span> <span class='ocrx_word' id='word_1_299' title='bbox 718 3762 777 3824; x_wconf 84' lang='lat' dir='ltr'>ista</span> <span class='ocrx_word' id='word_1_300' title='bbox 793 3763 968 3840; x_wconf 89' lang='lat' dir='ltr'>excusatio,</span> <span class='ocrx_word' id='word_1_301' title='bbox 992 3775 1090 3825; x_wconf 86' lang='lat' dir='ltr'>utrum</span> <span class='ocrx_word' id='word_1_302' title='bbox 1112 3760 1222 3843; x_wconf 77' lang='lat' dir='ltr'>aliquid</span> 
     </span>
     <span class='ocr_line' id='line_1_36' title="bbox 96 3863 1222 3953; baseline -0.004 -22"><span class='ocrx_word' id='word_1_303' title='bbox 96 3867 161 3934; x_wconf 83' lang='lat' dir='ltr'>ieri</span> <span class='ocrx_word' id='word_1_304' title='bbox 184 3871 317 3953; x_wconf 85' lang='lat' dir='ltr'>potuerit</span> <span class='ocrx_word' id='word_1_305' title='bbox 336 3869 453 3934; x_wconf 78' lang='lat' dir='ltr'>necne?</span> <span class='ocrx_word' id='word_1_306' title='bbox 485 3865 565 3931; x_wconf 90' lang='lat' dir='ltr'>Nam</span> <span class='ocrx_word' id='word_1_307' title='bbox 587 3867 618 3929; x_wconf 90' lang='lat' dir='ltr'>in</span> <span class='ocrx_word' id='word_1_308' title='bbox 642 3867 697 3929; x_wconf 86' lang='lat' dir='ltr'>hae</span> <span class='ocrx_word' id='word_1_309' title='bbox 720 3863 866 3928; x_wconf 78' lang='lat' dir='ltr'>orationis</span> <span class='ocrx_word' id='word_1_310' title='bbox 896 3866 989 3927; x_wconf 81' lang='lat' dir='ltr'>forma</span> <span class='ocrx_word' id='word_1_311' title='bbox 1018 3863 1152 3946; x_wconf 82' lang='lat' dir='ltr'>equidem</span> <span class='ocrx_word' id='word_1_312' title='bbox 1184 3883 1222 3926; x_wconf 91' lang='lat' dir='ltr'>ne</span> 
     </span>
     <span class='ocr_line' id='line_1_37' title="bbox 96 3963 1222 4055; baseline -0.009 -19"><span class='ocrx_word' id='word_1_313' title='bbox 96 3973 255 4055; x_wconf 80' lang='lat' dir='ltr'>uestigium</span> <span class='ocrx_word' id='word_1_314' title='bbox 273 3974 390 4054; x_wconf 79' lang='lat' dir='ltr'>quidem</span> <span class='ocrx_word' id='word_1_315' title='bbox 406 3971 573 4036; x_wconf 86' lang='lat' dir='ltr'>sententiae</span> <span class='ocrx_word' id='word_1_316' title='bbox 590 3968 688 4033; x_wconf 88' lang='lat' dir='ltr'>uideo.</span> <span class='ocrx_word' id='word_1_317' title='bbox 731 3963 868 4030; x_wconf 86' lang='lat' dir='ltr'>Debcbat</span> <span class='ocrx_word' id='word_1_318' title='bbox 882 3978 979 4030; x_wconf 90' lang='lat' dir='ltr'>antem</span> <span class='ocrx_word' id='word_1_319' title='bbox 996 3968 1024 4031; x_wconf 89' lang='lat' dir='ltr'>id</span> <span class='ocrx_word' id='word_1_320' title='bbox 1042 3967 1117 4044; x_wconf 92' lang='lat' dir='ltr'>dici,</span> <span class='ocrx_word' id='word_1_321' title='bbox 1142 3963 1222 4028; x_wconf 78' lang='lat' dir='ltr'>Cae-</span> 
     </span>
     <span class='ocr_line' id='line_1_38' title="bbox 96 4070 1219 4159; baseline -0.008 -20"><span class='ocrx_word' id='word_1_322' title='bbox 96 4094 193 4139; x_wconf 77' lang='lat' dir='ltr'>sarem</span> <span class='ocrx_word' id='word_1_323' title='bbox 215 4085 440 4159; x_wconf 85' lang='lat' dir='ltr'>praeceptorum</span> <span class='ocrx_word' id='word_1_324' title='bbox 463 4071 616 4155; x_wconf 79' lang='lat' dir='ltr'>diligentia</span> <span class='ocrx_word' id='word_1_325' title='bbox 638 4070 696 4146; x_wconf 88' lang='lat' dir='ltr'>iis,</span> <span class='ocrx_word' id='word_1_326' title='bbox 722 4070 828 4152; x_wconf 93' lang='lat' dir='ltr'>quibus</span> <span class='ocrx_word' id='word_1_327' title='bbox 849 4071 916 4134; x_wconf 80' lang='lat' dir='ltr'>illas</span> <span class='ocrx_word' id='word_1_328' title='bbox 938 4091 988 4134; x_wconf 89' lang='lat' dir='ltr'>res</span> <span class='ocrx_word' id='word_1_329' title='bbox 1012 4070 1219 4141; x_wconf 82' lang='lat' dir='ltr'>mandauerat,</span> 
     </span>
     <span class='ocr_line' id='line_1_39' title="bbox 96 4172 1219 4258; baseline -0.01 -17"><span class='ocrx_word' id='word_1_330' title='bbox 96 4198 212 4241; x_wconf 89' lang='lat' dir='ltr'>omnem</span> <span class='ocrx_word' id='word_1_331' title='bbox 228 4175 457 4240; x_wconf 86' lang='lat' dir='ltr'>excusationem</span> <span class='ocrx_word' id='word_1_332' title='bbox 474 4174 640 4250; x_wconf 87' lang='lat' dir='ltr'>ademisse,</span> <span class='ocrx_word' id='word_1_333' title='bbox 667 4193 705 4236; x_wconf 90' lang='lat' dir='ltr'>ne</span> <span class='ocrx_word' id='word_1_334' title='bbox 730 4194 764 4236; x_wconf 89' lang='lat' dir='ltr'>re</span> <span class='ocrx_word' id='word_1_335' title='bbox 786 4175 864 4236; x_wconf 86' lang='lat' dir='ltr'>male</span> <span class='ocrx_word' id='word_1_336' title='bbox 885 4184 971 4258; x_wconf 78' lang='lat' dir='ltr'>gesta</span> <span class='ocrx_word' id='word_1_337' title='bbox 988 4174 1089 4236; x_wconf 89' lang='lat' dir='ltr'>dicere</span> <span class='ocrx_word' id='word_1_338' title='bbox 1103 4172 1219 4242; x_wconf 78' lang='lat' dir='ltr'>liceret,</span> 
     </span>
     <span class='ocr_line' id='line_1_40' title="bbox 94 4269 1220 4364; baseline -0.012 -21"><span class='ocrx_word' id='word_1_339' title='bbox 94 4279 134 4344; x_wconf 84' lang='lat' dir='ltr'>ita</span> <span class='ocrx_word' id='word_1_340' title='bbox 149 4300 217 4347; x_wconf 84' lang='lat' dir='ltr'>eam</span> <span class='ocrx_word' id='word_1_341' title='bbox 233 4288 434 4364; x_wconf 70' lang='lat' dir='ltr'>compereram</span> <span class='ocrx_word' id='word_1_342' title='bbox 449 4278 563 4353; x_wconf 75' lang='lat' dir='ltr'>suisne,</span> <span class='ocrx_word' id='word_1_343' title='bbox 584 4274 626 4339; x_wconf 87' lang='lat' dir='ltr'>uti</span> <span class='ocrx_word' id='word_1_344' title='bbox 641 4275 706 4339; x_wconf 80' lang='lat' dir='ltr'>ieri</span> <span class='ocrx_word' id='word_1_345' title='bbox 721 4296 781 4338; x_wconf 87' lang='lat' dir='ltr'>non</span> <span class='ocrx_word' id='word_1_346' title='bbox 797 4286 909 4358; x_wconf 82' lang='lat' dir='ltr'>poscet.</span> <span class='ocrx_word' id='word_1_347' title='bbox 937 4271 1041 4356; x_wconf 87' lang='lat' dir='ltr'>ltaque</span> <span class='ocrx_word' id='word_1_348' title='bbox 1056 4275 1100 4336; x_wconf 86' lang='lat' dir='ltr'>sic</span> <span class='ocrx_word' id='word_1_349' title='bbox 1115 4269 1220 4354; x_wconf 83' lang='lat' dir='ltr'>posui:</span> 
     </span>
    </p>
   </div>
   <div class='ocr_carea' id='block_1_4' title="bbox 0 0 1350 4688">
    <p class='ocr_par' dir='ltr' id='par_1_6' title="bbox 0 0 1350 4688">
     <span class='ocr_line' id='line_1_41' title="bbox 0 0 1350 4688; baseline 0 1"><span class='ocrx_word' id='word_1_350' title='bbox 0 0 1350 4688; x_wconf 95' lang='lat' dir='ltr'> </span> 
     </span>
    </p>
   </div>
  </div>
 </body>
</html>
