2684 4694
508 207 811 274 ...25-

97 397 151 460 pro
172 374 337 440 indication
359 373 406 458 (2,
428 374 455 439 l.
488 377 541 459 13,
558 379 591 443 7.
614 379 669 458 22,
686 378 719 444 6.
742 379 798 459 27,
813 379 846 445 6.
870 378 923 461 32,
942 379 975 445 6.
1000 381 1053 462 33,
1072 381 1104 449 5.
1128 382 1221 464 35,2

97 478 175 542 613.
199 475 254 555 37,
274 477 304 540 1.
328 476 434 562 38,1)
456 491 488 544 61
508 481 540 545 16
565 483 620 546 166
642 503 757 565 quoque
773 503 886 566 genere
901 485 1221 570 plusquamperfectum

98 601 152 664 pro
172 580 349 664 imperfecto
369 582 401 661 2,
418 582 450 646 3.
475 578 508 660 3,
525 580 557 645 8.
583 581 636 661 11,
653 583 685 649 2.
713 583 766 662 13,
786 584 818 648 2.
845 583 897 662 19,
914 584 946 649 7.
970 586 1123 665 222116
1140 588 1218 654 613.

98 680 151 758 37,
175 681 207 747 2.
239 683 339 765 Atque
361 683 387 746 is
405 685 615 749 coniunctiuus
631 684 719 749 etiam
735 706 899 769 pronomen
915 690 1026 768 traxit,
1051 701 1083 753 ut
1097 692 1221 756 reflexi·

97 805 165 848 uum
188 805 241 868 pro
257 785 492 850 demonstratiuo
508 796 687 870 poneretur,
712 808 739 850 6.
757 787 811 864 22,
829 786 851 851 6
874 791 1146 875 principibusque,
1170 794 1220 877 qui

98 887 153 951 sibi
175 886 321 950 contrarii
342 887 488 967 luissent,
512 888 709 967 interlectis',
735 889 931 974 similiterque
954 914 982 956 e.
1005 893 1059 972 28,
1083 895 1222 960 266661·

98 989 226 1073 gendum
248 989 323 1054 luite
350 986 600 1054 ‘Vrsaonensium
623 990 755 1069 ciuitati,
780 993 829 1074 qui
854 994 900 1057 sui
927 996 1056 1059 luissent
1071 999 1220 1076 fautores,

98 1103 184 1156 antea
213 1092 331 1156 litteras
360 1091 507 1156 miserat’.
555 1090 757 1175 Quamobrem
788 1095 907 1174 dubito,
939 1107 1039 1159 utrum
1069 1119 1096 1162 6.
1121 1097 1221 1177 37,3

98 1194 190 1258 uerba
213 1195 304 1278 ‘quod
323 1194 462 1278 imparati
482 1217 500 1259 a
523 1191 648 1258 Carteia
670 1197 797 1280 protecti
819 1198 887 1261 sinc
903 1219 986 1281 ,aqua
1001 1200 1140 1263 luissent'
1155 1201 1221 1285 ipsc

98 1298 227 1381 scriptor
240 1297 283 1361 ita
298 1298 449 1381 posuerit,
473 1320 512 1363 an
528 1297 719 1361 librariorum
736 1320 840 1363 errore
858 1301 956 1384 ‘quod'
977 1311 1008 1363 et
1025 1305 1135 1384 ‘quom‘
1151 1323 1221 1385 par-

98 1401 207 1464 ticulae
234 1411 420 1484 permutatae
450 1401 523 1466 sint.
562 1399 651 1486 Apud
673 1397 838 1466 Caesarem
859 1403 977 1486 quidem
999 1403 1029 1465 b.
1054 1400 1134 1467 Gall.
1159 1402 1218 1482 IV,

100 1501 130 1580 1,
154 1500 276 1567 9611.
300 1503 360 1566 616.
377 1501 437 1581 Ill,
461 1501 505 1567 26
527 1514 607 1567 extr.
633 1524 671 1567 ne
694 1503 771 1568 banc
791 1524 845 1588 pro
864 1504 914 1568 illa
930 1524 1091 1589 ponerem,
1114 1505 1220 1570 titulus

98 1603 244 1669 Anconae
257 1605 289 1668 iu
305 1626 377 1670 arcu
393 1602 521 1670 Traiani
537 1606 678 1690 scriptus,
697 1627 783 1689 quem
798 1608 834 1669 ad
848 1606 976 1689 priorem
986 1607 1084 1671 locum
1093 1603 1220 1670 861661-

99 1708 187 1771 decus
217 1709 481 1787 commemorauit,
512 1730 560 1773 me
586 1729 647 1772 non
671 1708 826 1773 deterruit.
873 1707 954 1771 Nam
976 1708 1007 1771 1.
1029 1711 1099 1773 Α16.
1119 1707 1174 1784 87,
1199 1709 1218 1772 1

98 1809 130 1872 16
150 1809 197 1873 bis
219 1809 338 1874 uerbisz
365 1819 442 1875 ‘cum
459 1811 496 1874 ab
512 1811 619 1875 incolis
639 1833 699 1875 non
715 1811 924 1895 reciperentur
938 1811 1025 1888 ideo,
1049 1812 1127 1893 quod
1143 1812 1220 1873 lama

98 1913 133 1977 de
149 1912 274 1976 uictoria
290 1909 434 1976 Caesaris
450 1913 735 1997 praecucurrisset’,
759 1925 842 1977 recte
860 1914 981 1997 ponitur
995 1912 1218 1990 coniunctiuus,

98 2025 131 2079 ut
150 2014 269 2078 incolas
292 2015 369 2078 banc
392 2035 511 2078 oausam
535 2015 683 2098 equitibus
700 2017 828 2081 edidisse
845 2017 1078 2091 demonstretur.
1111 2010 1172 2078 Sed
1188 2022 1221 2077 ut

98 2117 136 2181 ad
151 2116 261 2179 bellum
277 2115 478 2200 Hispaniense
494 2128 698 2195 reuertamur,
721 2120 810 2202 longe
832 2117 955 2202 plurima
972 2118 1002 2179 in
1019 2119 1156 2180 oratione
1171 2115 1219 2179 bie

98 2218 176 2283 liber
197 2217 286 2281 babet
307 2219 487 2302 peculiaria,
511 2219 599 2282 ualde
619 2220 733 2302 quidem
757 2220 808 2283 illa
827 2220 1041 2284 memorabilia.
1076 2216 1220 2282 ‘Clancu-

99 2321 167 2387 lum’
183 2321 311 2406 legimus
333 2343 360 2384 6.
378 2318 433 2398 32,
450 2321 482 2400 7,
507 2333 541 2384 61
562 2323 639 2406 apud
654 2319 793 2385 Plautum
810 2333 841 2384 61
857 2321 1048 2400 Terentium,
1075 2320 1219 2405 ‘pelagus’

99 2423 153 2504 46,
169 2423 210 2503 8,
234 2445 292 2507 quo
316 2425 461 2488 uocabulo
479 2436 599 2509 praeter
614 2422 736 2489 Vitrun.
755 2420 797 2500 ll,
814 2422 846 2502 8,
866 2423 906 2489 14
929 2430 1034 2508 potitae
1051 2435 1078 2487 et
1095 2422 1220 2507 scripto·

100 2547 149 2592 res
168 2527 322 2591 inferioris
345 2528 453 2590 acutis
473 2529 519 2591 usi
543 2538 631 2590 sunt:
657 2548 717 2590 non
740 2526 835 2609 magis
860 2526 1051 2591 ‘excellentia
1068 2528 1163 2604 loca',
1187 2536 1221 2589 ut

101 2626 194 2705 1168,
212 2625 325 2693 4616.
350 2628 405 2703 24,
421 2628 455 2691 4.
478 2627 534 2707 28,
551 2629 591 2708 4,
616 2630 663 2712 qui
687 2625 845 2692 Ciceronis
868 2640 967 2693 aetate
985 2630 1118 2707 dixerit,
1141 2628 1216 2693 scio.

100 2729 206 2815 Neque
231 2732 306 2816 apud
329 2732 405 2795 alios
427 2732 591 2816 scriptores
609 2730 773 2796 ‘loricatos'
788 2732 831 2795 ita
846 2732 948 2818 legere
964 2732 1101 2808 memini,
1124 2741 1155 2792 ut
1171 2730 1220 2793 bic

99 2833 133 2910 4,
156 2833 177 2897 2
199 2844 230 2897 61
252 2833 272 2898 3
296 2833 462 2909 ι166166166,
485 2836 568 2899 61666
589 2837 697 2913 fortes,
722 2856 788 2898 cum
804 2835 936 2917 equitatu
952 2845 1021 2897 ante
1037 2832 1220 2916 praemisit'3

102 2934 154 3012 13,
177 2936 197 2999 5
220 2937 341 3001 ‘missos
360 2940 461 3002 lacere
475 2937 636 3015 loricatos,
661 2937 709 3019 qui
725 2937 866 3019 praesidii
882 2957 973 2999 causa
989 2934 1152 3018 praepositi
1169 2955 1221 3017 op-

99 3038 167 3124 pido
188 3061 207 3103 a
228 3037 371 3124 Pompeio
394 3050 514 3118 essent,
538 3038 694 3117 orabant'3
724 3036 777 3114 20,
799 3038 822 3101 2
846 3039 1001 3102 ‘loricatus
1024 3056 1100 3099 unus
1121 3056 1161 3099 cx
1179 3036 1222 3099 le-

101 3140 190 3224 gione
219 3144 381 3206 uernacula
402 3144 438 3205 ad
463 3163 518 3205 nos
540 3140 710 3224 transfugit'
735 3150 765 3204 et
785 3142 812 3223 5.
836 3139 856 3203 4
884 3139 1087 3203 ‘centuriones
1102 3137 1222 3202 loricati

102 3254 169 3307 octo
192 3244 229 3307 ad
250 3240 413 3309 Caesarem
440 3243 666 3327 transfugerunt
682 3263 722 3335 ex
736 3242 856 3326 legione
871 3242 1054 3306 uernacula'.
1086 3239 1220 3306 Verbum

104 3346 334 3429 ‘depostulare’,
360 3346 437 3429 quod
460 3366 488 3409 c.
515 3345 531 3409 1
557 3355 637 3408 extr.
662 3346 892 3429 scriptumest,
924 3365 983 3408 non
1011 3344 1129 3408 uidetur
1150 3343 1222 3407 alibi

102 3448 242 3531 reperiri.
277 3446 446 3512 ‘Grumum'
468 3469 509 3512 ex
529 3446 614 3510 Attio
637 3448 754 3512 notauit
768 3446 908 3527 Nonius,
931 3448 985 3511 bac
1006 3457 1103 3512 aetate
1120 3447 1167 3509 bic
1186 3444 1220 3524 8,

102 3547 134 3615 6.
158 3549 214 3629 24,
230 3551 251 3616 3
266 3562 298 3616 61
311 3552 389 3636 apud
404 3549 575 3616 Vitruuium
589 3546 633 3627 Π,
653 3550 682 3628 1,
702 3551 721 3614 5
743 3550 864 3634 legitur.
898 3546 998 3631 ‘Quis'
1022 3571 1076 3633 pro
1093 3545 1222 3631 ‘quibus’

101 3654 197 3717 forma
216 3654 254 3718 ab
277 3654 495 3736 antiquioribus
511 3651 663 3718 Cicerone
678 3663 822 3736 usurpato
836 3663 867 3716 et
881 3653 918 3715 ab
937 3651 1112 3735 antiquariis
1129 3662 1160 3714 et
1174 3671 1223 3715 re·

102 3757 284 3822 centioribus
306 3757 399 3821 relata
417 3756 510 3820 semel
525 3756 651 3839 positum
668 3764 714 3818 est
729 3775 756 3817 c.
773 3752 815 3817 23
831 3766 913 3818 extr.
945 3751 1036 3836 Vulgi
1052 3774 1221 3817 sermonem

100 3859 216 3924 redolet
236 3859 344 3924 creber
365 3880 437 3922 usos
461 3858 545 3923 uerbi
566 3857 654 3942 paulo
676 3856 859 3940 pinguioris,
891 3858 969 3940 quod
992 3868 1039 3920 est
1062 3854 1219 3941 ‘iugulare’

103 3960 171 4043 (15,
188 3959 220 4027 6.
246 3961 429 4042 18,4615.
455 3960 506 4040 19,
524 3959 557 4025 3.
579 3960 635 4039 28,
653 3959 685 4024 3.
708 3956 973 4038 22,1613614.
997 3957 1051 4036 27,
1068 3955 1100 4021 6.
1119 3958 1172 4037 33,
1187 3958 1219 4022 5.

105 4061 158 4143 35,
174 4064 215 4129 4,
242 4064 466 4148 ‘iugulationem
485 4061 596 4127 lacerc'
620 4061 673 4141 16,
695 4060 715 4125 5
730 4060 807 4126 616.
832 4060 887 4140 22,
904 4060 958 4141 op:
982 4062 1052 4124 item
1069 4063 1142 4125 baec
1159 4061 1223 4124 uul-

103 4167 189 4252 garia
210 4188 278 4233 esse
300 4167 449 4231 arbitror:
476 4174 521 4228 ‘ut
542 4165 629 4229 sileat
645 4164 769 4228 uerbum
792 4164 901 4228 lacere'
918 4161 950 4244 3,
967 4164 1006 4242 7,
1032 4165 1161 4247 ‘signum
1178 4165 1223 4226 lo-

103 4291 161 4356 gae
183 4269 355 4338 ostenderc'
381 4268 433 4349 18,
456 4268 496 4348 5,
523 4266 757 4333 ‘accersione
779 4269 894 4352 legatos
909 4264 1088 4350 iugularent'
1106 4267 1162 4329 boc
1177 4274 1225 4328 est
