2692 4688
412 174 553 296 conat.
569 222 615 293 ιιι
630 224 727 294 cur.
744 222 898 295 tr-to.
1216 212 1281 291 art

100 403 218 490 plrane,
237 400 410 484 quibuscum
426 397 648 463 communicare
662 398 698 462 de
714 399 853 462 maximis
869 398 958 463 rebus
973 395 1133 480 Pompeius
1147 419 1222 463 con·

100 514 257 582 sueuerat,
274 503 312 566 de
325 501 472 565 mandatis
489 499 632 565 Caesaris
648 521 739 584 agere
754 501 893 565 instituit.
940 498 1036 584 Quem
1052 503 1220 586 ingressum

101 611 135 674 iu
164 624 332 671 sermonem
354 600 515 688 Pompeius
543 602 748 688 interpellauit
776 614 807 666 et
836 603 916 687 loqui
946 604 1031 687 plura
1060 606 1221 689 probibuit.

104 708 198 792 ‘Quid
215 707 309 784 milti',
326 706 434 789 inquit,
453 713 518 769 ‘aut
531 706 595 768 uita
610 715 661 769 out
676 706 799 770 ciuitate
814 726 887 789 opus
903 717 961 784 est,
979 727 1065 788 quam
1077 708 1259 775 tenemtot

69 827 84 878 t
106 807 251 877 Caesaris
267 808 379 873 bebere
393 807 542 872 uidebor?
556 809 641 871 cuius
655 809 700 872 rei
716 808 816 892 opinio
832 807 963 871 tollinon
972 811 1093 892 poterit,
1111 832 1176 875 eum
1191 813 1222 876 in

102 913 232 988 ltaliam,
252 933 293 976 ex
309 931 366 993 qua
381 910 533 993 proiectus
549 930 627 987 sum,
644 911 787 974 reductus
804 909 1023 975 existimnbur'.
1053 909 1141 976 Bello
1156 910 1259 998 per-5

104 1019 184 1082 lecto
199 1015 237 1080 ab
252 1008 419 1077 iisCuesar
433 1011 508 1075 boec
523 1012 601 1075 lacta
617 1013 770 1096 cognouit,
787 1012 838 1097 qui
853 1014 984 1076 sermoni
1000 1014 1222 1094 iuterfuerunte

105 1116 231 1184 conatus
247 1125 348 1179 tamen
363 1114 457 1178 nihilo
479 1113 576 1177 minus
599 1124 647 1178 est
661 1115 728 1178 aliis
743 1114 911 1178 rationibus
927 1115 997 1199 [per
1010 1116 1171 1202 colloquia]
1186 1118 1223 1181 de

104 1240 180 1305 pace
193 1237 293 1306 agere.
322 1214 410 1281 luter
423 1214 493 1279 bina
506 1226 606 1279 castra
615 1214 738 1301 Pompei
754 1227 842 1300 utque
850 1213 993 1281 Caesaris
1009 1239 1098 1282 nuum
1114 1219 1221 1284 dunen
1237 1220 1280 1290 19

48 1335 83 1389 to
104 1334 218 1388 tantum
234 1321 381 1386 intererat
394 1317 510 1402 Apsus,
527 1319 692 1406 crebraque
707 1319 787 1383 inter
800 1339 834 1382 se
846 1319 994 1403 colloquia
1009 1321 1118 1386 milites
1133 1321 1225 1387 babe-

105 1425 197 1502 bant,
213 1444 309 1507 neque
324 1422 414 1487 ullum
430 1421 550 1484 interim
565 1421 656 1485 telum
671 1441 726 1504 per
739 1421 892 1504 pactiones
908 1422 1088 1505 loquentium
1105 1425 1227 1489 traicie-

106 1528 203 1592 batur.
236 1523 333 1589 Mittit
346 1521 382 1588 P.
400 1522 556 1590 vatinium
579 1525 706 1609 legatum
730 1525 766 1588 ad
782 1525 876 1608 ripam
891 1525 985 1607 ipsam
1002 1525 1149 1605 dominis,
1174 1525 1261 1610 qui2

108 1649 155 1707 eu,
173 1648 250 1713 quae
264 1628 394 1691 maxime
410 1626 446 1689 ad
463 1646 564 1710 pucem
580 1626 729 1711 pertinere
745 1627 932 1702 uiderentur,
950 1638 1056 1710 egeret
1071 1638 1101 1692 et
1116 1629 1224 1692 crebro

60 1722 66 1734 ’
106 1752 214 1815 magua
229 1749 306 1795 uoce
320 1728 541 1813 pronuntiaret,
559 1727 703 1792 liceretne
718 1728 831 1793 ciuibus
846 1730 882 1792 ad
899 1730 981 1793 ciues
997 1731 1032 1794 de
1048 1752 1121 1814 pace
1137 1732 1225 1816 [duo]

53 1845 85 1898 ts
107 1834 225 1919 legatos
240 1833 373 1909 mittere,
400 1832 475 1914 quod
492 1832 581 1894 etiem
598 1831 731 1913 lugitiuis
747 1832 783 1894 ab
800 1832 877 1895 saltu
893 1829 1050 1917 Pyrenaeo
1067 1835 1225 1916 praedoni·

108 1934 225 2018 bosque
240 1933 385 2011 licuisset,
402 1934 576 2017 praesertim
594 1955 659 1996 cum
675 1933 703 1995 id
720 1943 857 2016 agerent,
875 1954 912 1997 ne
928 1936 1010 1999 ciues
1027 1956 1094 1999 cum
1111 1937 1225 2002 ciuibus

110 2037 203 2100 ermis
218 2036 428 2099 decertarent?
455 2034 553 2099 Multa
569 2035 742 2118 suppliciter
757 2034 872 2096 locutus
888 2046 950 2111 est,
968 2048 1000 2099 ut
1016 2038 1052 2100 de
1067 2060 1121 2102 sua
1138 2041 1261 2124 atque3

111 2138 241 2202 omnium
257 2138 356 2202 salute
370 2137 514 2216 debebat,
542 2139 720 2220 silentioque
736 2136 773 2199 ab
789 2135 923 2218 utrisque
938 2137 1080 2202 militibus
1095 2141 1225 2205 auditus.

109 2239 299 2326 Responsum
315 2250 363 2303 est
376 2241 413 2304 ab
428 2240 523 2303 altera
540 2239 742 2324 perteAulum
752 2236 921 2303 Varronem
937 2239 1069 2320 proliteri
1085 2261 1119 2303 se
1135 2242 1231 2306 altera

52 2352 89 2410 2⁰
112 2344 159 2406 die
175 2344 211 2407 ad
227 2341 416 2427 conloquium
433 2354 591 2406 uenturum
607 2353 697 2426 atque
713 2342 840 2404 eundem
861 2340 1016 2419 uisurum,
1041 2344 1231 2424 quemadmo-

113 2446 182 2510 dum
198 2454 262 2510 tuto
275 2445 368 2529 legati
383 2445 489 2509 ucnirc
505 2454 535 2508 et
550 2466 626 2528 quae
641 2444 750 2508 uellent
768 2463 920 2528 exponere
936 2457 1078 2528 possent;
1101 2456 1231 2509 certum·
1284 2445 1290 2501 ἶ

113 2569 170 2631 que
185 2549 212 2611 ei
228 2548 270 2612 rei
288 2559 405 2631 tempus
421 2547 624 2610 constituitur.
641 2544 784 2629 Quocum
796 2557 877 2611 esset
892 2558 1012 2631 postero
1029 2549 1076 2613 die
1090 2559 1225 2628 uentum,
1242 2547 1265 2614 d

112 2671 220 2734 magna
243 2649 391 2731 utrimque
413 2649 567 2711 multitudo
589 2651 747 2727 conuenit,
777 2671 944 2733 magnoque
972 2663 1038 2715 erut
1057 2654 1227 2736 expectatio

113 2753 177 2816 eius
192 2754 255 2830 rei,
280 2762 368 2835 etque
392 2751 522 2813 cronium
546 2750 636 2813 animi
658 2750 764 2815 intenti
787 2772 855 2815 esse
870 2752 906 2815 ud
923 2771 1024 2834 pacem
1041 2754 1228 2820 uidebantur.

55 2864 90 2918 25
114 2850 181 2935 Qua
196 2875 236 2917 ex
253 2854 421 2937 frequentia
435 2850 523 2916 'l'itus
537 2851 691 2917 Labienus
714 2855 830 2936 prodit,
855 2854 1013 2917 summissa
1034 2857 1170 2922 oratioue
1186 2859 1266 2923 lob

114 2957 163 3039 qui
179 2957 215 3020 de
231 2978 303 3042 pace
319 2967 407 3040 etque
422 2956 563 3020 ultercuri
580 2977 644 3019 cum
660 2954 783 3021 Vatinio
799 2958 911 3040 incipit.
953 2951 1089 3036 Quorum
1105 2960 1229 3025 medinm
1245 2959 1267 3025 6

226 3215 237 3267 l
252 3217 402 3283 quibuscum
416 3218 455 3269 lo.
470 3217 516 3268 Fr.
533 3216 692 3281 Groucuius,
707 3216 800 3284 quibus
814 3215 891 3267 codd.
1023 3218 1040 3270 2
1053 3234 1127 3286 quern
1140 3222 1232 3283 ubre,

115 3308 213 3346 enmu.
319 3296 436 3362 linquid
450 3312 476 3346 o.
582 3295 736 3347 labbisu.
860 3293 1232 3358 iactauccd.Vrs.5dett.,

116 3372 186 3422 dicta
200 3387 227 3422 tt.
332 3372 418 3440 8[per
431 3371 572 3440 colloquia]
585 3374 615 3423 P.
632 3373 690 3425 lbb.
797 3372 811 3422 b
826 3372 896 3421 inter
907 3372 1010 3435 Aluum
1025 3381 1054 3424 ut
1066 3375 1229 3429 intersecet,

116 3453 166 3514 qui
177 3456 206 3500 nt
218 3453 269 3501 int.
284 3467 356 3503 uere.
370 3455 459 3515 lubet,
475 3454 499 3501 d.
621 3451 723 3517 Pompei
736 3466 763 3500 u·
885 3450 914 3502 ld
928 3450 1046 3518 Thapsus
1058 3468 1075 3502 o
1088 3457 1116 3502 et
1126 3455 1166 3501 sie
1181 3451 1236 3501 ‘uel

116 3528 219 3596 'lapsus
231 3531 305 3581 mss?
377 3531 404 3582 ll
421 3531 580 3596 loquentium
593 3545 610 3579 u
625 3532 697 3579 ‘enas
712 3529 746 3592 7’,
761 3527 960 3593 colloquentium
975 3545 1002 3578 u.
1079 3531 1110 3581 12
1121 3531 1233 3594 legatum

116 3625 168 3659 om.
185 3609 210 3659 b.
295 3608 324 3660 tt
339 3610 389 3659 dno
402 3609 452 3674 (u),
468 3610 532 3659 duos
549 3610 620 3658 ‘mss¹
636 3604 752 3658 omues':
766 3605 869 3655 deleuit
881 3605 977 3654 Aldus.
1090 3607 1121 3657 15
1133 3606 1234 3674 Pyreno

121 3689 145 3737 b.
252 3687 428 3753 praedonibus
442 3691 540 3738 omisso
555 3687 652 3752 copula
665 3687 690 3736 b.
800 3685 830 3736 ld
840 3683 993 3750 praesertim
1004 3699 1061 3734 cum
1075 3684 1148 3747 abd,
1163 3700 1238 3752 prae·

115 3762 288 3813 sertimutu.
374 3765 502 3828 ngecetb.
587 3763 617 3815 li
632 3771 672 3814 est
685 3761 872 3824 Neruicenais,
886 3775 939 3811 om.
954 3758 1066 3823 reliqui.
1142 3760 1237 3813 tuttu-

118 3842 169 3892 lnm
182 3857 209 3905 u,
223 3843 254 3892 Α.
271 3858 298 3892 u.
421 3844 454 3895 20
469 3842 630 3909 conloquium
644 3859 671 3893 a.
799 3848 876 3907 atque
889 3839 997 3889 eundem
1011 3854 1060 3904 ego
1070 3858 1080 3902 ‚·
1092 3846 1171 3907 atque
1183 3859 1234 3895 nna

114 3919 202 3981 codd,
217 3920 265 3969 sed
277 3929 356 3985 utque
371 3921 385 3968 b
400 3919 561 3985 ‘plerique't
630 3919 745 3969 uisurum
760 3918 972 3986 quemadmodum
984 3916 1179 3984 liddae-lingitur,
1194 3920 1235 3969 nis

115 4007 252 4064 utrumque
266 3998 400 4050 udrnodum
414 4014 430 4047 o
441 3999 476 4047 be
490 3997 640 4063 plerique.
655 3998 686 4047 Ρ.
702 3997 760 4048 lib.
896 3995 929 4048 ²3
944 3995 1063 4061 utrinque
1076 3997 1127 4059 (a).

114 4077 276 4142 exspectutio
291 4078 347 4127 eius
361 4077 397 4125 rei
411 4077 460 4137 ab,
476 4076 532 4125 eius
547 4075 584 4124 rei
597 4075 758 4140 exspectatio
772 4089 789 4122 u
803 4073 874 4139 (exp.
888 4074 925 4136 a).
1060 4074 1092 4127 tl
1106 4073 1184 4122 animi
1198 4072 1237 4121 in·

116 4154 179 4203 tenti
194 4168 211 4201 u
224 4153 388 4218 Stephanus,
403 4152 494 4200 intenti
508 4151 586 4200 animi
600 4154 704 4199 ceterae
717 4149 778 4199 cdd.
888 4165 947 4201 esse
960 4150 991 4201 ad
1005 4164 1093 4218 pacem
1107 4166 1132 4211 c,
1148 4148 1179 4197 ud
1194 4161 1238 4214 pa·

116 4247 171 4280 cem
186 4232 217 4293 b,·
232 4232 263 4280 ad
278 4246 366 4298 pacem
380 4245 437 4280 esse
450 4228 512 4279 cdd.
650 4228 683 4283 tt
697 4226 773 4278 Titus
786 4244 813 4293 c,
828 4226 860 4279 T.
874 4245 902 4279 u.
1059 4227 1194 4277 summissa
1208 4240 1234 4292 c,

115 4310 267 4362 nonsubm.
