2692 4688
87 204 151 274 otu
511 202 569 270 llll
591 201 735 272 BELbi)
758 201 894 273 ctvud

29 400 43 447 s
145 385 323 465 peruenerat
339 387 429 458 atque
442 395 507 440 enm
523 397 579 442 sus
597 387 704 460 sponte
725 398 847 441 uacuum
870 386 1069 461 occupauerat
1088 376 1267 462 delectuque

146 478 247 545 babitu
263 479 336 544 duos
350 479 486 562 legiones
510 479 653 544 eilecerat
675 480 823 544 bominum
845 492 877 544 et
890 480 1025 544 locorum
1041 479 1148 543 notitia
1163 491 1194 545 et
1210 501 1267 545 usu

145 580 210 649 eins
226 581 398 664 prouinciae
413 592 519 646 unctus
534 580 633 644 editus
648 582 684 646 ad
700 602 736 646 ee
752 583 898 660 conanda,
917 582 993 666 quod
1009 584 1111 665 paucis
1127 594 1197 646 ante
1212 603 1267 646 nn·

106 680 193 751 bnis
209 693 398 767 expraetore
413 703 478 747 eam
494 684 676 767 prouinciam
687 686 868 750 obtinuerat.
894 684 952 749 llic
967 685 1137 749 uenientem
1146 682 1265 750 Vticam

145 786 272 850 nauibus
287 783 476 850 Tuberonem
499 800 587 872 portu
609 798 696 872 atque
718 790 822 872 oppido
844 788 982 872 probibet
1004 808 1099 871 neque
1114 789 1262 853 adlectum
1285 799 1300 852 t

147 887 317 953 ualetudine
332 888 422 952 lilium
439 908 593 972 exponere
608 892 639 955 in
655 902 764 956 terram
780 892 911 976 patitur,
936 891 989 955 sed
1004 889 1129 955 sublatis
1144 890 1266 956 ancoris

145 991 295 1056 excedere
310 1009 347 1054 eo
363 990 428 1054 loeo
444 992 535 1076 cogit.

86 1091 131 1163 32
232 1090 288 1155 llis
304 1091 393 1157 rebus
409 1094 553 1158 confectis
570 1090 705 1175 Caesar,
727 1108 761 1161 nt
775 1096 918 1180 reliquum
937 1105 1051 1179 tempus
1067 1115 1084 1158 a
1099 1093 1203 1159 labore
1217 1095 1266 1159 in·

145 1194 372 1273 termitteretur‚
391 1197 499 1260 milites
514 1197 544 1261 in
561 1199 1010 1283 proximemnnicipiadcdncit3
1027 1198 1092 1282 ipse
1108 1198 1145 1261 ad
1160 1197 1264 1261 urbem

108 1297 353 1382 2prolicisoitur.
390 1294 506 1364 Coacto
534 1312 639 1365 senatu
667 1303 792 1365 iniurias
821 1301 1008 1364 inimicorum
1038 1308 1264 1363 commemoret.
1287 1307 1320 1363 tt

110 1420 127 1467 „2
143 1397 243 1465 Docet
257 1420 290 1464 se
305 1400 417 1464 nullum
434 1403 706 1466 extraordinarium
722 1405 863 1466 bonorem
880 1402 1039 1484 appetisse,
1057 1401 1110 1464 sed
1122 1410 1264 1484 expecte-

146 1514 178 1566 tc
192 1502 324 1584 legitimo
340 1511 473 1582 tempore
488 1505 659 1567 consulatus
675 1524 711 1567 eo
727 1505 820 1566 luisse
836 1513 1019 1580 contentum,
1038 1503 1114 1584 quod
1125 1503 1264 1566 omnibns

110 1602 260 1668 bciuibus
276 1611 404 1683 pateret.
444 1599 554 1666 Lotum
570 1604 608 1666 nb
621 1614 648 1667 x
663 1604 790 1667 tribunis
806 1603 898 1686 plebis
915 1603 1189 1667 contradicentibus
1204 1603 1264 1666 ini·

113 1718 116 1723 '
143 1703 246 1781 micis,
274 1699 393 1768 Catone
408 1724 481 1767 uero
497 1705 643 1768 acerrime
658 1716 844 1790 repugnante
860 1715 890 1768 et
904 1706 1029 1788 pristine
1045 1705 1262 1769 consuetudine

144 1806 263 1871 dicendi
277 1826 361 1871 mora
376 1805 440 1869 dies
456 1805 647 1886 extrahente,
665 1818 698 1870 nt
712 1808 757 1871 sui
774 1807 850 1870 ratio
859 1805 992 1872 absentis
1009 1808 1180 1884 baberetur,
1198 1806 1264 1890 ipso
1290 1817 1321 1873 tt

143 1908 268 1974 consule
282 1906 444 1990 Pompei03
462 1908 511 1990 qsri
527 1909 553 1971 si
569 1908 785 1993 improbasset,
812 1930 866 1973 eur
887 1911 960 1974 lerri
981 1931 1088 1994 passus
1109 1909 1214 1973 esset?
1235 1910 1262 1974 si

107 2009 317 2093 iprobasset‚
342 2030 396 2073 cur
418 2031 451 2073 se
475 2010 517 2074 nti
542 2013 639 2095 populi
655 2012 799 2076 beuelicio
816 2013 1038 2096 prohibuisset?
1082 2009 1261 2076 Patientiam

143 2112 282 2197 proponit
295 2131 392 2186 suam,
409 2133 477 2177 cunr
493 2114 528 2176 de
545 2115 920 2179 exercitibusdimittendis
934 2115 1012 2177 ultro
1027 2114 1260 2197 postutauissem

108 2209 128 2277 5
143 2213 175 2279 in
191 2235 248 2296 quo
264 2214 408 2279 iacturam
424 2215 576 2299 dignitatis
592 2228 680 2300 atquo
696 2219 817 2284 honoris
833 2218 896 2302 ipse
913 2219 1045 2280 lecturus
1058 2225 1149 2280 esset.
1166 2215 1262 2279 Acer·

143 2315 264 2381 bitatem
281 2316 468 2382 inimicorum
485 2319 589 2396 docet,
608 2321 678 2402 qui,
695 2322 771 2406 quood
788 2322 824 2384 ab
840 2321 936 2383 altero
951 2319 1157 2402 postularent,
1184 2318 1214 2381 in
1231 2337 1263 2381 se
1284 2326 1319 2381 bt

143 2432 320 2487 recusarent
336 2431 424 2501 atquo
438 2422 538 2484 omnin
554 2422 727 2503 permisceri
743 2423 881 2500 mallent,
899 2443 986 2505 quam
1002 2421 1156 2505 imperium
1174 2439 1263 2483 exer·

107 2516 281 2600 licitusque
304 2521 464 2587 dimittere.
502 2519 647 2586 Iniuriam
670 2524 701 2586 in
722 2525 884 2608 eripiendis
907 2525 1073 2608 legionibus
1096 2521 1259 2607 praedicat,

59 2639 62 2644 ·
90 2660 93 2665 -
144 2621 351 2687 crudelitatem
373 2634 405 2686 ct
425 2623 614 2688 insolentiam
638 2626 669 2690 in
691 2626 972 2692 circumscribendis
995 2625 1121 2690 tribunis
1147 2621 1259 2708 plebis3

142 2725 334 2794 condiciones
349 2748 369 2792 e
383 2749 417 2792 se
432 2727 528 2807 latas,
551 2729 684 2813 expetitu
708 2731 853 2813 colloquia
877 2743 908 2795 et
922 2733 1068 2813 denegata
1083 2745 1263 2790 commemo·

106 2826 202 2901 tmt.
227 2827 291 2896 Pro
307 2831 413 2913 quibus
427 2831 518 2895 rebus
536 2832 673 2896 bortatur
687 2854 721 2896 ac
737 2835 878 2919 postulat,
896 2846 930 2897 ut
944 2830 1153 2917 rempublicam
1169 2827 1264 2893 susci·
1286 2837 1321 2891 2⁶

142 2935 228 3019 piam
241 2942 333 3020 atque
345 2953 405 2997 nne
420 2953 520 2998 secum
536 2937 754 3000 administrent.
781 2933 835 2999 Sin
852 2939 958 3000 timore
971 2936 1137 3018 defugiunt,
1153 2930 1212 2995 illis
1228 2950 1262 2993 ee

108 3035 232 3103 Soneri
247 3056 307 3101 non
322 3039 451 3105 lotorum
467 3048 499 3100 et
513 3059 567 3121 per
580 3058 614 3102 se
629 3039 840 3122 rempublicam
856 3039 1138 3104 administraturum.
1163 3029 1263 3113 Lega-

145 3151 193 3204 tos
208 3140 245 3203 nd
260 3137 434 3224 Pompeium
451 3140 486 3203 de
503 3140 717 3225 compositione
733 3141 807 3203 mitti
824 3151 983 3224 oportere:
1007 3160 1104 3223 neque
1119 3158 1153 3202 se
1168 3137 1265 3199 reior-

146 3240 270 3325 midere,
288 3243 412 3327 quodie
429 3253 536 3309 senatu
551 3239 710 3328 Pompeius
725 3242 813 3330 paulo
829 3254 899 3308 ente
914 3241 1064 3322 dixisset,
1081 3242 1118 3308 nd
1134 3260 1207 3325 quos
1223 3238 1264 3302 le·

256 3502 268 3555 1
283 3501 431 3568 dilectoque
443 3519 471 3556 a.
589 3505 711 3560 anneus
723 3520 777 3556 sm.
791 3520 827 3555 m.
838 3517 884 3571 pr.
898 3503 923 3568 b,
937 3507 988 3569 qut
998 3502 1120 3554 noticinm
1134 3504 1162 3550 tn
1174 3513 1264 3564 marg.

144 3580 228 3633 tutet
239 3584 266 3632 st
277 3580 374 3633 detnsa
388 3597 470 3632 usum.
609 3585 626 3634 b
639 3582 770 3634 adlectum
782 3596 810 3633 o.
940 3581 956 3633 b
970 3579 1146 3633 ualetudinem
1159 3592 1184 3639 a,
1201 3576 1266 3625 unli-

146 3657 236 3713 tttdise
252 3658 324 3711 ‘mem
336 3663 371 3709 nt
381 3657 501 3723 semper'.
625 3666 698 3710 terra
710 3661 759 3712 eb.
881 3660 988 3710 sncsrls
998 3656 1050 3723 (a),
1065 3671 1117 3704 coo
1132 3654 1263 3705 anchoris.

255 3735 287 3793 lb
300 3735 404 3801 coneto]
418 3745 445 3789 et
456 3743 514 3785 neto
527 3737 597 3786 obe.
722 3739 752 3790 ll
767 3745 904 3804 expectato
917 3752 945 3788 a.
1080 3734 1111 3786 1³
1125 3733 1157 3782 nb
1170 3733 1265 3783 octrils.

147 3814 185 3880 pl.
196 3830 224 3866 a.
330 3814 362 3865 ll
375 3814 498 3865 Catonem
512 3839 547 3851 -
559 3824 746 3882 reponente!
757 3842 791 3854 -
805 3817 985 3868 extrahente·
999 3815 1049 3865 ab.
1176 3813 1207 3864 lb
1220 3828 1268 3863 cnr

147 3889 205 3941 sert
218 3891 243 3941 b.
347 3893 370 3944 si
385 3893 550 3958 probnsseto
565 3894 640 3945 ‘mse
654 3896 690 3959 δ’,
704 3896 744 3945 sin
758 3896 896 3961 probasset
907 3894 995 3945 Aldus
1010 3908 1038 3943 u.
1145 3892 1176 3944 17
1189 3907 1267 3942 cursu

148 3966 187 4020 nti
197 3982 225 4018 a.
355 3968 386 4022 td
400 3967 488 4034 etque]
503 3976 529 4019 ct
541 3970 568 4019 b.
705 3972 739 4027 20
752 3973 812 4038 qnid
827 3973 892 4037 qnod
906 3972 939 4021 nb
952 3971 1092 4020 slterornm
1106 3970 1157 4019 ob.

146 4043 448 4108 tetagrammaton,
463 4046 565 4107 legibus
577 4049 654 4100 cedd.
760 4050 793 4103 bs
806 4049 969 4102 conditiones
982 4048 1034 4113 (a).
1149 4046 1268 4110 expetite

148 4122 189 4174 sb
202 4121 238 4185 (s's
252 4123 357 4189 τιμᾶ.)
370 4139 393 4185 e,
408 4130 436 4174 et
450 4125 567 4188 expetite
580 4140 608 4175 e.
731 4127 764 4178 25
779 4127 898 4176 hortetur
910 4126 1008 4188 ebed,
1023 4131 1082 4174 oret
1093 4138 1122 4174 u.
1239 4131 1270 4172 nt

147 4200 241 4263 ebed,
255 4216 308 4252 em.
324 4216 351 4250 u.
456 4201 490 4255 26
503 4202 558 4252 sint
568 4217 595 4253 ιι.
715 4202 749 4255 lb
761 4201 898 4270 Pompeius
911 4202 988 4269 psnle
1002 4208 1063 4251 ente
1075 4216 1092 4251 a
1104 4198 1267 4265 Stephanus,

149 4277 226 4345 paolo
238 4284 300 4330 nnte
313 4276 450 4344 Pompeius
462 4278 584 4344 reliquos
596 4276 657 4329 edd.
