2692 4688
540 186 851 258 curvum-25.
1252 186 1318 258 637

135 362 249 448 pressis
264 360 349 443 pueri
366 359 498 423 lacrimis
514 356 632 424 Caesar
646 362 710 445 ipse
724 372 889 426 commotus
904 362 1065 440 celeriter,
1081 362 1108 426 si
1122 361 1174 428 illa
1188 382 1258 427 sen·

132 464 223 542 tiret,
248 464 313 525 lore
336 483 404 525 eum
427 481 528 525 secum
551 463 710 527 adlirmans
725 465 763 527 ad
778 483 849 528 suos
864 465 985 529 dimisit.
1017 462 1073 528 Ille
1088 475 1122 527 ut
1135 485 1177 528 ex
1191 486 1257 530 car-
1272 462 1294 529 6

132 564 254 630 ceribus
277 565 309 627 in
332 562 455 627 liberum
479 586 597 629 cursum
614 566 742 630 emissas
758 566 832 630 adeo
848 576 953 630 contra
969 563 1131 631 Caesarem
1148 565 1259 631 acriter

131 667 244 732 bellum
268 685 374 749 gerere
396 666 511 751 coepit,
536 680 568 731 ut
588 665 749 746 lucrinas,
775 688 850 750 quas
865 666 897 732 in
912 668 1061 753 colloquio
1078 668 1257 753 proiecerat,

94 780 111 834 t
135 769 247 855 gaudio
264 768 416 832 uideretur
429 769 606 852 profudisse.
627 769 787 835 Accidisse
802 769 859 833 hoc
874 771 1043 855 complures
1059 768 1201 835 Caesaris
1216 768 1259 833 lc·
1273 768 1296 833 7

131 871 209 959 gati,
222 869 322 947 amici,
338 871 529 935 centuriones
545 872 714 956 militesque
729 870 932 952 laetabantur,
942 874 1020 957 quod
1036 874 1126 937 nimia
1140 872 1260 937 bonitas

134 974 200 1039 eins
224 970 352 1035 fallaciis
373 973 459 1055 pueri
481 972 565 1038 elusa
587 985 681 1038 esset.
721 970 816 1056 Quasi
839 995 911 1040 uero
932 975 962 1038 id
986 971 1103 1040 Caesar
1125 974 1259 1039 bonitate

135 1084 251 1139 tantum
268 1071 414 1136 adductus
430 1095 465 1138 ac
480 1097 541 1140 non
556 1076 787 1161 prudentissimo
803 1076 929 1142 oonsilio
940 1078 1073 1142 iecisset.
1098 1071 1177 1141 Cum
1187 1075 1262 1141 duce
1274 1074 1318 1148 ὅ

135 1178 290 1262 adsumpto
307 1175 509 1241 Alexandrini
532 1178 623 1242 nihilo
645 1199 678 1242 so
701 1180 849 1244 firmiores
871 1182 967 1244 lactus
990 1192 1042 1244 ant
1056 1179 1260 1263 languidiores

80 1290 113 1345 tt
135 1274 290 1343 Romanos
314 1277 598 1345 animaduerterent
612 1278 859 1365 eludentihusque
881 1281 1023 1346 militibus
1034 1282 1116 1365 regis
1132 1291 1260 1345 aetatem

137 1391 228 1464 atque
239 1380 442 1445 infirmitatem
458 1404 596 1468 magnum
613 1384 745 1448 dolorem
760 1385 930 1469 acciperent
945 1404 1041 1467 neque
1056 1405 1089 1448 se
1104 1384 1259 1468 quicquam

137 1483 283 1570 proficere
298 1481 449 1562 uiderent,
460 1505 653 1569 mmoresque
666 1488 847 1565 existerent,
857 1506 963 1572 magna
972 1481 1100 1550 Caesari
1108 1484 1260 1570 praesidia

137 1585 276 1650 terrestri
291 1585 418 1664 itinere,
438 1582 530 1672 Syria
545 1584 729 1672 Ciliciaque,
747 1589 872 1666 adduci,
890 1587 966 1672 quod
982 1588 1111 1651 nondum
1127 1587 1259 1652 auditum

102 1718 109 1725 ·
138 1682 264 1753 Caesari
280 1698 364 1768 erat,
383 1699 597 1769 commeatum,
615 1691 663 1773 qui
680 1690 753 1754 mari
769 1691 882 1755 nostris
898 1689 1147 1774 subportabatur,
1164 1690 1259 1753 inter·

81 1799 114 1853 tt
136 1787 237 1874 cipere
251 1800 431 1855 statuerunt.
464 1789 568 1874 ltaque
584 1792 731 1875 expeditis
748 1792 876 1876 nauigiis
891 1791 965 1856 locis
980 1791 1096 1855 idoneis
1112 1790 1149 1854 ad
1158 1787 1258 1855 Cano·
1273 1791 1295 1856 2

136 1911 205 1976 pam
227 1892 260 1955 in
281 1893 410 1958 statione
431 1893 585 1978 dispositis
607 1895 734 1958 nauibus
750 1894 969 1958 insidiabantur
983 1893 1096 1959 nostris
1111 1912 1260 1957 commea·

138 2001 244 2079 tuque.
282 1989 370 2075 Quod
385 1995 434 2060 nbi
450 1991 576 2061 Caesari
593 1997 758 2060 nuntiatum
774 2006 840 2072 cst,
865 2017 947 2060 suam
964 1997 1092 2061 classem
1107 1994 1190 2060 iubet
1205 2015 1259 2059 ex·
1274 1993 1295 2059 3

136 2094 234 2180 pedlri
255 2106 345 2179 atque
366 2096 485 2162 instrui.
517 2096 660 2162 Praelicit
682 2096 749 2161 buic
763 2095 918 2160 Tiberium
934 2096 1102 2161 Neronem.
1133 2094 1260 2161 Profici-

137 2207 263 2263 scuntur
282 2197 315 2262 in
331 2218 367 2263 ea
383 2198 480 2264 classe
495 2198 632 2265 Rhodiae
648 2220 741 2264 naues
758 2210 846 2282 atque
861 2199 892 2262 in
907 2199 953 2260 his
969 2196 1169 2282 Euphranor,
1194 2197 1260 2260 siue

79 2310 114 2365 so
137 2321 196 2383 quo
211 2299 291 2364 nulla
306 2321 445 2385 nmquam
459 2303 611 2368 dimicatio
627 2303 797 2378 marituma,
813 2301 893 2364 nulla
910 2300 998 2364 etiam
1015 2320 1116 2383 parum
1133 2296 1261 2362 feliciter

140 2402 277 2466 conlecta
291 2414 368 2468 erat.
400 2404 443 2469 ΑΙ
459 2407 593 2485 fortuna,
610 2426 687 2488 quae
702 2405 875 2489 plerumque
890 2423 955 2481 eos,
971 2422 1046 2485 quos
1061 2399 1194 2486 plurimis
1210 2398 1296 2464 tre-4

137 2504 253 2570 nebciis
269 2506 409 2585 ornauit,
436 2508 472 2571 ad
488 2508 638 2571 duriorem
654 2528 754 2572 casum
770 2516 925 2585 reseruat,
943 2504 1130 2590 superiorum
1148 2513 1260 2588 tempo·

136 2627 203 2672 rum
227 2606 382 2672 dissimilis
397 2606 628 2693 Euphranorem
648 2610 896 2694 prosequebatur.
927 2606 1007 2672 Nam
1024 2630 1090 2672 cum
1106 2607 1143 2671 ad
1159 2602 1295 2670 Cano-5

138 2729 205 2794 pum
226 2721 349 2773 uentum
372 2721 473 2786 esset,
495 2712 699 2793 instructaque
715 2714 863 2795 utrimque
880 2710 985 2774 classis
1001 2709 1208 2787 conflixisset,
1231 2719 1261 2772 et

81 2821 114 2875 2⁵
138 2830 193 2875 sna
216 2812 433 2877 cousuetudine
450 2811 629 2897 Euphranor
652 2815 763 2898 primus
786 2813 929 2897 proelium
947 2809 1146 2873 commisisset
1159 2820 1191 2872 et
1204 2809 1260 2872 tri·

137 2932 249 2978 remem
273 2913 402 2978 bostium
418 2916 603 2998 perforasset
617 2937 653 2979 ac
667 2915 877 2993 demersisset,
900 2913 1067 2999 proximam
1082 2909 1199 2991 longius
1216 2909 1261 2972 in·

138 3027 261 3081 secutus
285 3037 388 3101 parum
418 3018 559 3081 celeriter
586 3017 812 3100 insequentibus
833 3016 956 3098 reliquis
978 3015 1200 3076 circumuentus
1223 3009 1259 3073 ab

137 3116 354 3182 Alexandrinis
371 3129 428 3184 est.
462 3116 521 3183 Cui
537 3119 699 3183 subsidium
716 3139 804 3183 nemo
820 3118 899 3194 tulit,
916 3117 980 3180 siue
996 3112 1117 3198 quadiu
1133 3111 1198 3197 ipso
1210 3109 1296 3177 sab

138 3219 179 3284 tis
202 3221 343 3303 praesidii
355 3242 408 3305 pro
425 3223 536 3286 uirtute
551 3243 586 3286 ac
602 3221 744 3285 felicitate
760 3219 824 3284 eius
840 3229 978 3303 putarent
993 3238 1079 3297 esse,
1102 3216 1168 3280 siue
1182 3215 1260 3299 quod

246 3478 415 3532 2addrmans
429 3496 454 3531 a.
585 3485 599 3534 l
614 3482 742 3547 lacrymas
757 3479 808 3543 (a).
947 3478 1110 3544 dadsunpto
1123 3492 1149 3526 n.

140 3552 173 3606 ld
185 3553 356 3607 aduerterent
367 3559 438 3608 ahc.
563 3557 592 3609 ll
608 3557 744 3623 quicquam
757 3570 784 3619 a,
799 3568 852 3604 aon
864 3554 952 3620 quidq.
1072 3555 1102 3606 12
1117 3553 1262 3604 existerent

138 3630 190 3695 (a).
297 3632 435 3685 Caesare.
544 3632 753 3699 lueylthuea.
865 3629 980 3680 auditum
994 3631 1261 3680 Caesaria‘nrsmt

137 3708 198 3759 cdd.
213 3708 297 3774 qdd.’,
312 3709 420 3761 Caesari
433 3710 548 3760 auditum
563 3708 651 3761 Aldus
663 3724 692 3757 n.
812 3707 842 3757 ll
855 3705 920 3757 muri
933 3706 1030 3757 nostris
1042 3721 1059 3753 o
1074 3706 1146 3755 ‘msa
1161 3710 1189 3757 at
1200 3707 1260 3759 cdd.

138 3786 224 3852 qdd.’,
238 3789 334 3839 uostris
347 3790 448 3839 marin.
588 3783 822 3852 subportabatnra.
950 3783 980 3834 ld
994 3788 1187 3847 commentaque
1199 3800 1258 3850 ego,

139 3873 283 3916 commeato
297 3881 314 3916 a
324 3867 378 3929 bc,·
391 3866 577 3917 commeatibus
590 3880 618 3913 u.
634 3863 665 3913 P.
683 3862 747 3913 tta,
882 3860 913 3911 ll
926 3875 998 3911 suam
1011 3875 1077 3926 ego,
1091 3877 1167 3912 unum
1180 3865 1260 3929 chop

139 3954 235 3990 carm.
355 3945 386 3995 te
398 3941 538 4010 Tyberium
551 3957 577 4004 o,
593 3940 651 3990 Tib.
665 3954 693 3987 n.
804 3936 969 4003 enumquam
983 3953 1010 4001 a,
1024 3953 1150 4008 nonunq.

139 4017 290 4080 (marituma
302 4035 319 4069 a
328 4020 352 4085 c)
368 4021 467 4071 marina
476 4023 501 4070 b.
604 4018 638 4071 23
651 4014 855 4083 prosequebatur
867 4015 906 4080 (a)
915 4017 952 4071 ct
965 4017 1045 4083 aare,
1059 4021 1262 4087 persequebatur

141 4096 279 4164 ‘reliquit
391 4101 424 4155 2⁴
437 4100 566 4166 utrinqne
579 4113 605 4160 a,
620 4110 673 4145 non
687 4094 816 4157 utrinque.
920 4097 1005 4149 classe
1016 4099 1040 4148 b.
1142 4100 1177 4154 25
1186 4099 1263 4148 trire-

140 4193 207 4230 mem
221 4193 281 4243 ego,
295 4178 335 4229 illi
349 4179 564 4239 triremematc,·
580 4173 775 4226 iltictrircrncm
785 4186 811 4221 u.
826 4170 858 4220 P.
868 4171 926 4223 194.
1036 4175 1069 4231 te
1083 4176 1262 4242 perforasscat

141 4270 172 4308 sc
185 4256 375 4309 demersisscot
386 4273 403 4307 o
413 4258 459 4308 br.
562 4255 597 4309 te
609 4259 650 4303 est
662 4265 714 4303 om.
729 4265 756 4300 a.
