2692 4688
407 229 448 296 L.
467 229 522 295 DE
539 227 705 296 ssuuts.
723 224 1035 295 ANTICATONES
1275 225 1340 295 763

162 399 238 472 οῦδὲ
247 398 492 475 εὐδιαλλάκτως
502 415 642 488 σημεῖον
655 400 755 468 εἶναι.
771 399 853 471 Παῖς
864 395 929 484 γάρ
940 395 984 465 οἲν
996 397 1151 483 ἐφείσατο
1161 400 1283 477 ζάντος

160 511 208 581 είς
223 504 440 588 άναίσθητον
456 504 567 592 ἐκχέας
583 498 688 588 όργήν
702 493 891 586 τοσαῦτην;
906 501 960 589 Τῇ
970 497 1098 585 δὲπρός
1106 501 1283 584 Κικέρωνα

161 609 215 674 καλ
231 608 384 690 Βροῦτον
407 603 512 671 αῦτοῦ
533 607 586 672 καλ
607 606 750 690 μυρίους
770 600 894 677 ἄλλους
907 604 976 669 ταῖν
991 601 1282 687 πεπολεμογκότων

158 708 319 793 ἐπιεικείᾳ
334 707 575 794 τεκμαίρονται
586 709 640 773 καί
650 699 823 794 τόνλόγον
833 712 964 775 ἐκεῖνον
972 704 1031 774 οῦκ
1041 711 1073 783 ἐξ
1082 701 1280 794 άπεχθείας,

123 825 138 874 t
162 806 250 877 άλλοί
272 809 448 896 φιλοτιμίᾳ
470 809 627 898 πολιτικῇ
650 802 878 897 συντετάχθαι
901 810 955 876 διά
978 808 1140 893 τοιαύτην
1155 808 1280 876 αἰτίαν.

155 911 307 1000 Ἔγραψε
322 912 478 995 Κικέρων
499 909 667 997 ἐγκώμιον
681 905 849 985 Κάτωνος
872 911 985 999 όνομα
1008 913 1051 997 τῷ
1068 903 1156 996 λόγῳ
1173 910 1281 992 θέμε-

158 1039 218 1087 νος
234 1011 402 1080 Κάτωνα·
420 1016 473 1080 καί
498 1016 639 1086 πολλοῖς
654 1010 672 1077 ό
687 1007 783 1099 λόγος
798 1007 841 1098 ἦν
857 1012 909 1080 διά
925 1014 1096 1098 σπουδῆς,
1120 1011 1163 1085 οἷς
1179 1008 1279 1088 εἰκός,

157 1111 227 1182 ῦπῦ
248 1117 309 1180 τοῦ
332 1115 528 1182 δεινοτάτου
543 1116 611 1182 τάν
626 1111 779 1199 ῥητόρων
795 1120 843 1189 είς
857 1114 921 1201 τήν
937 1115 1121 1200 καλλίστην
1135 1135 1280 1196 πεποιη-

157 1219 263 1304 μένσς
278 1215 459 1283 ὑπόθεσιν.
490 1219 600 1283 Τοῦτο
615 1211 696 1300 ἠνία
707 1218 864 1300 Καίσαρα
880 1218 1087 1304 κατηγορίαν
1103 1210 1207 1282 αῦτοῦ
1219 1238 1280 1281 νο·

102 1331 135 1384 tt
155 1321 301 1407 μίζοντα
315 1318 377 1387 τόν
392 1321 454 1385 τοῦ
468 1312 679 1404 τεθνηκότος
690 1311 732 1381 δι’
745 1311 1020 1386 αῦτόνέπαινον.
1033 1316 1206 1403 Ἑγραιμεν
1217 1308 1280 1380 οὖν

156 1419 282 1494 πολλάς
309 1446 405 1495 τινας
427 1420 512 1488 κατά
539 1421 600 1488 τοῦ
621 1415 787 1494 Κάτωνος
809 1419 920 1496 αίτιάς
943 1416 1161 1507 συναγαγών·
1182 1419 1222 1483 τό
1243 1416 1279 1482 δὲ

156 1523 294 1611 βιβλίον
309 1517 513 1590 Ἀντικάτων
528 1521 782 1607 ἐπιγέγραπται.
1207 1521 1210 1525 ’

243 1626 330 1688 Idem
346 1627 422 1689 ibid.
441 1627 480 1690 3:
504 1623 561 1693 Ἐν
576 1628 618 1715 τῇ
641 1625 727 1710 πρός
742 1627 782 1692 Κ
780 1625 920 1710 ικίρωνα
937 1626 1013 1711 περί
1030 1620 1198 1696 Κάτωνος
1214 1613 1279 1687 άν-

156 1729 302 1816 τιγραφῇ
321 1742 535 1810 παραιτεῖται
556 1728 606 1811 μή
632 1730 870 1811 στρατιωτικοῦ
886 1724 988 1814 λόγον
1003 1723 1127 1811 α’νδρός
1142 1719 1278 1799 άντεξσ-

101 1842 132 1893 tt
155 1826 265 1903 τοίζειν
280 1830 366 1912 πρός
382 1824 561 1914 δεινότητα
576 1823 716 1913 ῥήτορος
731 1822 879 1914 εὐφυοῦς
894 1831 950 1895 καί
968 1827 1092 1918 σχολήν
1110 1825 1277 1895 ἐπὶτοῦτο

156 1929 285 2013 πολλήν
302 1926 455 2015 άγοντος.

241 2030 328 2093 Idem
348 2031 415 2094 Cic.
430 2030 490 2095 392
513 2027 569 2098 Ἐκ
586 2029 621 2097 δὲ
637 2027 760 2097 τοῦτου
775 2029 908 2097 διετέλει
924 2032 1033 2117 τιμάν
1049 2031 1104 2097 καλ
1118 2031 1278 2117 φιλοφρο·

154 2128 334 2217 νοῦμενσς,
353 2129 437 2199 άστε
452 2135 507 2200 καί
523 2127 694 2219 γράψαντι
708 2129 809 2217 λόγον
824 2131 990 2218 ἐγκώμιον
1002 2129 1168 2203 Κάτωνος
1183 2126 1279 2197 άντι-

154 2229 291 2321 γράφων
310 2229 373 2302 τόν
388 2260 425 2302 τε
440 2232 542 2320 λόγον
558 2228 665 2300 αῦτοῦ
681 2235 735 2299 καί
751 2233 815 2301 τόν
829 2235 909 2319 βίον
924 2227 967 2305 οἷς
982 2226 1130 2317 μάλιστα
1146 2232 1191 2320 τῷ
1209 2230 1277 2296 Πε-

96 2348 131 2402 2⁰
152 2337 302 2423 ρικλέους
318 2332 449 2403 ἐοικότα
466 2341 523 2402 καί
537 2335 760 2419 Θηραμένους
775 2340 938 2402 ἐπαινεῖν.

240 2439 325 2503 Ptin.
344 2437 417 2500 tiss.
436 2448 502 2500 nat.
523 2437 561 2500 V
559 2437 604 2512 11,
615 2436 669 2514 30,
682 2435 759 2499 117:
786 2435 877 2500 Salus
893 2437 1005 2520 primus
1020 2434 1151 2497 omnium
1167 2453 1276 2518 parens

154 2540 269 2624 patriae
292 2538 457 2622 appellate,
483 2540 594 2621 primus
617 2538 648 2600 iu
672 2550 741 2621 toga
758 2540 935 2624 triumphum
952 2540 1129 2622 linguaeque
1145 2539 1277 2602 lauream

154 2643 262 2705 merite
278 2652 308 2704 et
323 2642 479 2704 facundiae
490 2639 706 2723 Latiarumque
722 2641 886 2705 litterarum
904 2664 1012 2726 parens
1028 2653 1126 2724 atque,
1138 2654 1171 2703 ut
1183 2641 1276 2703 dicta·

155 2755 204 2806 tor
219 2741 446 2807 Caesas'hostis
462 2744 608 2824 quondam
626 2752 694 2804 tuus
711 2742 747 2805 de
764 2753 793 2806 te
810 2745 948 2826 scripsit,
966 2743 1096 2805 omnium
1113 2729 1278 2823 triumpho·¹

95 2856 130 2911 2⁵
152 2866 217 2908 rum
234 2845 365 2908 lauream
382 2847 488 2928 adepte
504 2845 658 2920 maiorem,
677 2855 788 2926 quanto
804 2845 868 2928 plus
885 2858 931 2911 est
945 2846 1059 2929 ingenii
1067 2843 1197 2908 Romani
1213 2853 1273 2905 tes-

153 2948 251 3009 minos
267 2947 296 3008 in
315 2957 427 3009 tantum
444 2947 629 3029 promouisse
645 2967 730 3028 quam
747 2947 873 3029 imperii.
928 2939 938 2967 ⁴

243 3047 309 3110 Ciu.
331 3049 408 3130 Top.
427 3047 481 3123 25,
499 3047 559 3111 94:
585 3045 661 3112 Cum
682 3049 791 3132 aliquid
808 3049 843 3110 de
860 3047 1004 3125 utilitate,
1029 3049 1205 3124 honestate,
1223 3065 1274 3109 ae·

154 3149 265 3232 quitats
281 3148 442 3210 disseritur
457 3150 553 3229 deque
567 3149 605 3212 iis
621 3151 722 3228 rebus,
742 3171 817 3233 quas
834 3149 879 3213 his
895 3163 966 3214 suut
981 3151 1160 3226 contrariae,
1172 3150 1273 3212 incur·

151 3260 224 3313 ruut
239 3262 335 3313 status
351 3260 404 3312 aut
417 3249 492 3312 iuris
508 3261 560 3313 aut
574 3253 722 3331 nominis3
741 3254 816 3336 quod
832 3253 909 3317 idem
925 3254 1071 3335 contingit
1085 3254 1115 3315 iu
1128 3250 1273 3315 laudatio·

95 3361 130 3416 tt
153 3351 252 3414 nibus.
276 3353 363 3416 'Nam
385 3362 436 3415 aut
452 3353 553 3435 negari
571 3365 670 3437 potest
682 3357 710 3418 id
728 3357 836 3419 factum
854 3377 941 3430 esse,
959 3356 1035 3440 quoti
1051 3355 1203 3429 laudetur,
1221 3359 1274 3413 uut

152 3474 212 3516 nou
229 3474 265 3518 εσ
281 3455 401 3518 nomine
417 3455 615 3530 afficiendum,
629 3479 686 3539 quo
701 3458 839 3520 laudator
853 3458 998 3535 affecerit,
1014 3467 1064 3520 aut
1081 3455 1201 3518 omniuo
1212 3474 1272 3515 nou

153 3576 222 3620 esse
237 3554 394 3635 laudabile,
413 3558 489 3640 quod
506 3580 565 3621 nou
581 3570 674 3638 recte,
688 3581 748 3624 non
763 3559 828 3623 iure
843 3561 953 3624 fastum
968 3560 1019 3622 sit.
1045 3556 1160 3640 Quibus
1176 3554 1272 3617 omni·

261 3745 292 3797 17
300 3740 412 3797 διετέλει
423 3745 518 3815 τιμάν]
532 3749 633 3800 Caesar
642 3750 806 3801 Ciceronem.
910 3751 940 3802 tt
952 3751 992 3800 De
1002 3749 1132 3800 Cicerone
1140 3748 1207 3798 dicit
1218 3746 1273 3798 Pu·-

151 3825 224 3873 m'us.
238 3823 308 3873 ἐίσας
321 3823 438 3874 Vrsinus
451 3826 487 3875 ad
500 3827 584 3877 libros
597 3827 628 3876 de
642 3828 771 3892 analogia
784 3827 919 3877 retuterut
932 3828 1110 3892 reprehensus
1123 3843 1152 3876 οο
1165 3830 1273 3877 nomint

150 3915 168 3950 a
180 3898 325 3963 διελέξατο
332 3937 341 3963 ,
363 3905 413 3965 φατ’
423 3905 498 3952 intur·
510 3907 614 3953 incerta
629 3904 784 3954 collocavit.
805 3905 842 3954 ut
854 3920 919 3953 sune
930 3909 958 3953 ιε’
970 3905 1073 3956 Caesar
1086 3905 1192 3954 iussin
1205 3919 1271 3954 σωσ-

151 3979 249 4044 tagus
267 3982 436 4044 scripsisset,
452 3999 469 4032 α
484 3984 614 4033 Cicerone
632 3985 659 4030 ιἰι
673 3982 760 4031 Bruto
774 3982 821 4045 72,
836 3981 951 4033 25321012
965 3985 1269 4047 essentpraetermtssa.

151 4053 252 4107 Verum
266 4069 325 4104 sum
336 4055 490 4107 Ciceronem
503 4074 520 4107 ο
531 4058 645 4106 Caesari
658 4061 686 4106 in
695 4059 1011 4124 Anticatonsmogm'fios
1020 4059 1163 4110 laudatum
1171 4074 1227 4107 osse
1235 4073 1271 4108 ιω

150 4130 299 4181 Plutarcho
309 4139 421 4196 constet,
431 4134 687 4184 ἱκόελσεααΡέἐιιιό
695 4133 838 4198 desumpta
845 4149 901 4183 esse
909 4139 1079 4188 instituant.
1183 4136 1216 4190 27
1227 4134 1270 4199 Cs.

152 4207 269 4272 Qus'nts'l.
284 4208 334 4275 m,
348 4209 374 4276 7,
387 4210 429 4265 28.
543 4210 702 4276 aequalitate
712 4211 920 4265 Einsisdlsms's.
1027 4216 1060 4267 ts
1073 4215 1191 4265 coutiuet
1202 4212 1271 4264 San·

148 4286 292 4352 gatlsnss's.
