<?xml version="1.0" encoding="UTF-8"?>
<!DOCTYPE html PUBLIC "-//W3C//DTD XHTML 1.0 Transitional//EN"
    "http://www.w3.org/TR/xhtml1/DTD/xhtml1-transitional.dtd">
<html xmlns="http://www.w3.org/1999/xhtml" xml:lang="en" lang="en">
 <head>
  <title>
</title>
<meta http-equiv="Content-Type" content="text/html;charset=utf-8" />
  <meta name='ocr-system' content='tesseract 3.04.00' />
  <meta name='ocr-capabilities' content='ocr_page ocr_carea ocr_par ocr_line ocrx_word'/>
</head>
<body>
  <div class='ocr_page' id='page_1' title='image "./civliicaesarisc02hirtgoog_0680.png"; bbox 0 0 2692 4688; ppageno 0'>
   <div class='ocr_carea' id='block_1_1' title="bbox 513 212 1270 286">
    <p class='ocr_par' dir='ltr' id='par_1_1' title="bbox 513 212 1270 286">
     <span class='ocr_line' id='line_1_1' title="bbox 513 212 1270 286; baseline 0 -2"><span class='ocrx_word' id='word_1_1' title='bbox 513 215 661 286; x_wconf 75' lang='lat' dir='ltr'>CAPVT</span> <span class='ocrx_word' id='word_1_2' title='bbox 683 217 791 283; x_wconf 78' lang='grc'><strong>3-6.</strong></span> <span class='ocrx_word' id='word_1_3' title='bbox 1205 212 1270 284; x_wconf 74' lang='lat' dir='ltr'><strong>tot</strong></span> 
     </span>
    </p>
   </div>
   <div class='ocr_carea' id='block_1_2' title="bbox 29 384 1249 3449">
    <p class='ocr_par' dir='ltr' id='par_1_2' title="bbox 89 384 1247 781">
     <span class='ocr_line' id='line_1_2' title="bbox 90 384 1247 479; baseline -0.005 -20"><span class='ocrx_word' id='word_1_4' title='bbox 90 394 209 479; x_wconf 79' lang='lat' dir='ltr'><strong>agendi,</strong></span> <span class='ocrx_word' id='word_1_5' title='bbox 230 392 257 455; x_wconf 91' lang='lat' dir='ltr'><strong>si</strong></span> <span class='ocrx_word' id='word_1_6' title='bbox 273 399 376 472; x_wconf 90' lang='lat' dir='ltr'><strong>posset</strong></span> <span class='ocrx_word' id='word_1_7' title='bbox 390 388 488 472; x_wconf 91' lang='lat' dir='ltr'><strong>aliqua</strong></span> <span class='ocrx_word' id='word_1_8' title='bbox 504 389 619 454; x_wconf 88' lang='lat' dir='ltr'><strong>ratione</strong></span> <span class='ocrx_word' id='word_1_9' title='bbox 634 388 756 474; x_wconf 89' lang='lat' dir='ltr'><strong>perduci</strong></span> <span class='ocrx_word' id='word_1_10' title='bbox 772 388 809 454; x_wconf 89' lang='lat' dir='ltr'><strong>ad</strong></span> <span class='ocrx_word' id='word_1_11' title='bbox 824 388 991 452; x_wconf 85' lang='lat' dir='ltr'><strong>sanitatem.</strong></span> <span class='ocrx_word' id='word_1_12' title='bbox 1020 384 1126 472; x_wconf 90' lang='lat' dir='ltr'><strong>Itaque</strong></span> <span class='ocrx_word' id='word_1_13' title='bbox 1141 388 1247 453; x_wconf 78' lang='lat' dir='ltr'><strong>data2</strong></span> 
     </span>
     <span class='ocr_line' id='line_1_3' title="bbox 89 489 1212 576; baseline -0.004 -16"><span class='ocrx_word' id='word_1_14' title='bbox 89 496 230 560; x_wconf 85' lang='lat' dir='ltr'><strong>facultate</strong></span> <span class='ocrx_word' id='word_1_15' title='bbox 253 493 370 555; x_wconf 89' lang='lat' dir='ltr'><strong>litteras</strong></span> <span class='ocrx_word' id='word_1_16' title='bbox 386 493 549 556; x_wconf 80' lang='lat' dir='ltr'><strong>conscribit</strong></span> <span class='ocrx_word' id='word_1_17' title='bbox 564 504 593 557; x_wconf 94' lang='lat' dir='ltr'><strong>et</strong></span> <span class='ocrx_word' id='word_1_18' title='bbox 609 513 660 556; x_wconf 89' lang='lat' dir='ltr'><strong>cas</strong></span> <span class='ocrx_word' id='word_1_19' title='bbox 676 492 794 575; x_wconf 89' lang='lat' dir='ltr'><strong>captiuo</strong></span> <span class='ocrx_word' id='word_1_20' title='bbox 811 491 862 555; x_wconf 90' lang='lat' dir='ltr'><strong>dat</strong></span> <span class='ocrx_word' id='word_1_21' title='bbox 877 489 1066 575; x_wconf 79' lang='lat' dir='ltr'><strong>perferendas</strong></span> <span class='ocrx_word' id='word_1_22' title='bbox 1082 491 1114 554; x_wconf 81' lang='lat' dir='ltr'><strong>in</strong></span> <span class='ocrx_word' id='word_1_23' title='bbox 1129 491 1212 576; x_wconf 90' lang='lat' dir='ltr'><strong>oppi-</strong></span> 
     </span>
     <span class='ocr_line' id='line_1_4' title="bbox 90 590 1246 679; baseline -0.004 -18"><span class='ocrx_word' id='word_1_24' title='bbox 90 600 159 661; x_wconf 92' lang='lat' dir='ltr'><strong>dum</strong></span> <span class='ocrx_word' id='word_1_25' title='bbox 175 595 211 659; x_wconf 87' lang='lat' dir='ltr'><strong>ad</strong></span> <span class='ocrx_word' id='word_1_26' title='bbox 228 590 414 658; x_wconf 85' lang='lat' dir='ltr'><strong>Considium.</strong></span> <span class='ocrx_word' id='word_1_27' title='bbox 449 592 518 675; x_wconf 79' lang='lat' dir='ltr'><strong>Quo</strong></span> <span class='ocrx_word' id='word_1_28' title='bbox 533 594 711 678; x_wconf 73' lang='lat' dir='ltr'><strong>simulatque</strong></span> <span class='ocrx_word' id='word_1_29' title='bbox 726 594 861 679; x_wconf 88' lang='lat' dir='ltr'><strong>captiuus</strong></span> <span class='ocrx_word' id='word_1_30' title='bbox 877 615 942 656; x_wconf 93' lang='lat' dir='ltr'><strong>cum</strong></span> <span class='ocrx_word' id='word_1_31' title='bbox 959 593 1148 677; x_wconf 89' lang='lat' dir='ltr'><strong>peruenisset</strong></span> <span class='ocrx_word' id='word_1_32' title='bbox 1162 593 1211 657; x_wconf 88' lang='lat' dir='ltr'><strong>lit·</strong></span> <span class='ocrx_word' id='word_1_33' title='bbox 1226 592 1246 656; x_wconf 83' lang='lat'><strong>3</strong></span> 
     </span>
     <span class='ocr_line' id='line_1_5' title="bbox 90 694 1213 781; baseline -0.004 -18"><span class='ocrx_word' id='word_1_34' title='bbox 90 711 248 781; x_wconf 87' lang='lat' dir='ltr'><strong>terasque,</strong></span> <span class='ocrx_word' id='word_1_35' title='bbox 264 708 299 760; x_wconf 93' lang='lat' dir='ltr'><strong>ut</strong></span> <span class='ocrx_word' id='word_1_36' title='bbox 314 707 379 760; x_wconf 87' lang='lat' dir='ltr'><strong>erat</strong></span> <span class='ocrx_word' id='word_1_37' title='bbox 393 697 581 775; x_wconf 86' lang='lat' dir='ltr'><strong>mandatum,</strong></span> <span class='ocrx_word' id='word_1_38' title='bbox 599 694 744 762; x_wconf 78' lang='lat' dir='ltr'>Considio</span> <span class='ocrx_word' id='word_1_39' title='bbox 759 696 914 780; x_wconf 81' lang='lat' dir='ltr'><strong>porrigere</strong></span> <span class='ocrx_word' id='word_1_40' title='bbox 929 696 1097 778; x_wconf 91' lang='lat' dir='ltr'><strong>coepisset,</strong></span> <span class='ocrx_word' id='word_1_41' title='bbox 1114 695 1213 778; x_wconf 81' lang='lat' dir='ltr'><strong>prius-</strong></span> 
     </span>
    </p>

    <p class='ocr_par' dir='ltr' id='par_1_3' title="bbox 54 798 1249 1294">
     <span class='ocr_line' id='line_1_6' title="bbox 54 798 1213 887; baseline -0.005 -21"><span class='ocrx_word' id='word_1_42' title='bbox 54 815 70 866; x_wconf 73' lang='grc' dir='ltr'><strong>ι</strong></span> <span class='ocrx_word' id='word_1_43' title='bbox 93 822 181 887; x_wconf 87' lang='lat' dir='ltr'><strong>quarn</strong></span> <span class='ocrx_word' id='word_1_44' title='bbox 197 800 347 883; x_wconf 85' lang='lat' dir='ltr'><strong>acciperet</strong></span> <span class='ocrx_word' id='word_1_45' title='bbox 360 800 422 879; x_wconf 93' lang='lat' dir='ltr'><strong>ille,</strong></span> <span class='ocrx_word' id='word_1_46' title='bbox 442 800 553 878; x_wconf 85' lang='lat' dir='ltr'><strong>‘unde&#39;,</strong></span> <span class='ocrx_word' id='word_1_47' title='bbox 569 799 678 883; x_wconf 89' lang='lat' dir='ltr'><strong>inquit,</strong></span> <span class='ocrx_word' id='word_1_48' title='bbox 698 798 820 864; x_wconf 84' lang='lat' dir='ltr'><strong>‘istas&#39;l‘</strong></span> <span class='ocrx_word' id='word_1_49' title='bbox 843 798 923 862; x_wconf 80' lang='lat' dir='ltr'><strong>Tum</strong></span> <span class='ocrx_word' id='word_1_50' title='bbox 940 799 1095 882; x_wconf 78' lang='lat' dir='ltr'><strong>captiuus:</strong></span> <span class='ocrx_word' id='word_1_51' title='bbox 1108 798 1213 880; x_wconf 88' lang='lat' dir='ltr'><strong>‘impe-</strong></span> 
     </span>
     <span class='ocr_line' id='line_1_7' title="bbox 88 896 1249 983; baseline -0.008 -11"><span class='ocrx_word' id='word_1_52' title='bbox 88 915 192 972; x_wconf 88' lang='lat' dir='ltr'><strong>ratore</strong></span> <span class='ocrx_word' id='word_1_53' title='bbox 213 923 230 966; x_wconf 92' lang='lat' dir='ltr'><strong>a</strong></span> <span class='ocrx_word' id='word_1_54' title='bbox 255 900 411 968; x_wconf 79' lang='lat' dir='ltr'><strong>Caesare’.</strong></span> <span class='ocrx_word' id='word_1_55' title='bbox 449 900 537 966; x_wconf 85' lang='lat' dir='ltr'><strong>Tunc</strong></span> <span class='ocrx_word' id='word_1_56' title='bbox 559 897 741 981; x_wconf 85' lang='lat' dir='ltr'><strong>Considius,</strong></span> <span class='ocrx_word' id='word_1_57' title='bbox 761 910 850 966; x_wconf 88' lang='lat' dir='ltr'><strong>‘unus</strong></span> <span class='ocrx_word' id='word_1_58' title='bbox 867 901 944 978; x_wconf 86' lang='lat' dir='ltr'><strong>est&#39;,</strong></span> <span class='ocrx_word' id='word_1_59' title='bbox 961 900 1076 983; x_wconf 91' lang='lat' dir='ltr'><strong>inquit,</strong></span> <span class='ocrx_word' id='word_1_60' title='bbox 1096 896 1249 983; x_wconf 80' lang='lat' dir='ltr'><strong>‘Scipiols</strong></span> 
     </span>
     <span class='ocr_line' id='line_1_8' title="bbox 87 1002 1213 1091; baseline -0.004 -21"><span class='ocrx_word' id='word_1_61' title='bbox 87 1008 253 1091; x_wconf 86' lang='lat' dir='ltr'><strong>imperator</strong></span> <span class='ocrx_word' id='word_1_62' title='bbox 273 1005 330 1068; x_wconf 91' lang='lat' dir='ltr'><strong>boo</strong></span> <span class='ocrx_word' id='word_1_63' title='bbox 351 1015 485 1089; x_wconf 81' lang='lat' dir='ltr'><strong>ternpore</strong></span> <span class='ocrx_word' id='word_1_64' title='bbox 506 1005 605 1089; x_wconf 93' lang='lat' dir='ltr'><strong>populi</strong></span> <span class='ocrx_word' id='word_1_65' title='bbox 621 1002 782 1084; x_wconf 77' lang='lat' dir='ltr'><strong>llomani&#39;3</strong></span> <span class='ocrx_word' id='word_1_66' title='bbox 806 1004 912 1067; x_wconf 83' lang='lat' dir='ltr'><strong>deiude</strong></span> <span class='ocrx_word' id='word_1_67' title='bbox 934 1002 965 1066; x_wconf 94' lang='lat' dir='ltr'><strong>in</strong></span> <span class='ocrx_word' id='word_1_68' title='bbox 980 1013 1141 1086; x_wconf 87' lang='lat' dir='ltr'><strong>conspectu</strong></span> <span class='ocrx_word' id='word_1_69' title='bbox 1155 1023 1213 1066; x_wconf 84' lang='lat' dir='ltr'><strong>suo</strong></span> 
     </span>
     <span class='ocr_line' id='line_1_9' title="bbox 91 1105 1214 1191; baseline -0.004 -18"><span class='ocrx_word' id='word_1_70' title='bbox 91 1109 191 1173; x_wconf 85' lang='lat' dir='ltr'><strong>statim</strong></span> <span class='ocrx_word' id='word_1_71' title='bbox 207 1108 357 1191; x_wconf 89' lang='lat' dir='ltr'><strong>captiuum</strong></span> <span class='ocrx_word' id='word_1_72' title='bbox 372 1106 501 1171; x_wconf 76' lang='lat' dir='ltr'><strong>interfici</strong></span> <span class='ocrx_word' id='word_1_73' title='bbox 516 1108 598 1171; x_wconf 89' lang='lat' dir='ltr'><strong>iubet</strong></span> <span class='ocrx_word' id='word_1_74' title='bbox 615 1107 789 1189; x_wconf 88' lang='lat' dir='ltr'><strong>litterasque</strong></span> <span class='ocrx_word' id='word_1_75' title='bbox 804 1107 935 1171; x_wconf 91' lang='lat' dir='ltr'><strong>nondum</strong></span> <span class='ocrx_word' id='word_1_76' title='bbox 951 1105 1117 1189; x_wconf 85' lang='lat' dir='ltr'><strong>perlectas,</strong></span> <span class='ocrx_word' id='word_1_77' title='bbox 1133 1106 1214 1169; x_wconf 91' lang='lat' dir='ltr'><strong>sicut</strong></span> 
     </span>
     <span class='ocr_line' id='line_1_10' title="bbox 89 1205 1249 1294; baseline -0.003 -19"><span class='ocrx_word' id='word_1_78' title='bbox 89 1221 177 1275; x_wconf 85' lang='lat' dir='ltr'><strong>erant</strong></span> <span class='ocrx_word' id='word_1_79' title='bbox 191 1211 339 1294; x_wconf 82' lang='lat' dir='ltr'><strong>signatae,</strong></span> <span class='ocrx_word' id='word_1_80' title='bbox 357 1209 408 1272; x_wconf 89' lang='lat' dir='ltr'><strong>dat</strong></span> <span class='ocrx_word' id='word_1_81' title='bbox 422 1209 535 1273; x_wconf 90' lang='lat' dir='ltr'><strong>bomini</strong></span> <span class='ocrx_word' id='word_1_82' title='bbox 550 1218 635 1273; x_wconf 90' lang='lat' dir='ltr'><strong>certo</strong></span> <span class='ocrx_word' id='word_1_83' title='bbox 650 1209 686 1272; x_wconf 89' lang='lat' dir='ltr'><strong>ad</strong></span> <span class='ocrx_word' id='word_1_84' title='bbox 703 1205 875 1293; x_wconf 79' lang='lat' dir='ltr'><strong>Scipionem</strong></span> <span class='ocrx_word' id='word_1_85' title='bbox 891 1208 1096 1292; x_wconf 79' lang='lat' dir='ltr'><strong>perferendas.</strong></span> <span class='ocrx_word' id='word_1_86' title='bbox 1124 1205 1249 1278; x_wconf 78' lang='lat' dir='ltr'><strong>Post-5</strong></span> 
     </span>
    </p>

    <p class='ocr_par' dir='ltr' id='par_1_4' title="bbox 29 1311 1249 3449">
     <span class='ocr_line' id='line_1_11' title="bbox 33 1311 1213 1396; baseline -0.003 -18"><span class='ocrx_word' id='word_1_87' title='bbox 33 1324 67 1378; x_wconf 84' lang='lat' dir='ltr'><strong>tt</strong></span> <span class='ocrx_word' id='word_1_88' title='bbox 90 1333 177 1396; x_wconf 89' lang='lat' dir='ltr'><strong>quem</strong></span> <span class='ocrx_word' id='word_1_89' title='bbox 198 1333 259 1376; x_wconf 87' lang='lat' dir='ltr'><strong>unu</strong></span> <span class='ocrx_word' id='word_1_90' title='bbox 280 1320 368 1375; x_wconf 89' lang='lat' dir='ltr'><strong>nocte</strong></span> <span class='ocrx_word' id='word_1_91' title='bbox 390 1321 420 1375; x_wconf 89' lang='lat' dir='ltr'><strong>et</strong></span> <span class='ocrx_word' id='word_1_92' title='bbox 443 1313 489 1375; x_wconf 90' lang='lat' dir='ltr'><strong>die</strong></span> <span class='ocrx_word' id='word_1_93' title='bbox 511 1313 548 1375; x_wconf 88' lang='lat' dir='ltr'><strong>ad</strong></span> <span class='ocrx_word' id='word_1_94' title='bbox 571 1311 708 1395; x_wconf 89' lang='lat' dir='ltr'><strong>oppidum</strong></span> <span class='ocrx_word' id='word_1_95' title='bbox 731 1323 905 1396; x_wconf 87' lang='lat' dir='ltr'><strong>consumpta</strong></span> <span class='ocrx_word' id='word_1_96' title='bbox 922 1331 1020 1394; x_wconf 92' lang='lat' dir='ltr'><strong>neque</strong></span> <span class='ocrx_word' id='word_1_97' title='bbox 1035 1331 1213 1394; x_wconf 89' lang='lat' dir='ltr'><strong>responsum</strong></span> 
     </span>
     <span class='ocr_line' id='line_1_12' title="bbox 90 1409 1211 1498; baseline -0.003 -20"><span class='ocrx_word' id='word_1_98' title='bbox 90 1415 182 1478; x_wconf 90' lang='lat' dir='ltr'><strong>ullum</strong></span> <span class='ocrx_word' id='word_1_99' title='bbox 197 1436 215 1478; x_wconf 87' lang='lat' dir='ltr'><strong>a</strong></span> <span class='ocrx_word' id='word_1_100' title='bbox 230 1409 374 1478; x_wconf 88' lang='lat' dir='ltr'><strong>Considio</strong></span> <span class='ocrx_word' id='word_1_101' title='bbox 390 1412 533 1489; x_wconf 89' lang='lat' dir='ltr'><strong>dabatur,</strong></span> <span class='ocrx_word' id='word_1_102' title='bbox 556 1434 653 1496; x_wconf 91' lang='lat' dir='ltr'><strong>neque</strong></span> <span class='ocrx_word' id='word_1_103' title='bbox 668 1412 696 1478; x_wconf 94' lang='lat' dir='ltr'><strong>ei</strong></span> <span class='ocrx_word' id='word_1_104' title='bbox 711 1413 846 1496; x_wconf 86' lang='lat' dir='ltr'><strong>reliquae</strong></span> <span class='ocrx_word' id='word_1_105' title='bbox 862 1415 966 1498; x_wconf 90' lang='lat' dir='ltr'><strong>copiae</strong></span> <span class='ocrx_word' id='word_1_106' title='bbox 981 1412 1211 1489; x_wconf 76' lang='lat' dir='ltr'><strong>succurrebant,</strong></span> 
     </span>
     <span class='ocr_line' id='line_1_13' title="bbox 91 1514 1212 1601; baseline -0.003 -21"><span class='ocrx_word' id='word_1_107' title='bbox 91 1537 188 1600; x_wconf 89' lang='lat' dir='ltr'><strong>neque</strong></span> <span class='ocrx_word' id='word_1_108' title='bbox 209 1516 342 1599; x_wconf 88' lang='lat' dir='ltr'><strong>equitatu</strong></span> <span class='ocrx_word' id='word_1_109' title='bbox 364 1516 533 1580; x_wconf 87' lang='lat' dir='ltr'><strong>abundabat</strong></span> <span class='ocrx_word' id='word_1_110' title='bbox 554 1527 586 1581; x_wconf 90' lang='lat' dir='ltr'><strong>et</strong></span> <span class='ocrx_word' id='word_1_111' title='bbox 607 1517 644 1580; x_wconf 85' lang='lat' dir='ltr'><strong>ad</strong></span> <span class='ocrx_word' id='word_1_112' title='bbox 666 1515 803 1600; x_wconf 91' lang='lat' dir='ltr'><strong>oppidum</strong></span> <span class='ocrx_word' id='word_1_113' title='bbox 820 1517 1045 1601; x_wconf 81' lang='lat' dir='ltr'><strong>oppugnandum</strong></span> <span class='ocrx_word' id='word_1_114' title='bbox 1061 1514 1212 1578; x_wconf 87' lang='lat' dir='ltr'><strong>nonsatis</strong></span> 
     </span>
     <span class='ocr_line' id='line_1_14' title="bbox 90 1617 1213 1704; baseline -0.003 -22"><span class='ocrx_word' id='word_1_115' title='bbox 90 1620 238 1704; x_wconf 88' lang='lat' dir='ltr'><strong>copiarum</strong></span> <span class='ocrx_word' id='word_1_116' title='bbox 262 1618 388 1683; x_wconf 88' lang='lat' dir='ltr'><strong>babebat</strong></span> <span class='ocrx_word' id='word_1_117' title='bbox 410 1629 443 1683; x_wconf 88' lang='lat' dir='ltr'><strong>et</strong></span> <span class='ocrx_word' id='word_1_118' title='bbox 464 1639 516 1683; x_wconf 90' lang='lat' dir='ltr'><strong>eas</strong></span> <span class='ocrx_word' id='word_1_119' title='bbox 533 1619 661 1683; x_wconf 92' lang='lat' dir='ltr'><strong>tironum</strong></span> <span class='ocrx_word' id='word_1_120' title='bbox 677 1638 775 1701; x_wconf 89' lang='lat' dir='ltr'><strong>neque</strong></span> <span class='ocrx_word' id='word_1_121' title='bbox 790 1619 886 1702; x_wconf 90' lang='lat' dir='ltr'><strong>primo</strong></span> <span class='ocrx_word' id='word_1_122' title='bbox 901 1619 1032 1683; x_wconf 90' lang='lat' dir='ltr'><strong>aduentu</strong></span> <span class='ocrx_word' id='word_1_123' title='bbox 1048 1617 1213 1682; x_wconf 90' lang='lat' dir='ltr'><strong>conuulne-</strong></span> 
     </span>
     <span class='ocr_line' id='line_1_15' title="bbox 89 1718 1213 1807; baseline -0.001 -22"><span class='ocrx_word' id='word_1_124' title='bbox 89 1722 150 1785; x_wconf 88' lang='lat' dir='ltr'><strong>rari</strong></span> <span class='ocrx_word' id='word_1_125' title='bbox 173 1722 339 1786; x_wconf 83' lang='lat' dir='ltr'><strong>exercitum</strong></span> <span class='ocrx_word' id='word_1_126' title='bbox 363 1720 499 1800; x_wconf 86' lang='lat' dir='ltr'><strong>nolebat,</strong></span> <span class='ocrx_word' id='word_1_127' title='bbox 524 1731 555 1785; x_wconf 91' lang='lat' dir='ltr'><strong>et</strong></span> <span class='ocrx_word' id='word_1_128' title='bbox 577 1721 674 1805; x_wconf 82' lang='lat' dir='ltr'><strong>oppidi</strong></span> <span class='ocrx_word' id='word_1_129' title='bbox 696 1721 819 1805; x_wconf 80' lang='lat' dir='ltr'><strong>egregia</strong></span> <span class='ocrx_word' id='word_1_130' title='bbox 839 1721 962 1786; x_wconf 91' lang='lat' dir='ltr'><strong>munitio</strong></span> <span class='ocrx_word' id='word_1_131' title='bbox 984 1732 1016 1785; x_wconf 87' lang='lat' dir='ltr'><strong>et</strong></span> <span class='ocrx_word' id='word_1_132' title='bbox 1036 1719 1160 1807; x_wconf 89' lang='lat' dir='ltr'><strong>difficilis</strong></span> <span class='ocrx_word' id='word_1_133' title='bbox 1175 1718 1213 1784; x_wconf 87' lang='lat' dir='ltr'><strong>ad</strong></span> 
     </span>
     <span class='ocr_line' id='line_1_16' title="bbox 35 1821 1212 1910; baseline -0.005 -21"><span class='ocrx_word' id='word_1_134' title='bbox 35 1835 66 1890; x_wconf 74' lang='lat' dir='ltr'><strong>tt</strong></span> <span class='ocrx_word' id='word_1_135' title='bbox 89 1823 315 1910; x_wconf 82' lang='lat' dir='ltr'><strong>oppugnandum</strong></span> <span class='ocrx_word' id='word_1_136' title='bbox 331 1833 398 1887; x_wconf 85' lang='lat' dir='ltr'><strong>erat</strong></span> <span class='ocrx_word' id='word_1_137' title='bbox 412 1843 573 1902; x_wconf 84' lang='lat' dir='ltr'><strong>accessus,</strong></span> <span class='ocrx_word' id='word_1_138' title='bbox 590 1833 621 1887; x_wconf 94' lang='lat' dir='ltr'><strong>et</strong></span> <span class='ocrx_word' id='word_1_139' title='bbox 635 1823 830 1887; x_wconf 84' lang='lat' dir='ltr'><strong>nuntiabatur</strong></span> <span class='ocrx_word' id='word_1_140' title='bbox 843 1823 957 1888; x_wconf 82' lang='lat' dir='ltr'><strong>auxilia</strong></span> <span class='ocrx_word' id='word_1_141' title='bbox 973 1842 1081 1905; x_wconf 79' lang='lat' dir='ltr'><strong>magna</strong></span> <span class='ocrx_word' id='word_1_142' title='bbox 1097 1821 1212 1903; x_wconf 91' lang='lat' dir='ltr'><strong>equita·</strong></span> 
     </span>
     <span class='ocr_line' id='line_1_17' title="bbox 91 1921 1213 2010; baseline -0.004 -20"><span class='ocrx_word' id='word_1_143' title='bbox 91 1938 138 1990; x_wconf 90' lang='lat' dir='ltr'><strong>tus</strong></span> <span class='ocrx_word' id='word_1_144' title='bbox 154 1924 308 2009; x_wconf 89' lang='lat' dir='ltr'><strong>oppidanis</strong></span> <span class='ocrx_word' id='word_1_145' title='bbox 322 1923 474 2010; x_wconf 71' lang='lat' dir='ltr'><strong>suppetias</strong></span> <span class='ocrx_word' id='word_1_146' title='bbox 490 1923 605 2002; x_wconf 89' lang='lat' dir='ltr'><strong>uenire,</strong></span> <span class='ocrx_word' id='word_1_147' title='bbox 623 1945 681 1988; x_wconf 94' lang='lat' dir='ltr'><strong>non</strong></span> <span class='ocrx_word' id='word_1_148' title='bbox 698 1937 745 1989; x_wconf 89' lang='lat' dir='ltr'><strong>est</strong></span> <span class='ocrx_word' id='word_1_149' title='bbox 758 1926 824 1989; x_wconf 88' lang='lat' dir='ltr'><strong>uisa</strong></span> <span class='ocrx_word' id='word_1_150' title='bbox 839 1926 918 1990; x_wconf 78' lang='lat' dir='ltr'><strong>ratio</strong></span> <span class='ocrx_word' id='word_1_151' title='bbox 930 1925 968 1989; x_wconf 88' lang='lat' dir='ltr'><strong>ad</strong></span> <span class='ocrx_word' id='word_1_152' title='bbox 983 1921 1213 2009; x_wconf 81' lang='lat' dir='ltr'><strong>oppugnandum</strong></span> 
     </span>
     <span class='ocr_line' id='line_1_18' title="bbox 91 2023 1214 2111; baseline -0.003 -21"><span class='ocrx_word' id='word_1_153' title='bbox 91 2027 226 2111; x_wconf 92' lang='lat' dir='ltr'><strong>oppidum</strong></span> <span class='ocrx_word' id='word_1_154' title='bbox 243 2028 456 2106; x_wconf 86' lang='lat' dir='ltr'><strong>commorandi,</strong></span> <span class='ocrx_word' id='word_1_155' title='bbox 474 2048 524 2107; x_wconf 89' lang='lat' dir='ltr'><strong>ue,</strong></span> <span class='ocrx_word' id='word_1_156' title='bbox 542 2029 610 2091; x_wconf 91' lang='lat' dir='ltr'><strong>dum</strong></span> <span class='ocrx_word' id='word_1_157' title='bbox 626 2028 657 2090; x_wconf 95' lang='lat' dir='ltr'><strong>in</strong></span> <span class='ocrx_word' id='word_1_158' title='bbox 673 2047 709 2091; x_wconf 90' lang='lat' dir='ltr'><strong>ea</strong></span> <span class='ocrx_word' id='word_1_159' title='bbox 724 2048 758 2091; x_wconf 91' lang='lat' dir='ltr'><strong>re</strong></span> <span class='ocrx_word' id='word_1_160' title='bbox 774 2023 891 2092; x_wconf 88' lang='lat' dir='ltr'><strong>Caesar</strong></span> <span class='ocrx_word' id='word_1_161' title='bbox 905 2039 953 2093; x_wconf 87' lang='lat' dir='ltr'><strong>est</strong></span> <span class='ocrx_word' id='word_1_162' title='bbox 967 2037 1142 2111; x_wconf 88' lang='lat' dir='ltr'><strong>occupatus,</strong></span> <span class='ocrx_word' id='word_1_163' title='bbox 1156 2025 1214 2088; x_wconf 87' lang='lat' dir='ltr'><strong>cir·</strong></span> 
     </span>
     <span class='ocr_line' id='line_1_19' title="bbox 91 2124 1248 2214; baseline 0.001 -20"><span class='ocrx_word' id='word_1_164' title='bbox 91 2141 268 2195; x_wconf 90' lang='lat' dir='ltr'><strong>cumnentus</strong></span> <span class='ocrx_word' id='word_1_165' title='bbox 289 2150 308 2192; x_wconf 90' lang='lat' dir='ltr'><strong>a</strong></span> <span class='ocrx_word' id='word_1_166' title='bbox 329 2141 416 2214; x_wconf 82' lang='lat' dir='ltr'><strong>tergo</strong></span> <span class='ocrx_word' id='word_1_167' title='bbox 439 2129 476 2193; x_wconf 88' lang='lat' dir='ltr'><strong>ab</strong></span> <span class='ocrx_word' id='word_1_168' title='bbox 497 2131 630 2212; x_wconf 88' lang='lat' dir='ltr'><strong>equitatu</strong></span> <span class='ocrx_word' id='word_1_169' title='bbox 653 2129 782 2193; x_wconf 90' lang='lat' dir='ltr'><strong>bostium</strong></span> <span class='ocrx_word' id='word_1_170' title='bbox 798 2128 960 2194; x_wconf 85' lang='lat' dir='ltr'><strong>laboraret.</strong></span> <span class='ocrx_word' id='word_1_171' title='bbox 991 2128 1096 2210; x_wconf 89' lang='lat' dir='ltr'><strong>ltaque</strong></span> <span class='ocrx_word' id='word_1_172' title='bbox 1112 2124 1248 2195; x_wconf 80' lang='lat' dir='ltr'><strong>unstred</strong></span> 
     </span>
     <span class='ocr_line' id='line_1_20' title="bbox 91 2228 1213 2317; baseline -0.004 -20"><span class='ocrx_word' id='word_1_173' title='bbox 91 2255 156 2297; x_wconf 92' lang='lat' dir='ltr'><strong>cnm</strong></span> <span class='ocrx_word' id='word_1_174' title='bbox 172 2253 295 2297; x_wconf 91' lang='lat' dir='ltr'><strong>mouere</strong></span> <span class='ocrx_word' id='word_1_175' title='bbox 311 2233 417 2311; x_wconf 88' lang='lat' dir='ltr'><strong>uellet,</strong></span> <span class='ocrx_word' id='word_1_176' title='bbox 435 2231 532 2296; x_wconf 88' lang='lat' dir='ltr'><strong>subito</strong></span> <span class='ocrx_word' id='word_1_177' title='bbox 549 2254 590 2297; x_wconf 89' lang='lat' dir='ltr'><strong>ex</strong></span> <span class='ocrx_word' id='word_1_178' title='bbox 605 2233 710 2317; x_wconf 92' lang='lat' dir='ltr'><strong>oppido</strong></span> <span class='ocrx_word' id='word_1_179' title='bbox 726 2232 824 2314; x_wconf 89' lang='lat' dir='ltr'><strong>erupit</strong></span> <span class='ocrx_word' id='word_1_180' title='bbox 838 2232 1009 2308; x_wconf 92' lang='lat' dir='ltr'><strong>multitudo,</strong></span> <span class='ocrx_word' id='word_1_181' title='bbox 1025 2240 1115 2310; x_wconf 87' lang='lat' dir='ltr'><strong>atque</strong></span> <span class='ocrx_word' id='word_1_182' title='bbox 1131 2228 1213 2311; x_wconf 92' lang='lat' dir='ltr'><strong>equi·</strong></span> 
     </span>
     <span class='ocr_line' id='line_1_21' title="bbox 32 2329 1212 2420; baseline -0.005 -18"><span class='ocrx_word' id='word_1_183' title='bbox 32 2344 67 2402; x_wconf 75' lang='lat'><strong>20</strong></span> <span class='ocrx_word' id='word_1_184' title='bbox 90 2346 171 2400; x_wconf 88' lang='lat' dir='ltr'><strong>tatus</strong></span> <span class='ocrx_word' id='word_1_185' title='bbox 193 2334 327 2399; x_wconf 90' lang='lat' dir='ltr'><strong>subsidio</strong></span> <span class='ocrx_word' id='word_1_186' title='bbox 349 2357 409 2399; x_wconf 93' lang='lat' dir='ltr'><strong>uno</strong></span> <span class='ocrx_word' id='word_1_187' title='bbox 435 2347 568 2420; x_wconf 86' lang='lat' dir='ltr'><strong>tempore</strong></span> <span class='ocrx_word' id='word_1_188' title='bbox 583 2335 628 2400; x_wconf 92' lang='lat' dir='ltr'><strong>eis</strong></span> <span class='ocrx_word' id='word_1_189' title='bbox 644 2356 715 2400; x_wconf 87' lang='lat' dir='ltr'><strong>casu</strong></span> <span class='ocrx_word' id='word_1_190' title='bbox 730 2334 897 2412; x_wconf 87' lang='lat' dir='ltr'><strong>succurrit,</strong></span> <span class='ocrx_word' id='word_1_191' title='bbox 922 2333 971 2416; x_wconf 93' lang='lat' dir='ltr'><strong>qui</strong></span> <span class='ocrx_word' id='word_1_192' title='bbox 987 2341 1054 2396; x_wconf 92' lang='lat' dir='ltr'><strong>erat</strong></span> <span class='ocrx_word' id='word_1_193' title='bbox 1067 2329 1212 2396; x_wconf 73' lang='lat' dir='ltr'><strong>missust</strong></span> 
     </span>
     <span class='ocr_line' id='line_1_22' title="bbox 89 2432 1212 2525; baseline -0.002 -24"><span class='ocrx_word' id='word_1_194' title='bbox 89 2435 163 2501; x_wconf 85' lang='lat' dir='ltr'><strong>Iuba</strong></span> <span class='ocrx_word' id='word_1_195' title='bbox 179 2440 215 2502; x_wconf 85' lang='lat' dir='ltr'><strong>od</strong></span> <span class='ocrx_word' id='word_1_196' title='bbox 229 2438 407 2524; x_wconf 85' lang='lat' dir='ltr'><strong>stipendium</strong></span> <span class='ocrx_word' id='word_1_197' title='bbox 423 2439 639 2523; x_wconf 86' lang='lat' dir='ltr'><strong>accipiendum,</strong></span> <span class='ocrx_word' id='word_1_198' title='bbox 657 2451 827 2525; x_wconf 87' lang='lat' dir='ltr'><strong>castraque,</strong></span> <span class='ocrx_word' id='word_1_199' title='bbox 846 2437 924 2503; x_wconf 90' lang='lat' dir='ltr'><strong>unde</strong></span> <span class='ocrx_word' id='word_1_200' title='bbox 940 2432 1056 2502; x_wconf 87' lang='lat' dir='ltr'><strong>Caesar</strong></span> <span class='ocrx_word' id='word_1_201' title='bbox 1071 2453 1212 2518; x_wconf 79' lang='lat' dir='ltr'><strong>egressos</strong></span> 
     </span>
     <span class='ocr_line' id='line_1_23' title="bbox 89 2537 1213 2629; baseline 0.002 -25"><span class='ocrx_word' id='word_1_202' title='bbox 89 2540 147 2604; x_wconf 86' lang='lat' dir='ltr'><strong>iter</strong></span> <span class='ocrx_word' id='word_1_203' title='bbox 169 2541 270 2606; x_wconf 86' lang='lat' dir='ltr'><strong>lacere</strong></span> <span class='ocrx_word' id='word_1_204' title='bbox 293 2554 451 2626; x_wconf 88' lang='lat' dir='ltr'><strong>coeperat,</strong></span> <span class='ocrx_word' id='word_1_205' title='bbox 476 2555 624 2628; x_wconf 88' lang='lat' dir='ltr'><strong>occupant</strong></span> <span class='ocrx_word' id='word_1_206' title='bbox 646 2554 677 2609; x_wconf 93' lang='lat' dir='ltr'><strong>et</strong></span> <span class='ocrx_word' id='word_1_207' title='bbox 699 2546 764 2611; x_wconf 89' lang='lat' dir='ltr'><strong>eius</strong></span> <span class='ocrx_word' id='word_1_208' title='bbox 788 2565 894 2629; x_wconf 80' lang='lat' dir='ltr'><strong>agmen</strong></span> <span class='ocrx_word' id='word_1_209' title='bbox 910 2556 1079 2610; x_wconf 84' lang='lat' dir='ltr'><strong>extremum</strong></span> <span class='ocrx_word' id='word_1_210' title='bbox 1094 2537 1213 2624; x_wconf 85' lang='lat' dir='ltr'><strong>insequi</strong></span> 
     </span>
     <span class='ocr_line' id='line_1_24' title="bbox 89 2639 1249 2730; baseline 0.001 -24"><span class='ocrx_word' id='word_1_211' title='bbox 89 2653 264 2727; x_wconf 89' lang='lat' dir='ltr'><strong>coeperunt.</strong></span> <span class='ocrx_word' id='word_1_212' title='bbox 304 2640 462 2725; x_wconf 80' lang='lat' dir='ltr'><strong>Quaeres</strong></span> <span class='ocrx_word' id='word_1_213' title='bbox 484 2667 549 2709; x_wconf 91' lang='lat' dir='ltr'><strong>cum</strong></span> <span class='ocrx_word' id='word_1_214' title='bbox 573 2647 782 2712; x_wconf 84' lang='lat' dir='ltr'><strong>animaduersa</strong></span> <span class='ocrx_word' id='word_1_215' title='bbox 806 2661 906 2727; x_wconf 91' lang='lat' dir='ltr'><strong>esset,</strong></span> <span class='ocrx_word' id='word_1_216' title='bbox 931 2650 1031 2713; x_wconf 90' lang='lat' dir='ltr'><strong>subito</strong></span> <span class='ocrx_word' id='word_1_217' title='bbox 1055 2639 1249 2730; x_wconf 81' lang='lat' dir='ltr'><strong>legionarii2</strong></span> 
     </span>
     <span class='ocr_line' id='line_1_25' title="bbox 89 2746 1212 2832; baseline 0.001 -24"><span class='ocrx_word' id='word_1_218' title='bbox 89 2746 272 2823; x_wconf 87' lang='lat' dir='ltr'><strong>consistunt,</strong></span> <span class='ocrx_word' id='word_1_219' title='bbox 291 2758 322 2812; x_wconf 92' lang='lat' dir='ltr'><strong>et</strong></span> <span class='ocrx_word' id='word_1_220' title='bbox 337 2748 474 2831; x_wconf 88' lang='lat' dir='ltr'><strong>equites,</strong></span> <span class='ocrx_word' id='word_1_221' title='bbox 492 2769 666 2831; x_wconf 88' lang='lat' dir='ltr'><strong>quamquam</strong></span> <span class='ocrx_word' id='word_1_222' title='bbox 683 2761 772 2814; x_wconf 88' lang='lat' dir='ltr'><strong>erant</strong></span> <span class='ocrx_word' id='word_1_223' title='bbox 785 2751 891 2832; x_wconf 83' lang='lat' dir='ltr'><strong>pauci,</strong></span> <span class='ocrx_word' id='word_1_224' title='bbox 910 2761 1008 2815; x_wconf 88' lang='lat' dir='ltr'><strong>tamen</strong></span> <span class='ocrx_word' id='word_1_225' title='bbox 1025 2760 1131 2814; x_wconf 87' lang='lat' dir='ltr'><strong>contra</strong></span> <span class='ocrx_word' id='word_1_226' title='bbox 1147 2758 1212 2811; x_wconf 86' lang='lat' dir='ltr'><strong>tan-</strong></span> 
     </span>
     <span class='ocr_line' id='line_1_26' title="bbox 29 2845 1247 2927; baseline -0.002 -13"><span class='ocrx_word' id='word_1_227' title='bbox 29 2859 64 2914; x_wconf 72' lang='lat' dir='ltr'><strong>te</strong></span> <span class='ocrx_word' id='word_1_228' title='bbox 85 2858 147 2911; x_wconf 87' lang='lat' dir='ltr'><strong>tam</strong></span> <span class='ocrx_word' id='word_1_229' title='bbox 163 2850 378 2914; x_wconf 89' lang='lat' dir='ltr'><strong>multitudinem</strong></span> <span class='ocrx_word' id='word_1_230' title='bbox 395 2850 591 2915; x_wconf 83' lang='lat' dir='ltr'><strong>audacissime</strong></span> <span class='ocrx_word' id='word_1_231' title='bbox 607 2862 799 2915; x_wconf 91' lang='lat' dir='ltr'><strong>concurrunt.</strong></span> <span class='ocrx_word' id='word_1_232' title='bbox 823 2852 942 2916; x_wconf 81' lang='lat' dir='ltr'><strong>Accidit</strong></span> <span class='ocrx_word' id='word_1_233' title='bbox 954 2872 1004 2915; x_wconf 89' lang='lat' dir='ltr'><strong>res</strong></span> <span class='ocrx_word' id='word_1_234' title='bbox 1014 2848 1209 2927; x_wconf 90' lang='lat' dir='ltr'><strong>incredibilis,</strong></span> <span class='ocrx_word' id='word_1_235' title='bbox 1226 2845 1247 2911; x_wconf 82' lang='grc'>3</span> 
     </span>
     <span class='ocr_line' id='line_1_27' title="bbox 87 2950 1212 3037; baseline -0.002 -22"><span class='ocrx_word' id='word_1_236' title='bbox 87 2962 121 3015; x_wconf 95' lang='lat' dir='ltr'><strong>ut</strong></span> <span class='ocrx_word' id='word_1_237' title='bbox 143 2953 258 3035; x_wconf 88' lang='lat' dir='ltr'><strong>equites</strong></span> <span class='ocrx_word' id='word_1_238' title='bbox 280 2955 379 3016; x_wconf 90' lang='lat' dir='ltr'><strong>minus</strong></span> <span class='ocrx_word' id='word_1_239' title='bbox 402 2957 517 3037; x_wconf 82' lang='lat' dir='ltr'>†xxx</span> <span class='ocrx_word' id='word_1_240' title='bbox 538 2951 617 3019; x_wconf 86' lang='lat' dir='ltr'><strong>Galli</strong></span> <span class='ocrx_word' id='word_1_241' title='bbox 641 2951 817 3019; x_wconf 83' lang='lat' dir='ltr'><strong>Maurorum</strong></span> <span class='ocrx_word' id='word_1_242' title='bbox 841 2956 970 3037; x_wconf 89' lang='lat' dir='ltr'><strong>equitum</strong></span> <span class='ocrx_word' id='word_1_243' title='bbox 993 2964 1016 3016; x_wconf 89' lang='lat'><strong>11</strong></span> <span class='ocrx_word' id='word_1_244' title='bbox 1038 2951 1120 3016; x_wconf 83' lang='lat' dir='ltr'><strong>milia</strong></span> <span class='ocrx_word' id='word_1_245' title='bbox 1143 2950 1212 3014; x_wconf 88' lang='lat' dir='ltr'><strong>loco</strong></span> 
     </span>
     <span class='ocr_line' id='line_1_28' title="bbox 87 3053 1247 3140; baseline 0.001 -23"><span class='ocrx_word' id='word_1_246' title='bbox 87 3054 233 3138; x_wconf 90' lang='lat' dir='ltr'><strong>pellerent</strong></span> <span class='ocrx_word' id='word_1_247' title='bbox 256 3057 451 3136; x_wconf 71' lang='lat' dir='ltr'><strong>rogarentque</strong></span> <span class='ocrx_word' id='word_1_248' title='bbox 472 3058 503 3118; x_wconf 95' lang='lat' dir='ltr'><strong>in</strong></span> <span class='ocrx_word' id='word_1_249' title='bbox 527 3057 676 3140; x_wconf 91' lang='lat' dir='ltr'><strong>oppidum.</strong></span> <span class='ocrx_word' id='word_1_250' title='bbox 712 3054 873 3139; x_wconf 87' lang='lat' dir='ltr'><strong>Postquam</strong></span> <span class='ocrx_word' id='word_1_251' title='bbox 896 3056 1008 3139; x_wconf 90' lang='lat' dir='ltr'><strong>repulsi</strong></span> <span class='ocrx_word' id='word_1_252' title='bbox 1029 3065 1060 3119; x_wconf 91' lang='lat' dir='ltr'><strong>et</strong></span> <span class='ocrx_word' id='word_1_253' title='bbox 1081 3053 1247 3119; x_wconf 71' lang='lat' dir='ltr'><strong>coniectid</strong></span> 
     </span>
     <span class='ocr_line' id='line_1_29' title="bbox 88 3154 1207 3235; baseline 0.003 -18"><span class='ocrx_word' id='word_1_254' title='bbox 88 3165 175 3217; x_wconf 89' lang='lat' dir='ltr'><strong>erant</strong></span> <span class='ocrx_word' id='word_1_255' title='bbox 203 3156 284 3217; x_wconf 87' lang='lat' dir='ltr'><strong>intra</strong></span> <span class='ocrx_word' id='word_1_256' title='bbox 314 3156 514 3235; x_wconf 88' lang='lat' dir='ltr'><strong>munitiones,</strong></span> <span class='ocrx_word' id='word_1_257' title='bbox 540 3154 657 3222; x_wconf 88' lang='lat' dir='ltr'><strong>Caesar</strong></span> <span class='ocrx_word' id='word_1_258' title='bbox 677 3159 737 3222; x_wconf 90' lang='lat' dir='ltr'><strong>iter</strong></span> <span class='ocrx_word' id='word_1_259' title='bbox 759 3158 954 3223; x_wconf 90' lang='lat' dir='ltr'><strong>constitutum</strong></span> <span class='ocrx_word' id='word_1_260' title='bbox 976 3158 1021 3222; x_wconf 90' lang='lat' dir='ltr'><strong>ire</strong></span> <span class='ocrx_word' id='word_1_261' title='bbox 1043 3157 1207 3223; x_wconf 87' lang='lat' dir='ltr'><strong>contendit.</strong></span> 
     </span>
     <span class='ocr_line' id='line_1_30' title="bbox 88 3254 1245 3346; baseline 0.005 -28"><span class='ocrx_word' id='word_1_262' title='bbox 88 3254 174 3337; x_wconf 79' lang='lat' dir='ltr'><strong>Quod</strong></span> <span class='ocrx_word' id='word_1_263' title='bbox 197 3278 263 3320; x_wconf 90' lang='lat' dir='ltr'><strong>cum</strong></span> <span class='ocrx_word' id='word_1_264' title='bbox 286 3258 405 3342; x_wconf 89' lang='lat' dir='ltr'><strong>saepius</strong></span> <span class='ocrx_word' id='word_1_265' title='bbox 428 3260 561 3324; x_wconf 85' lang='lat' dir='ltr'><strong>lacerent</strong></span> <span class='ocrx_word' id='word_1_266' title='bbox 583 3271 614 3324; x_wconf 87' lang='grc' dir='ltr'><strong>ει</strong></span> <span class='ocrx_word' id='word_1_267' title='bbox 627 3262 715 3326; x_wconf 93' lang='lat' dir='ltr'><strong>modo</strong></span> <span class='ocrx_word' id='word_1_268' title='bbox 730 3262 977 3346; x_wconf 87' lang='lat' dir='ltr'><strong>insequerentur,</strong></span> <span class='ocrx_word' id='word_1_269' title='bbox 1001 3262 1089 3326; x_wconf 93' lang='lat' dir='ltr'><strong>modo</strong></span> <span class='ocrx_word' id='word_1_270' title='bbox 1103 3258 1245 3326; x_wconf 77' lang='lat' dir='ltr'><strong>rursusb</strong></span> 
     </span>
     <span class='ocr_line' id='line_1_31' title="bbox 30 3360 1211 3449; baseline 0.004 -26"><span class='ocrx_word' id='word_1_271' title='bbox 30 3370 64 3423; x_wconf 79' lang='lat' dir='ltr'><strong>sd</strong></span> <span class='ocrx_word' id='word_1_272' title='bbox 88 3360 124 3424; x_wconf 88' lang='lat' dir='ltr'><strong>ab</strong></span> <span class='ocrx_word' id='word_1_273' title='bbox 140 3361 289 3443; x_wconf 91' lang='lat' dir='ltr'><strong>equitibus</strong></span> <span class='ocrx_word' id='word_1_274' title='bbox 304 3360 335 3425; x_wconf 93' lang='lat' dir='ltr'><strong>in</strong></span> <span class='ocrx_word' id='word_1_275' title='bbox 352 3363 488 3446; x_wconf 92' lang='lat' dir='ltr'><strong>oppidum</strong></span> <span class='ocrx_word' id='word_1_276' title='bbox 502 3364 739 3448; x_wconf 83' lang='lat' dir='ltr'><strong>repellerentur,</strong></span> <span class='ocrx_word' id='word_1_277' title='bbox 764 3364 934 3430; x_wconf 89' lang='lat' dir='ltr'><strong>cohortibus</strong></span> <span class='ocrx_word' id='word_1_278' title='bbox 950 3364 1054 3449; x_wconf 87' lang='lat' dir='ltr'><strong>paucis</strong></span> <span class='ocrx_word' id='word_1_279' title='bbox 1069 3384 1111 3429; x_wconf 79' lang='lat' dir='ltr'><strong>ex</strong></span> <span class='ocrx_word' id='word_1_280' title='bbox 1126 3374 1211 3428; x_wconf 84' lang='lat' dir='ltr'><strong>aets-</strong></span> 
     </span>
    </p>
   </div>
   <div class='ocr_carea' id='block_1_3' title="bbox 85 3603 1212 4373">
    <p class='ocr_par' dir='ltr' id='par_1_5' title="bbox 85 3603 1212 3828">
     <span class='ocr_line' id='line_1_32' title="bbox 195 3603 1211 3673; baseline 0 -18"><span class='ocrx_word' id='word_1_281' title='bbox 195 3603 484 3668; x_wconf 76' lang='lat' dir='ltr'><strong>3cumatotdctt,</strong></span> <span class='ocrx_word' id='word_1_282' title='bbox 500 3621 553 3657; x_wconf 91' lang='lat' dir='ltr'><strong>om.</strong></span> <span class='ocrx_word' id='word_1_283' title='bbox 567 3621 595 3656; x_wconf 87' lang='lat' dir='ltr'><strong>c.</strong></span> <span class='ocrx_word' id='word_1_284' title='bbox 609 3605 640 3657; x_wconf 84' lang='lat' dir='ltr'><strong>P.</strong></span> <span class='ocrx_word' id='word_1_285' title='bbox 655 3606 698 3660; x_wconf 84' lang='lat' dir='ltr'><strong>ld.</strong></span> <span class='ocrx_word' id='word_1_286' title='bbox 793 3607 1014 3673; x_wconf 69' lang='lat' dir='ltr'><strong>beldinquido.</strong></span> <span class='ocrx_word' id='word_1_287' title='bbox 1106 3606 1211 3672; x_wconf 85' lang='lat' dir='ltr'><strong>bimpe-</strong></span> 
     </span>
     <span class='ocr_line' id='line_1_33' title="bbox 85 3683 1212 3754; baseline 0.004 -25"><span class='ocrx_word' id='word_1_288' title='bbox 85 3686 174 3730; x_wconf 76' lang='lat' dir='ltr'><strong>sutore</strong></span> <span class='ocrx_word' id='word_1_289' title='bbox 190 3683 272 3748; x_wconf 81' lang='lat' dir='ltr'><strong>Cosp.</strong></span> <span class='ocrx_word' id='word_1_290' title='bbox 286 3684 438 3747; x_wconf 68' lang='lat' dir='ltr'><strong>Bcretsos5</strong></span> <span class='ocrx_word' id='word_1_291' title='bbox 451 3686 526 3735; x_wconf 90' lang='lat' dir='ltr'><strong>immo</strong></span> <span class='ocrx_word' id='word_1_292' title='bbox 540 3700 557 3734; x_wconf 85' lang='lat' dir='ltr'><strong>c</strong></span> <span class='ocrx_word' id='word_1_293' title='bbox 569 3689 596 3734; x_wconf 85' lang='lat' dir='ltr'><strong>et</strong></span> <span class='ocrx_word' id='word_1_294' title='bbox 607 3687 649 3736; x_wconf 82' lang='lat' dir='ltr'><strong>sa‘o</strong></span> <span class='ocrx_word' id='word_1_295' title='bbox 662 3686 718 3736; x_wconf 85' lang='lat' dir='ltr'><strong>‘uel</strong></span> <span class='ocrx_word' id='word_1_296' title='bbox 728 3686 796 3754; x_wconf 78' lang='lat' dir='ltr'><strong>ymo’</strong></span> <span class='ocrx_word' id='word_1_297' title='bbox 811 3687 825 3737; x_wconf 88' lang='lat' dir='ltr'><strong>b</strong></span> <span class='ocrx_word' id='word_1_298' title='bbox 839 3688 880 3738; x_wconf 79' lang='lat' dir='ltr'><strong>cl</strong></span> <span class='ocrx_word' id='word_1_299' title='bbox 893 3687 960 3737; x_wconf 84' lang='lat' dir='ltr'><strong>dett.</strong></span> <span class='ocrx_word' id='word_1_300' title='bbox 1133 3683 1212 3736; x_wconf 73' lang='lat' dir='ltr'><strong>iboo</strong></span> 
     </span>
     <span class='ocr_line' id='line_1_34' title="bbox 85 3759 1209 3828; baseline 0.005 -24"><span class='ocrx_word' id='word_1_301' title='bbox 85 3762 201 3821; x_wconf 85' lang='lat' dir='ltr'><strong>tompore</strong></span> <span class='ocrx_word' id='word_1_302' title='bbox 215 3773 268 3810; x_wconf 85' lang='lat' dir='ltr'><strong>om.</strong></span> <span class='ocrx_word' id='word_1_303' title='bbox 280 3760 304 3809; x_wconf 90' lang='lat' dir='ltr'><strong>b.</strong></span> <span class='ocrx_word' id='word_1_304' title='bbox 408 3760 523 3812; x_wconf 75' lang='lat' dir='ltr'><strong>dstatim</strong></span> <span class='ocrx_word' id='word_1_305' title='bbox 536 3761 667 3828; x_wconf 85' lang='lat' dir='ltr'><strong>captiuum</strong></span> <span class='ocrx_word' id='word_1_306' title='bbox 680 3778 698 3813; x_wconf 87' lang='lat' dir='ltr'><strong>a</strong></span> <span class='ocrx_word' id='word_1_307' title='bbox 712 3764 785 3814; x_wconf 71' lang='lat' dir='ltr'><strong>‘mse</strong></span> <span class='ocrx_word' id='word_1_308' title='bbox 799 3762 926 3828; x_wconf 76' lang='lat' dir='ltr'><strong>aliquot’,</strong></span> <span class='ocrx_word' id='word_1_309' title='bbox 936 3761 1066 3828; x_wconf 81' lang='lat' dir='ltr'><strong>captiuum</strong></span> <span class='ocrx_word' id='word_1_310' title='bbox 1078 3759 1168 3810; x_wconf 85' lang='lat' dir='ltr'><strong>statim</strong></span> <span class='ocrx_word' id='word_1_311' title='bbox 1180 3770 1209 3810; x_wconf 82' lang='grc' dir='ltr'><strong>ιι.</strong></span> 
     </span>
    </p>

    <p class='ocr_par' dir='ltr' id='par_1_6' title="bbox 85 3837 1209 4373">
     <span class='ocr_line' id='line_1_35' title="bbox 196 3837 1208 3909; baseline 0.002 -21"><span class='ocrx_word' id='word_1_312' title='bbox 196 3837 227 3888; x_wconf 86' lang='grc'><strong>12</strong></span> <span class='ocrx_word' id='word_1_313' title='bbox 241 3839 409 3890; x_wconf 87' lang='lat' dir='ltr'><strong>babundabnt</strong></span> <span class='ocrx_word' id='word_1_314' title='bbox 420 3854 447 3890; x_wconf 88' lang='lat' dir='ltr'><strong>o.</strong></span> <span class='ocrx_word' id='word_1_315' title='bbox 569 3843 768 3909; x_wconf 74' lang='lat' dir='ltr'><strong>expugnandam</strong></span> <span class='ocrx_word' id='word_1_316' title='bbox 783 3843 808 3893; x_wconf 87' lang='lat' dir='ltr'><strong>b.</strong></span> <span class='ocrx_word' id='word_1_317' title='bbox 926 3840 958 3893; x_wconf 80' lang='lat' dir='ltr'><strong>lb</strong></span> <span class='ocrx_word' id='word_1_318' title='bbox 972 3838 1142 3892; x_wconf 83' lang='lat' dir='ltr'><strong>nuntiabatur</strong></span> <span class='ocrx_word' id='word_1_319' title='bbox 1152 3854 1169 3889; x_wconf 85' lang='lat' dir='ltr'><strong>o</strong></span> <span class='ocrx_word' id='word_1_320' title='bbox 1183 3839 1208 3903; x_wconf 88' lang='lat' dir='ltr'><strong>b,</strong></span> 
     </span>
     <span class='ocr_line' id='line_1_36' title="bbox 87 3913 1208 3981; baseline 0.003 -17"><span class='ocrx_word' id='word_1_321' title='bbox 87 3913 413 3967; x_wconf 83' lang='lat' dir='ltr'><strong>nuntiabuntorAldusu.</strong></span> <span class='ocrx_word' id='word_1_322' title='bbox 525 3915 748 3970; x_wconf 77' lang='lat' dir='ltr'><strong>llnenedumo.</strong></span> <span class='ocrx_word' id='word_1_323' title='bbox 860 3919 994 3969; x_wconf 76' lang='lat' dir='ltr'><strong>reocub.</strong></span> <span class='ocrx_word' id='word_1_324' title='bbox 1099 3918 1208 3981; x_wconf 80' lang='lat' dir='ltr'><strong>estod,</strong></span> 
     </span>
     <span class='ocr_line' id='line_1_37' title="bbox 86 3989 1209 4061; baseline 0.004 -19"><span class='ocrx_word' id='word_1_325' title='bbox 86 3998 158 4042; x_wconf 89' lang='lat' dir='ltr'><strong>esset</strong></span> <span class='ocrx_word' id='word_1_326' title='bbox 170 3989 258 4041; x_wconf 80' lang='lat' dir='ltr'><strong>Aldus</strong></span> <span class='ocrx_word' id='word_1_327' title='bbox 270 4007 298 4041; x_wconf 88' lang='lat' dir='ltr'><strong>u.</strong></span> <span class='ocrx_word' id='word_1_328' title='bbox 403 3994 437 4047; x_wconf 82' lang='grc'><strong>20</strong></span> <span class='ocrx_word' id='word_1_329' title='bbox 445 3994 524 4045; x_wconf 87' lang='lat' dir='ltr'><strong>cassii</strong></span> <span class='ocrx_word' id='word_1_330' title='bbox 539 3995 563 4044; x_wconf 84' lang='lat' dir='ltr'><strong>b.</strong></span> <span class='ocrx_word' id='word_1_331' title='bbox 669 4009 685 4046; x_wconf 84' lang='grc' dir='ltr'>ι</span> <span class='ocrx_word' id='word_1_332' title='bbox 698 3994 761 4047; x_wconf 86' lang='lat' dir='ltr'><strong>luba</strong></span> <span class='ocrx_word' id='word_1_333' title='bbox 773 4011 791 4046; x_wconf 88' lang='lat' dir='ltr'><strong>o</strong></span> <span class='ocrx_word' id='word_1_334' title='bbox 806 3996 879 4046; x_wconf 66' lang='lat' dir='ltr'><strong>‘mss</strong></span> <span class='ocrx_word' id='word_1_335' title='bbox 890 3998 921 4045; x_wconf 87' lang='lat' dir='ltr'><strong>ct</strong></span> <span class='ocrx_word' id='word_1_336' title='bbox 930 3994 990 4045; x_wconf 84' lang='lat' dir='ltr'><strong>edd.</strong></span> <span class='ocrx_word' id='word_1_337' title='bbox 1005 3993 1089 4061; x_wconf 64' lang='lat' dir='ltr'><strong>qod),</strong></span> <span class='ocrx_word' id='word_1_338' title='bbox 1100 3997 1132 4047; x_wconf 85' lang='lat' dir='ltr'><strong>ab</strong></span> <span class='ocrx_word' id='word_1_339' title='bbox 1146 3995 1209 4048; x_wconf 76' lang='lat' dir='ltr'><strong>lobs</strong></span> 
     </span>
     <span class='ocr_line' id='line_1_38' title="bbox 86 4072 1100 4139; baseline 0.001 -15"><span class='ocrx_word' id='word_1_340' title='bbox 86 4072 173 4124; x_wconf 80' lang='lat' dir='ltr'><strong>Aldus</strong></span> <span class='ocrx_word' id='word_1_341' title='bbox 187 4086 214 4121; x_wconf 86' lang='lat' dir='ltr'><strong>u.</strong></span> <span class='ocrx_word' id='word_1_342' title='bbox 354 4073 386 4127; x_wconf 82' lang='grc'><strong>21</strong></span> <span class='ocrx_word' id='word_1_343' title='bbox 402 4087 525 4135; x_wconf 75' lang='lat' dir='ltr'><strong>egressus</strong></span> <span class='ocrx_word' id='word_1_344' title='bbox 538 4079 565 4123; x_wconf 88' lang='lat' dir='ltr'><strong>et</strong></span> <span class='ocrx_word' id='word_1_345' title='bbox 577 4072 629 4123; x_wconf 87' lang='lat' dir='ltr'><strong>iter</strong></span> <span class='ocrx_word' id='word_1_346' title='bbox 642 4072 666 4122; x_wconf 85' lang='lat' dir='ltr'><strong>b.</strong></span> <span class='ocrx_word' id='word_1_347' title='bbox 795 4073 830 4128; x_wconf 85' lang='grc'><strong>22</strong></span> <span class='ocrx_word' id='word_1_348' title='bbox 843 4080 990 4139; x_wconf 82' lang='lat' dir='ltr'><strong>occupato,</strong></span> <span class='ocrx_word' id='word_1_349' title='bbox 1004 4089 1058 4124; x_wconf 87' lang='lat' dir='ltr'><strong>om.</strong></span> <span class='ocrx_word' id='word_1_350' title='bbox 1075 4074 1100 4125; x_wconf 83' lang='lat' dir='ltr'><strong>b.</strong></span> 
     </span>
     <span class='ocr_line' id='line_1_39' title="bbox 85 4139 1100 4219; baseline 0.001 -18"><span class='ocrx_word' id='word_1_351' title='bbox 85 4150 300 4216; x_wconf 71' lang='lat' dir='ltr'><strong>blqnanquam(</strong></span> <span class='ocrx_word' id='word_1_352' title='bbox 320 4148 341 4215; x_wconf 86' lang='lat'><strong>).</strong></span> <span class='ocrx_word' id='word_1_353' title='bbox 458 4152 726 4207; x_wconf 80' lang='lat' dir='ltr'><strong>25concurrernntb.</strong></span> <span class='ocrx_word' id='word_1_354' title='bbox 835 4139 981 4219; x_wconf 76' lang='lat' dir='ltr'><strong>to†xxi]</strong></span> <span class='ocrx_word' id='word_1_355' title='bbox 997 4153 1023 4204; x_wconf 82' lang='lat' dir='ltr'><strong>P.</strong></span> <span class='ocrx_word' id='word_1_356' title='bbox 1039 4153 1100 4207; x_wconf 78' lang='grc'><strong>202.</strong></span> 
     </span>
     <span class='ocr_line' id='line_1_40' title="bbox 85 4225 1204 4298; baseline -0.001 -19"><span class='ocrx_word' id='word_1_357' title='bbox 85 4225 118 4279; x_wconf 87' lang='grc'><strong>27</strong></span> <span class='ocrx_word' id='word_1_358' title='bbox 133 4226 305 4293; x_wconf 75' lang='lat' dir='ltr'><strong>fragoremque</strong></span> <span class='ocrx_word' id='word_1_359' title='bbox 320 4228 334 4278; x_wconf 86' lang='lat' dir='ltr'><strong>b</strong></span> <span class='ocrx_word' id='word_1_360' title='bbox 347 4242 370 4291; x_wconf 86' lang='lat' dir='ltr'><strong>r,</strong></span> <span class='ocrx_word' id='word_1_361' title='bbox 385 4227 557 4296; x_wconf 72' lang='lat' dir='ltr'><strong>fugerentque</strong></span> <span class='ocrx_word' id='word_1_362' title='bbox 569 4243 595 4294; x_wconf 85' lang='lat' dir='ltr'><strong>a,</strong></span> <span class='ocrx_word' id='word_1_363' title='bbox 611 4226 767 4294; x_wconf 67' lang='lat' dir='ltr'><strong>fugarentur</strong></span> <span class='ocrx_word' id='word_1_364' title='bbox 779 4229 813 4293; x_wconf 71' lang='grc' dir='ltr'><strong>εἰς</strong></span> <span class='ocrx_word' id='word_1_365' title='bbox 826 4236 999 4298; x_wconf 62' lang='lat' dir='ltr'><strong>urperentqne</strong></span> <span class='ocrx_word' id='word_1_366' title='bbox 1012 4245 1072 4282; x_wconf 81' lang='lat' dir='ltr'><strong>com</strong></span> <span class='ocrx_word' id='word_1_367' title='bbox 1085 4244 1137 4281; x_wconf 85' lang='lat' dir='ltr'><strong>ono</strong></span> <span class='ocrx_word' id='word_1_368' title='bbox 1150 4228 1204 4280; x_wconf 83' lang='lat' dir='ltr'><strong>dot.</strong></span> 
     </span>
     <span class='ocr_line' id='line_1_41' title="bbox 88 4306 391 4373; baseline 0.013 -19"><span class='ocrx_word' id='word_1_369' title='bbox 88 4321 115 4354; x_wconf 75' lang='lat' dir='ltr'><strong>n</strong></span> <span class='ocrx_word' id='word_1_370' title='bbox 223 4306 391 4373; x_wconf 57' lang='grc' dir='ltr'><strong>πωπω</strong></span> 
     </span>
    </p>
   </div>
   <div class='ocr_carea' id='block_1_4' title="bbox 0 0 1350 4688">
    <p class='ocr_par' dir='ltr' id='par_1_7' title="bbox 0 0 1350 4688">
     <span class='ocr_line' id='line_1_42' title="bbox 0 0 1350 4688; baseline 0 2"><span class='ocrx_word' id='word_1_371' title='bbox 0 0 1350 4688; x_wconf 95' lang='lat' dir='ltr'><strong> </strong></span> 
     </span>
    </p>
   </div>
  </div>
 </body>
</html>
