2692 4688
85 196 151 266 oto
484 190 614 259 1³1th
630 190 937 259 atexntuutttttt

107 370 130 436 2
145 390 210 435 rnm
226 388 316 453 opera
332 365 439 430 imitati
454 365 640 442 uiderentur,
658 376 691 430 et
699 386 754 429 sua
761 376 867 449 sponte
877 367 971 429 multa
986 366 1182 450 reperiebant
1196 393 1270 435 uno·

146 493 207 556 quc.
219 480 522 554 temporeetnostras
531 468 712 532 munitiones
727 469 908 532 infestabant
924 479 955 532 et
969 489 1042 533 suas
1058 470 1268 540 defendebant.

111 571 131 637 3
147 574 246 654 Atque
261 572 336 635 bace
351 571 501 656 principes
517 571 548 632 in
563 571 698 634 consiliis
715 570 963 654 contionibusque
979 571 1154 655 agitabant:
1172 573 1270 662 Papa·

110 702 113 707 ·
145 676 207 740 lum
222 673 391 739 Romanum
414 673 554 758 paulatim
576 675 609 736 in
633 674 878 737 consuetudinem
901 675 967 737 eius
992 675 1082 758 regni
1104 681 1271 764 oooupandi

109 777 130 841 4
145 776 261 841 uenire.
293 773 403 839 Paucis
418 775 505 839 annis
527 784 616 839 antea
631 772 790 839 Gabinium
813 795 879 838 oum
896 777 1037 841 exercitu
1052 779 1147 843 luisse
1161 781 1193 844 in
1208 782 1270 847 Ac·
1288 794 1303 845 ι

146 889 256 964 gypt03
274 876 448 961 Pompeium
464 898 498 941 se
513 898 555 941 ex
570 880 640 961 luga
656 879 759 941 eodem
774 876 949 961 recepisse3
967 877 1140 961 Gaesarem
1150 885 1271 951 uenisse

146 1002 213 1045 cun
231 983 337 1066 copiis,
354 1000 451 1062 neque
467 991 563 1043 morte
578 977 714 1063 Pompeii
728 980 884 1063 quicquam
902 982 1080 1063 prolectam,
1096 1004 1157 1067 quo
1171 987 1269 1051 minus

111 1081 223 1168 bapud
240 1104 273 1146 se
283 1078 400 1147 Caesar
408 1091 656 1145 commoraretur.
688 1078 785 1162 Quem
801 1083 828 1145 si
844 1103 905 1145 non
921 1085 1122 1167 expulissent,
1138 1088 1268 1152 laturum

145 1206 185 1249 ex
201 1204 298 1268 regno
314 1182 516 1269 prouinciama
533 1184 621 1266 idque
636 1185 782 1268 agendam
797 1195 933 1248 matures
952 1206 1079 1269 namque
1091 1208 1158 1252 eum
1174 1190 1267 1255 inter·

146 1289 260 1351 olusun
284 1286 507 1371 tempestatibus
530 1296 652 1370 propter
674 1287 745 1349 anni
766 1296 882 1370 tempus
902 1290 1038 1372 recipere
1066 1291 1268 1355 transmarina
1290 1302 1319 1356 ιι

109 1390 261 1459 4ιιιιιίΙὶι
277 1411 337 1452 non
352 1410 451 1472 posse.
494 1385 618 1452 Interim
642 1388 830 1453 dissensione
852 1400 919 1454 orta
940 1391 1191 1471 iateerbillan,
1217 1394 1267 1477 qui

144 1502 289 1556 ueterano
305 1491 454 1554 exercitui
469 1500 627 1574 praeerat,
652 1502 682 1554 et
697 1491 870 1571 Arsinoen,
894 1493 976 1576 regis
991 1489 1155 1559 Ptolemaei
1171 1495 1267 1558 mino·

144 1614 207 1657 rem
224 1593 330 1665 liliam,
348 1603 485 1674 utsupra
502 1592 736 1656 demonstratum
754 1605 816 1672 est,
836 1615 901 1658 cum
917 1605 1041 1677 uterque
1057 1596 1176 1678 utrique
1190 1597 1265 1661 insi·

145 1695 279 1757 diaretur
293 1704 325 1756 et
339 1713 482 1756 summam
506 1694 621 1778 imperii
637 1697 700 1777 ipsc
716 1695 854 1760 obtinere
868 1696 969 1773 uellet,
987 1707 1185 1779 praeoccupat
1200 1700 1263 1759 Αι-

144 1794 230 1860 sinoe
246 1816 299 1880 per
313 1794 508 1879 Ganymeden
526 1797 704 1875 eunuchum,
723 1798 885 1861 nutricium
901 1818 999 1874 suum,
1018 1808 1107 1880 atque
1122 1796 1263 1862 Acbillan
1289 1811 1318 1863 tt

107 1898 296 1965 2interlicit.
329 1897 396 1961 Hoc
419 1899 519 1961 occiso
542 1899 607 1963 siue
631 1900 692 1963 ullo
707 1902 790 1964 socio
806 1911 836 1964 ct
850 1902 974 1965 custode
990 1901 1053 1985 ipsa
1068 1919 1156 1963 omne
1170 1900 1265 1984 impe·

144 2004 221 2066 mum
237 2000 408 2079 obtinebat3
433 2002 588 2066 exercitus
604 2000 773 2088 Ganymedi
795 2004 934 2067 traditur.
967 2001 997 2066 ls
1014 2012 1155 2087 suscepto
1169 2005 1264 2067 cilicio

143 2104 331 2188 largitionem
348 2103 378 2166 in
394 2103 503 2167 milites
526 2116 618 2188 auget
638 2106 796 2189 etreliqua
812 2106 876 2190 pari
891 2106 1046 2190 diligentia
1060 2104 1259 2169 administrat.

107 2210 130 2280 5
230 2207 416 2271 Alexandria
432 2217 480 2270 est
495 2206 558 2271 lerc
573 2219 636 2271 tota
652 2210 781 2272 suliossa
796 2228 963 2292 specusque
979 2209 1067 2273 babet
1082 2206 1180 2272 aNilo
1195 2227 1262 2291 per·

144 2313 295 2387 libentes,
320 2309 425 2393 quibus
441 2330 516 2392 aqua
531 2311 562 2373 in
578 2312 710 2393 priuatas
725 2311 829 2374 domos
845 2313 1013 2390 inducitur,
1030 2332 1107 2393 quac
1122 2310 1263 2393 paulatim
1283 2317 1315 2371 ιι

106 2412 128 2477 2
143 2415 239 2497 spatio
256 2413 398 2495 temporis
414 2412 550 2493 liquescit
566 2433 603 2475 ac
618 2412 755 2476 subsidit.
795 2412 862 2476 blac
879 2415 919 2476 uti
936 2415 1045 2477 domini
1061 2412 1263 2477 aedificiorum

142 2526 230 2597 atque
246 2534 348 2575 eorum
366 2514 494 2575 trimiliae
508 2526 710 2577 consuerunt:
738 2536 808 2578 uam
832 2536 907 2599 quac
929 2517 1049 2581 llumine
1063 2514 1137 2579 Nilo
1153 2516 1261 2591 lentur,

141 2618 217 2681 adeo
232 2626 279 2678 est
293 2615 398 2678 limosa
414 2635 449 2677 au
471 2616 607 2695 turbida,
633 2628 667 2680 ut
686 2618 794 2680 multos
819 2619 978 2700 uariosque
994 2618 1116 2681 morbos
1131 2616 1258 2691 officiata

106 2717 125 2783 3
141 2719 193 2782 sed
210 2738 245 2782 ea
260 2717 361 2803 plebes
376 2740 411 2782 ao
426 2719 580 2781 multitudo
597 2729 737 2783 corticata
753 2731 800 2783 est
815 2720 999 2796 necessario,
1018 2720 1095 2801 quod
1111 2720 1179 2783 lons
1189 2717 1262 2782 urbe

141 2831 203 2885 tota
219 2822 318 2886 nullus
334 2833 391 2885 cst.
418 2820 485 2883 Hoc
501 2830 598 2884 tamen
616 2822 723 2886 llumen
740 2824 771 2886 in
786 2842 823 2885 ea
839 2833 923 2905 parte
938 2832 1004 2884 erat
1018 2820 1113 2896 urbis,
1131 2839 1210 2900 quae
1225 2818 1263 2881 ab
1283 2825 1314 2881 ιι

103 2924 357 2990 bAlexandrinis
381 2923 548 2988 tenebatur.
595 2921 663 3005 Quo
696 2926 773 2987 lacto
803 2934 850 2986 est
870 2922 1041 2985 admonitus
1065 2918 1259 3001 Ganymedes

139 3039 439 3110 possenostrosaqua
453 3025 630 3103 intercludi3
648 3029 697 3108 qui
713 3024 860 3091 distributi
871 3024 1065 3088 munitionum
1080 3020 1260 3083 tuendarum

140 3146 229 3191 causa
250 3131 370 3192 uicatim
395 3149 435 3193 cx
457 3128 582 3212 priuatis
606 3129 749 3192 aediliciis
776 3129 921 3212 specubus
944 3148 980 3190 ao
1001 3124 1097 3210 parteis
1118 3131 1262 3185 extracta

103 3228 214 3311 daque
238 3228 406 3293 utebantur.
441 3231 508 3294 Hoc
530 3231 654 3315 probato
677 3232 804 3295 coasilio
826 3252 965 3314 magnum
987 3250 1024 3292 ac
1045 3227 1161 3290 difficile
1184 3245 1260 3308 opus

138 3329 324 3414 adgreditur.
363 3329 539 3418 lutenseptis
555 3334 633 3397 enirn
649 3334 796 3416 specubus
811 3345 899 3417 atquc
915 3330 1053 3395 omnibus
1068 3327 1151 3392 urbis
1167 3327 1262 3410 parti·
1281 3333 1311 3387 ιι

247 3493 258 3543 1
275 3494 367 3545 imitati
380 3511 436 3560 ιιι,Ι
450 3498 545 3548 imitari
561 3498 645 3562 ιιι1ι”ι”’,
661 3497 749 3549 rnirnri
765 3498 789 3547 b.
927 3493 1110 3562 repperiebant
1121 3508 1148 3541 ιι.

137 3570 153 3623 3
166 3568 285 3620 conciliis
300 3571 372 3621 ‘msa
388 3577 417 3622 ιι
427 3573 487 3622 cdd.
501 3573 575 3638 qaid.¹
689 3573 911 3638 concionibusqne
924 3572 974 3637 (a).
1091 3569 1106 3620 7
1120 3570 1257 3634 quicquam

136 3660 164 3711 n,
177 3661 231 3698 non
245 3648 333 3715 quidq.
448 3648 477 3699 ll
493 3649 665 3699 descensione
678 3664 737 3698 oum
750 3649 759 3698 i
771 3651 898 3714 saperda
911 3665 938 3698 a.
1050 3646 1079 3698 ll
1094 3650 1123 3695 et
1133 3643 1258 3696 tenebit·

135 3726 179 3777 lau
193 3732 221 3776 ct
231 3725 436 3794 leaapmcclen
451 3726 537 3791 apen
547 3730 571 3777 ιί
579 3726 680 3777 Gauius.
690 3728 801 3792 ubique)
815 3730 913 3777 atrine
926 3726 1105 3777 annotatione
1118 3739 1146 3772 n.

136 3805 168 3856 lb
181 3806 416 3856 demonstrauimus
428 3818 484 3855 cam
500 3805 525 3854 b.
633 3806 663 3856 ll
677 3806 793 3873 ipsecm.
806 3806 830 3855 b.
939 3804 969 3856 lti
979 3799 1146 3854 interiecitn.

135 3882 192 3947 ipsa
206 3881 251 3929 bic
261 3888 369 3945 ponunt
381 3899 397 3933 a
407 3884 431 3945 b,
446 3888 508 3932 anta
522 3883 578 3933 siae
592 3897 620 3932 ιι.
761 3883 790 3935 Π
805 3883 845 3933 bia
858 3898 885 3933 c.
1040 3878 1192 3932 lbruillteta
1207 3879 1256 3927 be.

244 3967 271 4010 ct
284 3961 385 4026 reliqua
397 3977 413 4011 ιι
424 3963 448 4023 b,
463 3962 564 4027 reliqua
577 3977 605 4011 ιι.
714 3962 744 4014 lb
760 3961 827 4028 lere]
840 3977 907 4028 peno
922 3961 947 4010 b.
1059 3955 1145 4007 arttto
1159 3958 1209 4019 nb,
1224 3955 1259 4005 ad

134 4032 220 4088 Nilum
233 4048 261 4082 ιι.
382 4037 417 4088 ἰθ
429 4042 493 4086 anto
506 4038 599 4102 quibua
611 4036 676 4088 add.
691 4053 706 4088 ι
720 4038 745 4088 b.
882 4038 916 4090 ιι
929 4042 1089 4086 censuerunt
1100 4051 1117 4084 n
1133 4036 1205 4085 ‘maa
1221 4032 1258 4095 ³¹,

135 4118 330 4164 consueuerant
342 4127 369 4161 ιι.
485 4129 594 4181 namque
607 4115 711 4167 ueniae
722 4130 751 4167 n.
869 4116 901 4165 25
916 4122 974 4164 crat
987 4115 1060 4164 urbis
1072 4129 1101 4173 a,
1115 4113 1186 4165 urbis
1200 4119 1259 4163 crat

132 4188 191 4239 edd.
374 4189 408 4242 tt
421 4189 596 4240 distribuendi
610 4193 777 4245 munitionem
790 4208 851 4243 cum
861 4195 974 4257 punctis
985 4192 1034 4243 aab
1048 4192 1107 4243 endi
1120 4206 1147 4240 n.

132 4270 166 4323 28
178 4267 299 4335 specibus
313 4283 339 4318 n.
447 4269 480 4320 tu
494 4269 646 4333 atlgrcditur
658 4286 684 4321 n.
791 4270 912 4339 specibus
925 4284 953 4320 a.
