2692 4688
443 148 901 225 comicum-tt.
1221 159 1286 229 m

109 323 288 391 creltatioue
301 323 461 405 celeritas,
482 335 517 391 ut
529 323 609 391 iubia
623 347 767 409 equorum
781 325 931 392 subleuati
942 346 1066 393 mecum
1080 328 1229 415 adaeque·

107 437 189 493 rent.
228 423 291 491 Vbi
310 446 379 491 eum
400 428 509 493 caatms
530 448 566 492 ae
587 438 693 493 tenere
717 424 836 493 Caeaar
857 427 1027 508 intellexit,
1057 450 1097 495 ue
1112 432 1224 501 diutine
1237 432 1284 506 49

106 538 275 594 commeatu
296 529 527 614 prohiberetur,
551 531 631 596 ultra
654 552 721 596 eum
743 529 860 608 locum,
881 550 942 615 quo
956 531 987 595 iu
1002 532 1069 597 loeo
1084 531 1228 601 Germani

108 631 318 708 comederant,
336 632 457 697 circiter
471 653 578 717 pessus
592 644 756 699 sexcentos
771 633 809 699 ab
823 633 881 712 iia,
907 634 1016 697 eastris
1030 635 1169 701 idoneum
1184 639 1230 705 le·

73 748 88 796 ⁵
104 754 171 799 eum
185 732 298 818 delegit
310 734 434 816 acieque
450 733 559 819 triplici
573 734 722 800 instructa
738 736 774 800 ad
791 757 858 800 eum
874 736 969 800 locum
987 737 1081 800 uenit.
1097 735 1264 805 Primam2

108 846 140 903 et
161 835 326 901 secundam
348 837 445 901 aciem
467 837 499 900 in
521 836 613 902 armis
633 856 722 914 esse,
744 839 861 902 tertiam
884 849 984 903 caetra
999 839 1116 905 munire
1130 841 1229 907 inaeit.

107 936 167 1003 llic
180 938 268 1003 locut
282 938 321 1005 ab
337 939 423 1004 hoste
438 939 561 1005 circiter
575 960 681 1026 paeana
696 953 871 1020 sexcentos,
889 943 933 1007 uti
949 943 1058 1007 dictum
1072 951 1138 1023 eet,
1160 943 1266 1010 abe-3

107 1052 169 1106 rat.
207 1038 257 1105 Eo
277 1041 400 1106 circiter
421 1041 572 1106 bominum
595 1063 721 1107 numero
742 1044 873 1109 seneen
896 1045 977 1110 milia
1000 1042 1141 1128 expedita
1164 1065 1231 1111 nuru

109 1143 191 1208 omni
204 1143 341 1226 equitatu
355 1143 530 1208 Ariouistus
545 1143 644 1222 misit,
667 1166 744 1228 quac
759 1147 863 1230 copiae
884 1157 1006 1211 nostroe
1026 1156 1233 1230 perterrerent

56 1257 87 1309 te
110 1257 143 1311 et
155 1246 322 1311 munitione
338 1245 541 1329 prohiberent
569 1242 677 1312 Nihilo
692 1248 792 1313 secina
813 1245 947 1327 Caesar,
971 1259 1005 1313 ut
1026 1258 1096 1312 aute
1116 1246 1266 1313 onusti-i

109 1358 221 1426 tuerat,
238 1344 311 1411 duas
326 1347 407 1412 ecies
422 1348 537 1412 hostem
552 1349 738 1432 propulsare,
757 1351 875 1414 tertiam
890 1371 965 1433 opus
972 1350 1117 1433 perficere
1128 1349 1228 1415 iutait.

108 1447 239 1517 blnditia
257 1450 368 1514 castris
389 1450 463 1513 dnae
484 1449 525 1512 ibi
546 1450 681 1534 legiones
703 1452 825 1534 reliquit
845 1462 876 1516 et
897 1462 1011 1536 partem
1033 1450 1264 1529 auxiliorum,5

109 1564 253 1639 quattuor
266 1551 396 1635 reliques
410 1551 443 1615 in
457 1561 559 1617 eastra
573 1552 686 1619 maiora
700 1553 833 1617 reduxit.
864 1551 1010 1617 Proximo
1025 1553 1075 1619 die
1089 1554 1229 1619 instituto
1242 1553 1288 1625 tt)

108 1676 164 1721 tuo
179 1650 297 1722 Cacsar
311 1674 329 1719 e
344 1653 453 1719 caetris
467 1654 601 1737 euinque
616 1656 717 1740 copias
736 1676 808 1720 uuas
823 1655 928 1721 eduxit
942 1657 1121 1740 paulumque
1134 1678 1153 1721 a
1165 1678 1230 1723 ma-

56 1770 87 1823 te
107 1756 224 1829 ioribue
238 1756 348 1823 caetris
363 1776 544 1842 progressus
558 1759 654 1821 aciem
667 1759 832 1835 instruxit,
858 1759 992 1823 hostibus
1014 1760 1161 1844 pugnandi
1178 1778 1230 1842 pu·

110 1870 251 1927 teutatem
266 1860 349 1925 iecit.
381 1857 443 1925 Vbi
456 1880 497 1925 ue
512 1871 573 1924 tum
589 1860 704 1943 quidem
720 1881 773 1925 eos
788 1861 908 1945 prodire
923 1860 1092 1940 intellexit,
1110 1860 1230 1925 circiter
1243 1860 1265 1924 2

110 1963 267 2029 meridiem
287 1961 454 2027 exereitum
477 1962 508 2025 in
531 1974 630 2027 castra
651 1962 784 2027 reduxit.
821 1961 901 2028 Tum
924 1964 1040 2027 demum
1057 1961 1231 2027 Ariouistua

111 2074 233 2148 partem
246 2084 363 2129 eurum
380 2065 552 2149 copiarum,
577 2085 653 2148 quae
667 2076 768 2129 matra
782 2064 897 2127 minore
914 2078 1111 2149 oppugnaret,
1135 2065 1229 2133 mitit.

109 2164 241 2231 Acriter
254 2165 395 2251 utnimque
410 2168 557 2250 usquead
572 2187 731 2251 uesperum
746 2175 907 2249 pnqnetum
924 2177 983 2229 est„
1020 2164 1101 2230 Solis
1122 2166 1266 2233 oecaeub

46 2280 83 2336 w
106 2290 181 2335 suas
197 2268 299 2353 copiae
312 2265 485 2334 Ariouistus
500 2269 601 2334 multis
624 2279 656 2334 et
675 2269 777 2333 inlutis
796 2278 828 2332 ct
846 2269 979 2351 acceptia
1001 2267 1178 2333 uulneribus
1199 2271 1231 2333 in

111 2381 216 2437 caetra
228 2371 362 2437 reduxit.
402 2368 479 2436 Cum
504 2393 545 2436 ex
567 2371 694 2456 captiuis
717 2381 876 2455 quaereret
891 2366 1018 2447 Caesar,
1042 2369 1233 2452 quamohrem
1247 2369 1270 2435 l

109 2471 285 2538 Ariouistus
300 2474 414 2558 proelio
430 2496 490 2539 non
505 2476 696 2552 decertaret,
714 2474 790 2537 banc
804 2473 976 2558 reperiebat
989 2492 1130 2549 caueam,
1152 2471 1232 2555 quod

110 2574 190 2661 apud
215 2571 384 2641 Germanos
406 2597 442 2640 ea
464 2576 647 2640 cousuetudo
670 2586 770 2654 esset,
802 2587 836 2639 ut
861 2576 1105 2639 matresfamiliae
1127 2596 1230 2640 eorum

108 2676 242 2741 eorlibua
258 2688 290 2741 et
303 2677 565 2742 uaticinationibus
582 2679 787 2755 declararent,
812 2687 910 2742 utrum
926 2677 1070 2763 proelium
1086 2677 1231 2742 committi

46 2790 83 2840 25
108 2798 150 2841 ex
164 2798 220 2842 nau
236 2790 330 2858 esset,
355 2801 468 2860 necuc3
493 2780 603 2845 casita
626 2780 743 2844 dicere:
769 2801 829 2843 non
844 2801 913 2846 esse
927 2782 974 2843 las
998 2778 1166 2842 Germanos
1182 2800 1232 2843 au·
1246 2778 1266 2841 5

107 2900 230 2965 perare,
247 2882 275 2945 ai
289 2893 360 2947 ante
376 2904 484 2947 nouam
499 2883 599 2946 lunam
615 2883 728 2968 proelio
738 2881 973 2946 contendissent.
1000 2877 1152 2944 Postridie
1166 2880 1233 2943 eiua
1247 2880 1286 2950 51

109 2981 171 3046 diei
193 2978 313 3048 Caesar
333 2986 513 3070 praesidium
536 2986 670 3071 utrisque
693 2986 822 3063 castris,
847 2983 925 3067 quod
948 2982 1022 3046 satis
1045 3001 1113 3046 csse
1135 2968 1232 3045 uisum

202 3154 294 3209 haeae
309 3171 345 3208 m.
359 3173 412 3211 ree.
426 3157 460 3219 B,
474 3159 548 3226 qued
560 3157 627 3211 oud.
644 3156 789 3223 ‘mansere
801 3154 901 3208 omnes*
914 3159 1022 3204 renutet
1035 3156 1166 3205 mutauit.

107 3230 123 3281 l
136 3242 243 3297 putum
258 3232 283 3282 b.
354 3242 489 3286 tercentos
503 3250 538 3285 m.
551 3249 596 3300 pr.
611 3234 643 3285 Β.
702 3233 734 3286 ab
744 3232 784 3283 bie
797 3230 912 3295 Altus,
926 3230 1004 3282 abeis
1019 3228 1150 3281 Cloelius
1163 3233 1231 3283 ete.

220 3307 343 3361 dmunlri
357 3309 390 3362 A.
524 3310 541 3363 7
554 3310 606 3378 bic]
619 3310 643 3362 ir
657 3311 672 3361 b
685 3326 709 3361 e.
837 3314 971 3360 aescentoe
983 3322 1020 3359 m.
1032 3322 1078 3374 pr.
1089 3306 1123 3359 Β.

108 3385 247 3436 daumero
260 3388 372 3453 om.es.
481 3387 768 3440 hterrerentllctm.
779 3401 826 3452 pr.
840 3385 872 3436 Β.
992 3384 1231 3437 lbmnnitioneub.

228 3459 261 3513 ld
274 3468 398 3528 quattuor
410 3464 435 3514 A
443 3500 451 3529 ,
466 3470 577 3529 quatuor
588 3462 636 3528 (Β)
646 3462 671 3513 Β
676 3498 683 3526 ,
698 3461 776 3527 rrrrs.
898 3458 1024 3527 reliquae]
1038 3460 1155 3524 legiones
1168 3459 1232 3511 edd.

110 3536 188 3588 ‘nee
201 3537 337 3589 nonnulli*
350 3545 379 3590 et
389 3556 424 3591 m.
438 3557 491 3591 see.
506 3540 538 3591 Β.
634 3539 666 3591 ll
678 3539 832 3606 paulumque
846 3538 872 3588 A
880 3536 977 3601 ΟΒΒ,
990 3537 1156 3605 puellamque
1169 3536 1232 3604 (Bk

108 3614 295 3682 paululumque
306 3616 415 3682 J‘mee.
430 3614 464 3669 Β.
596 3616 627 3669 15
637 3617 733 3667 cantela
745 3631 798 3666 om.
812 3614 856 3680 es
866 3629 893 3663 u.
998 3613 1231 3679 tintinnum),

111 3691 285 3758 bentibutque
296 3693 321 3744 B
333 3693 445 3758 (diserto
458 3694 626 3758 testimonio)
638 3692 689 3760 (s)
703 3710 730 3744 u.
751 3693 781 3743 Ρ.
796 3692 839 3743 bl.
944 3688 976 3742 17
990 3690 1015 3740 ln
1029 3704 1081 3742 om.
1095 3707 1132 3743 m.
1144 3706 1189 3758 pr.
1201 3692 1233 3746 C.

222 3770 345 3839 idquae]
358 3774 425 3824 utb.
507 3773 538 3825 lh
552 3772 681 3838 utrimque
695 3771 759 3837 As,
774 3769 896 3834 utrinqne
910 3765 966 3833 (Β).
1048 3784 1185 3835 uesperam
1197 3770 1231 3823 Β.

221 3848 255 3901 2⁰
269 3848 358 3899 inlatis
371 3848 491 3915 Attus.
579 3848 613 3902 22
625 3847 791 3915 repperiebat
804 3846 836 3897 B.
941 3844 975 3900 2³
988 3858 1019 3895 ea
1032 3858 1085 3897 om.
1100 3847 1125 3896 b.

113 3923 329 3977 metretinrnlllae
341 3928 377 3979 Β.
484 3942 572 3978 eorum
585 3942 638 3978 om.
650 3926 685 3977 Β.
779 3922 1233 3993 hleortlbuauaticinationibutque

110 4000 353 4069 declarentrepr.
370 4005 395 4054 b.
505 4001 824 4056 annuntiataque.
937 4002 1231 4054 tdnonamCtOoeen.

111 4082 143 4128 et
152 4092 189 4129 n.
199 4092 254 4130 aec·
270 4078 303 4130 Β.
425 4079 459 4135 27
472 4079 630 4146 praeeidium
643 4078 709 4143 (Ao)
721 4078 745 4129 B
756 4078 800 4129 ue
812 4076 890 4144 (hed,
904 4084 938 4130 ut
948 4078 1067 4139 uidetur,
1081 4077 1139 4129 eido
1153 4077 1233 4128 lectio

115 4156 159 4208 tet
165 4158 419 4225 prhresetdpoatea
432 4157 492 4209 eud.
505 4172 541 4208 m.
555 4156 672 4208 mutnte’
685 4156 800 4221 iliberi.)
812 4157 848 4223 s,·
871 4157 1001 4224 praesidio
1014 4156 1106 4221 (Aeol
1121 4157 1143 4206 0
1157 4156 1185 4215 b,
1205 4157 1234 4202 et

114 4239 144 4285 in
158 4236 181 4287 Β
194 4236 297 4288 titteris
311 4238 361 4288 ium
372 4240 484 4303 premetis
497 4238 600 4287 nututt'e
611 4233 670 4285 ead.
685 4249 721 4284 m.
737 4248 885 4300 oeupruee.
969 4247 1027 4285 eece
1040 4246 1092 4285 om.
1107 4242 1195 4294 mpr.
1205 4228 1230 4279 b.
