2692 4688
512 186 657 256 GAPV'l'
679 184 828 256 to-eu
1226 178 1292 255 ott

112 373 210 426 torum
235 370 342 425 eontra
363 359 550 442 elephantos,
573 379 657 442 quae.
671 357 759 441 quusi
780 355 1021 422 aduersariorum
1042 357 1138 421 locum
1154 357 1232 423 oliti-⁴

110 472 198 529 neret
212 473 243 526 et
258 471 363 525 eontra
377 481 478 524 eorum
488 461 616 524 lroutem
631 460 787 522 aduersam
803 458 918 542 lapillos
933 457 1064 521 miuutm
1078 460 1229 539 mitteretq

109 565 218 629 deinde
239 564 272 627 in
293 563 426 627 ordinem
448 561 622 645 elephantos
645 559 816 639 constituite
847 569 916 644 post
936 560 1003 624 illos
1026 569 1124 623 nuum
1146 562 1268 627 snnm2

110 666 205 729 aciem
220 665 385 739 instruxit,
409 674 460 742 nt,
485 683 552 726 cum
568 662 605 725 ah
627 663 811 727 aduersariis
827 660 939 747 lapides
955 661 1030 723 mitti
1046 658 1229 744 coepissent,

70 778 86 830 t
109 777 141 830 et
155 765 304 849 elephanti
320 765 473 849 perterriti
488 784 522 829 se
537 764 574 827 ad
589 785 661 829 suos
676 764 911 842 conuenissent,
925 780 1030 827 rorans
1045 761 1082 825 ah
1098 778 1154 826 sna
1166 762 1231 829 acie

108 866 256 950 lapidibus
276 868 377 931 missis
399 886 453 930 eos
474 876 691 930 concertarent
711 866 857 930 aduersus
879 866 1012 944 hostem
1037 865 1115 947 quod
1137 882 1231 948 aegre

108 969 255 1050 tardeque
276 968 379 1032 tiebat.
423 964 529 1031 Rudes
552 967 631 1030 enim
653 967 803 1052 elephanti
826 966 986 1033 multorum
1008 986 1154 1033 annorum
1177 967 1266 1032 do-il

107 1070 206 1133 elnon
221 1090 336 1152 usuque
351 1079 472 1132 uetusto
486 1069 539 1132 uix
555 1069 653 1132 edocti
665 1080 763 1135 umen
778 1068 925 1163 murmurii
937 1068 1072 1152 periculo
1086 1068 1119 1132 in
1134 1060 1230 1132 aciem

107 1171 321 1252 producuntur.
366 1168 445 1233 Dum
463 1170 537 1233 haec
553 1171 589 1235 ad
604 1168 770 1255 Ruspinam
793 1170 830 1234 ab
845 1171 978 1252 utrisque
993 1169 1117 1234 dueibue
1132 1170 1226 1234 admi·
1240 1170 1286 1242 28

50 1280 83 1333 lt
106 1270 293 1349 metuntur,
328 1267 365 1335 C.
392 1269 545 1354 Vergilius
568 1271 756 1355 praetorius,
779 1272 830 1355 qni
850 1268 983 1356 hhapsi,
1009 1271 1116 1354 oppido
1138 1273 1229 1337 mari·

107 1381 200 1448 tumn,
224 1383 376 1456 praeerat,
400 1392 466 1434 euni
482 1373 736 1438 animaduerteret
751 1393 845 1438 naues
860 1368 993 1456 singulus
1009 1392 1076 1436 enm
1092 1374 1229 1436 exercitu

106 1467 252 1536 Caesaris
266 1473 399 1538 incertas
415 1475 548 1538 locorum
563 1485 652 1557 atque
666 1485 833 1538 castrorum
849 1492 971 1538 suorum
993 1473 1116 1557 uagari,
1141 1495 1229 1539 oooa·

104 1572 220 1638 sionem
235 1584 342 1639 nactus
357 1595 464 1638 nauem
481 1597 567 1659 quam
582 1576 623 1639 ihi
638 1575 740 1639 hahuit
754 1576 914 1639 aetheriam
937 1573 1066 1659 complet
1086 1576 1228 1641 militibus

105 1683 137 1738 et
156 1676 324 1760 sagittariis
344 1686 376 1738 et
397 1677 510 1741 eisdem
531 1679 657 1760 scaphas
679 1676 716 1741 de
737 1676 863 1741 nauibus
886 1676 1021 1761 adiungit
1042 1697 1078 1745 ae
1093 1678 1227 1763 singulas

49 1786 81 1839 tt
104 1796 199 1841 naues
221 1774 424 1842 &marianas
454 1778 624 1843 consectari
655 1778 763 1861 coepit.
809 1776 939 1841 Etcum
972 1777 1072 1862 plures
1102 1779 1263 1844 adortus2

104 1890 204 1954 esset,
237 1880 339 1961 pulsus
363 1882 543 1963 fugatusque
564 1879 634 1943 inde
656 1875 924 1945 discessisset'uec
948 1889 1046 1943 tamen
1068 1879 1227 1946 desisteret

105 1977 289 2060 periclitari,
316 1982 393 2045 forte
415 1981 520 2044 incidit
541 1981 573 2044 in
597 2000 724 2058 nauem,
748 1978 778 2042 in
794 2001 853 2062 qua
874 1991 962 2044 erant
983 1982 1041 2049 duo
1057 1979 1145 2060 Titii,
1170 1978 1247 2047 lli·¹

103 2081 190 2163 spani
211 2082 430 2160 adolescentes,
457 2081 568 2146 tribuni
584 2080 712 2166 legionis
727 2089 762 2158 v,
787 2101 912 2163 qnorum
928 2093 1043 2166 patrem
1059 2078 1179 2151 Caesar
1191 2085 1224 2151 iu

103 2192 241 2246 senatum
263 2184 399 2268 legerat,
423 2196 455 2248 et
476 2205 544 2248 cum
567 2183 613 2248 his
635 2180 723 2246 Titus
746 2179 905 2256 Salienus,
937 2184 1072 2247 centurio
1098 2183 1225 2268 legionis

45 2289 80 2344 20
103 2281 246 2362 eosdem,
271 2287 321 2368 qni
336 2283 383 2349 ld.
400 2284 568 2351 Messalam
591 2285 722 2370 legatum
745 2282 1080 2349 obsederatbleesanae
1102 2280 1225 2349 seditio

104 2383 222 2448 sissima
237 2386 373 2452 oratioue
388 2390 466 2472 apud
482 2410 549 2453 eum
565 2407 657 2467 usus,
679 2388 818 2469 idemque
833 2386 988 2472 pecuniam
1005 2397 1035 2452 et
1049 2400 1225 2454 ornamenta

104 2485 244 2569 triumphi
257 2482 400 2554 &esuris
415 2491 574 2556 retinenda
588 2501 620 2554 et
638 2490 833 2554 custodienda
848 2499 971 2554 curarat
985 2501 1015 2554 et
1030 2490 1068 2554 oh
1084 2490 1137 2559 has
1154 2510 1224 2556 cau·

104 2608 154 2651 eas
176 2589 234 2651 sihi
256 2590 389 2656 timebat.
435 2592 494 2657 llio
515 2604 638 2678 propter
657 2592 871 2657 conscientiam
894 2603 1083 2676 peccatorum
1099 2592 1259 2660 suorumb

102 2693 251 2770 persuasit
273 2693 526 2773 adulescentibus,
550 2717 588 2758 ne
610 2704 815 2779 repugnarent
831 2714 957 2776 seseque
972 2693 1110 2778 Vergilio
1126 2698 1225 2762 trade·

44 2799 77 2854 tt
99 2803 179 2854 rent.
213 2790 318 2877 ltaque
334 2796 450 2860 deducti
467 2794 634 2881 aVergilio
649 2797 686 2859 ad
701 2793 873 2879 Scipionem
889 2794 1062 2861 custodibus
1078 2807 1149 2860 sunt
1163 2807 1224 2861 tra·

101 2891 156 2955 diti
177 2903 210 2958 et
231 2907 299 2978 poat
321 2897 397 2959 diem
423 2898 541 2963 tertium
557 2897 720 2962 interlecti.
765 2893 908 2980 Quicum
924 2896 1103 2960 docerentur
1117 2898 1154 2960 ed
1170 2901 1260 2964 ned

102 3014 183 3072 cem,
207 2999 319 3078 petisse
333 2999 444 3065 dicitur
458 3001 555 3064 maior
566 2997 666 3065 Titius
682 3021 700 3066 e
715 2999 959 3077 centurionibus,
984 2998 1026 3061 uti
1042 3018 1077 3061 se
1091 2998 1222 3082 priore·

209 3145 224 3195 3
240 3147 330 3199 ordino
343 3166 360 3199 n
374 3152 397 3200 h.
520 3154 636 3204 instituit
647 3155 671 3204 b.
788 3168 860 3205 suam
872 3153 955 3203 celem
968 3168 985 3203 u
998 3158 1025 3204 et
1035 3157 1095 3204 aine
1106 3161 1223 3209 nunctu-

102 3226 177 3276 tione
188 3241 215 3289 u,
226 3228 308 3280 aciem
321 3243 394 3282 snam
403 3229 463 3281 edd.
472 3237 536 3282 ento
549 3249 576 3282 ιι.
682 3229 910 3296 heuuuertlsseut]
921 3232 1081 3298 recepissent
1089 3232 1113 3285 b.

100 3301 132 3352 nb
145 3317 172 3364 a,
186 3318 201 3353 a
214 3303 276 3356 edd.
407 3307 564 3375 dperloulo]
577 3308 676 3375 proelio
690 3309 714 3359 h.
843 3309 876 3359 1⁰
888 3306 1019 3373 Vergilius
1033 3309 1107 3360 ‘msa
1121 3315 1150 3360 er
1159 3308 1221 3360 edd.

100 3380 183 3444 qdd.’‚
198 3379 322 3446 Virgilius
337 3386 376 3448 (a)
389 3402 417 3437 ιι.
530 3388 667 3437 maritume
680 3403 706 3437 o.
824 3386 852 3437 ll
868 3387 1089 3438 animaduerteret
1102 3390 1117 3437 h
1130 3404 1154 3452 c,
1167 3388 1223 3438 cni-

98 3471 167 3508 mum
181 3459 332 3513 adnecteret
344 3480 360 3514 o
368 3484 377 3528 ‚·
386 3466 616 3517 animaduertisset
628 3481 656 3515 u.
763 3466 793 3516 ld
802 3466 913 3531 complet
922 3468 1048 3518 milltibus
1061 3483 1077 3517 α
1088 3467 1222 3519 addente

99 3549 127 3599 n,
142 3537 268 3589 militibus
282 3542 394 3606 complet
405 3558 433 3592 u.
568 3544 600 3595 ll
613 3542 710 3593 eisdem
722 3558 740 3593 ιι
754 3542 769 3591 h
782 3558 804 3606 c,
820 3543 903 3594 eidem
915 3558 943 3594 u.
1077 3547 1181 3614 scaphis
1193 3564 1220 3599 n.

208 3614 241 3665 lh
254 3616 352 3682 plures]
367 3618 392 3668 id
406 3620 470 3670 odd.
484 3637 511 3672 u.
683 3619 714 3670 lli
729 3626 801 3669 esset
812 3619 901 3683 codd,
916 3635 969 3670 om.
984 3621 1072 3672 Aldus
1085 3640 1111 3672 n.

100 3690 224 3742 discessit
235 3692 282 3743 sed
295 3710 341 3744 uec
355 3701 440 3746 tamen
454 3714 501 3762 oe,
517 3696 641 3747 discessit
654 3695 700 3747 sed
713 3712 771 3747 enm
785 3711 832 3746 uec
845 3697 884 3746 sio
896 3703 981 3746 tomen
993 3698 1016 3748 h.
1124 3698 1221 3752 ttlltit

99 3768 116 3818 2
128 3766 194 3817 dere.
198 3805 207 3831 ,
222 3767 275 3819 Titi
289 3786 306 3820 o
319 3772 429 3837 reliqui.
553 3773 584 3825 lt
597 3770 672 3824 Titus
684 3788 711 3838 a,
725 3772 757 3824 Τ.
769 3789 797 3824 u.
916 3772 1047 3824 Sallieuas
1060 3790 1076 3824 u
1089 3791 1111 3825 r.

97 3842 132 3896 20
144 3840 283 3896 Messalam
296 3863 313 3898 a
326 3850 340 3898 b
354 3865 376 3913 c,
391 3849 539 3901 Messallam
553 3868 580 3901 u.
704 3852 905 3904 seditiosissime
917 3853 1057 3917 ventrina,
1076 3863 1102 3906 et
1114 3857 1221 3908 seditio—

97 3921 204 3972 eissima
216 3924 294 3974 codd.
399 3927 428 3978 21
447 3942 508 3978 usus
518 3926 563 3994 (a)
577 3928 591 3977 h
605 3927 631 3990 d,
647 3936 688 3978 est
701 3944 763 3978 usus
775 3943 803 3978 ιι.
908 3930 943 3984 22
955 3938 1089 3983 saturato
1104 3934 1128 3997 h,
1146 3950 1220 3985 enro-

98 4005 174 4047 uerat
185 4014 212 4047 ιι.
337 4001 383 4051 hos
397 4017 449 4053 om.
463 4018 490 4053 u.
614 4005 647 4058 23
660 4005 710 4055 sihi
725 4005 833 4057 liraehat
845 4022 861 4056 u
873 4006 1036 4072 Stephanus,
1050 4011 1158 4062 tlmebat
1170 4012 1219 4062 sihi

98 4080 203 4127 ceterae
215 4076 277 4128 edel,
382 4081 415 4134 2l
424 4080 634 4132 adolescentibus
645 4098 672 4133 o.
778 4084 811 4140 ut
820 4089 848 4136 et
858 4085 892 4141 2ll
904 4083 1015 4152 Virgilio
1029 4089 1070 4154 (a)
1083 4105 1111 4141 ιι.

96 4155 130 4208 25
144 4155 292 4224 Scipionum
305 4173 332 4208 a.
456 4166 518 4213 snut
529 4165 593 4210 anto
605 4160 696 4212 traditi
706 4167 815 4227 portum
825 4178 844 4218 a
856 4164 880 4229 b,
896 4171 962 4218 oute
975 4166 1108 4220 latarlecti
1121 4167 1179 4234 (26)
1191 4185 1217 4219 ιι.

205 4236 238 4288 27
251 4234 337 4291 Titius
350 4236 389 4303 (o)
401 4239 417 4294 2
431 4238 510 4303 dett,
524 4237 600 4292 'l'itus
612 4239 723 4306 reliqui.
