<?xml version="1.0" encoding="UTF-8"?>
<!DOCTYPE html PUBLIC "-//W3C//DTD XHTML 1.0 Transitional//EN"
    "http://www.w3.org/TR/xhtml1/DTD/xhtml1-transitional.dtd">
<html xmlns="http://www.w3.org/1999/xhtml" xml:lang="en" lang="en">
 <head>
  <title>
</title>
<meta http-equiv="Content-Type" content="text/html;charset=utf-8" />
  <meta name='ocr-system' content='tesseract 3.04.00' />
  <meta name='ocr-capabilities' content='ocr_page ocr_carea ocr_par ocr_line ocrx_word'/>
</head>
<body>
  <div class='ocr_page' id='page_1' title='image "./civliicaesarisc02hirtgoog_0529.png"; bbox 0 0 2692 4688; ppageno 0'>
   <div class='ocr_carea' id='block_1_1' title="bbox 87 132 955 277">
    <p class='ocr_par' dir='ltr' id='par_1_1' title="bbox 87 132 955 277">
     <span class='ocr_line' id='line_1_1' title="bbox 87 132 955 277; baseline 0.002 -7"><span class='ocrx_word' id='word_1_1' title='bbox 87 204 153 271; x_wconf 72' lang='lat' dir='ltr'>tut</span> <span class='ocrx_word' id='word_1_2' title='bbox 513 132 570 275; x_wconf 76' lang='lat' dir='ltr'>bu</span> <span class='ocrx_word' id='word_1_3' title='bbox 594 206 741 276; x_wconf 76' lang='lat' dir='ltr'>RELLO</span> <span class='ocrx_word' id='word_1_4' title='bbox 762 203 899 277; x_wconf 77' lang='lat' dir='ltr'>ctvtu</span> <span class='ocrx_word' id='word_1_5' title='bbox 945 210 955 239; x_wconf 83' lang='lat'><em>⁰</em></span> 
     </span>
    </p>
   </div>
   <div class='ocr_carea' id='block_1_2' title="bbox 67 368 1323 3327">
    <p class='ocr_par' dir='ltr' id='par_1_2' title="bbox 67 368 1323 3327">
     <span class='ocr_line' id='line_1_2' title="bbox 108 368 1267 473; baseline 0.006 -34"><span class='ocrx_word' id='word_1_6' title='bbox 108 466 111 473; x_wconf 26' lang='grc' dir='ltr'>Ι</span> <span class='ocrx_word' id='word_1_7' title='bbox 144 386 233 461; x_wconf 88' lang='lat' dir='ltr'>atquo</span> <span class='ocrx_word' id='word_1_8' title='bbox 249 378 438 462; x_wconf 78' lang='lat' dir='ltr'>harpagones</span> <span class='ocrx_word' id='word_1_9' title='bbox 447 368 635 464; x_wconf 55' lang='lat' dir='ltr'>&#39;parauerunt</span> <span class='ocrx_word' id='word_1_10' title='bbox 650 401 815 467; x_wconf 74' lang='lat' dir='ltr'>magnoque</span> <span class='ocrx_word' id='word_1_11' title='bbox 830 399 954 444; x_wconf 87' lang='lat' dir='ltr'>numero</span> <span class='ocrx_word' id='word_1_12' title='bbox 969 378 1118 465; x_wconf 68' lang='lat' dir='ltr'>pilorum,</span> <span class='ocrx_word' id='word_1_13' title='bbox 1134 382 1267 466; x_wconf 72' lang='lat' dir='ltr'>trogulo-</span> 
     </span>
     <span class='ocr_line' id='line_1_3' title="bbox 145 478 1267 566; baseline 0.006 -25"><span class='ocrx_word' id='word_1_14' title='bbox 145 498 210 541; x_wconf 85' lang='lat' dir='ltr'>rum</span> <span class='ocrx_word' id='word_1_15' title='bbox 225 478 466 565; x_wconf 84' lang='lat' dir='ltr'>reliquorumque</span> <span class='ocrx_word' id='word_1_16' title='bbox 481 483 607 547; x_wconf 86' lang='lat' dir='ltr'>telorum</span> <span class='ocrx_word' id='word_1_17' title='bbox 622 504 657 548; x_wconf 88' lang='lat' dir='ltr'>ao</span> <span class='ocrx_word' id='word_1_18' title='bbox 671 485 892 549; x_wconf 79' lang='lat' dir='ltr'>iostnrnerant.</span> <span class='ocrx_word' id='word_1_19' title='bbox 923 479 971 546; x_wconf 91' lang='lat' dir='ltr'>lta</span> <span class='ocrx_word' id='word_1_20' title='bbox 992 483 1114 566; x_wconf 77' lang='lat' dir='ltr'>cognito</span> <span class='ocrx_word' id='word_1_21' title='bbox 1136 485 1267 548; x_wconf 80' lang='lat' dir='ltr'>bostium</span> 
     </span>
     <span class='ocr_line' id='line_1_4' title="bbox 110 579 1265 670; baseline 0.006 -27"><span class='ocrx_word' id='word_1_22' title='bbox 110 664 113 669; x_wconf 27' lang='grc' dir='ltr'>Ι</span> <span class='ocrx_word' id='word_1_23' title='bbox 144 579 277 644; x_wconf 73' lang='lat' dir='ltr'>aduentu</span> <span class='ocrx_word' id='word_1_24' title='bbox 292 602 363 646; x_wconf 86' lang='lat' dir='ltr'>suas</span> <span class='ocrx_word' id='word_1_25' title='bbox 379 604 475 648; x_wconf 87' lang='lat' dir='ltr'>nones</span> <span class='ocrx_word' id='word_1_26' title='bbox 489 604 529 649; x_wconf 85' lang='lat' dir='ltr'>cx</span> <span class='ocrx_word' id='word_1_27' title='bbox 545 596 632 670; x_wconf 80' lang='lat' dir='ltr'>portu</span> <span class='ocrx_word' id='word_1_28' title='bbox 647 585 793 663; x_wconf 87' lang='lat' dir='ltr'>educunt,</span> <span class='ocrx_word' id='word_1_29' title='bbox 819 604 887 649; x_wconf 84' lang='lat' dir='ltr'>cusu</span> <span class='ocrx_word' id='word_1_30' title='bbox 901 582 1145 649; x_wconf 73' lang='lat' dir='ltr'>Massiliensibus</span> <span class='ocrx_word' id='word_1_31' title='bbox 1160 587 1265 650; x_wconf 86' lang='lat' dir='ltr'>condi·</span> 
     </span>
     <span class='ocr_line' id='line_1_5' title="bbox 108 678 1264 771; baseline 0.007 -27"><span class='ocrx_word' id='word_1_32' title='bbox 108 678 231 765; x_wconf 68' lang='lat' dir='ltr'>bgunt.</span> <span class='ocrx_word' id='word_1_33' title='bbox 262 680 431 768; x_wconf 82' lang='lat' dir='ltr'>Pugnatum</span> <span class='ocrx_word' id='word_1_34' title='bbox 453 696 500 750; x_wconf 89' lang='lat' dir='ltr'>est</span> <span class='ocrx_word' id='word_1_35' title='bbox 521 689 670 771; x_wconf 75' lang='lat' dir='ltr'>utrimque</span> <span class='ocrx_word' id='word_1_36' title='bbox 689 687 852 753; x_wconf 81' lang='lat' dir='ltr'>fortissimo</span> <span class='ocrx_word' id='word_1_37' title='bbox 874 699 963 769; x_wconf 83' lang='lat' dir='ltr'>atque</span> <span class='ocrx_word' id='word_1_38' title='bbox 978 686 1141 752; x_wconf 78' lang='lat' dir='ltr'>ooorsincs</span> <span class='ocrx_word' id='word_1_39' title='bbox 1166 708 1264 771; x_wconf 83' lang='lat' dir='ltr'>nequo</span> 
     </span>
     <span class='ocr_line' id='line_1_6' title="bbox 142 784 1302 879; baseline 0.003 -32"><span class='ocrx_word' id='word_1_40' title='bbox 142 785 269 879; x_wconf 76' lang='lat' dir='ltr'>uuolton</span> <span class='ocrx_word' id='word_1_41' title='bbox 283 784 382 850; x_wconf 78' lang='lat' dir='ltr'>Albici</span> <span class='ocrx_word' id='word_1_42' title='bbox 398 788 510 852; x_wconf 85' lang='lat' dir='ltr'>nostris</span> <span class='ocrx_word' id='word_1_43' title='bbox 525 789 639 853; x_wconf 88' lang='lat' dir='ltr'>uirtute</span> <span class='ocrx_word' id='word_1_44' title='bbox 654 789 817 867; x_wconf 82' lang='lat' dir='ltr'>cedebant,</span> <span class='ocrx_word' id='word_1_45' title='bbox 834 789 971 853; x_wconf 85' lang='lat' dir='ltr'>homines</span> <span class='ocrx_word' id='word_1_46' title='bbox 985 792 1084 873; x_wconf 80' lang='lat' dir='ltr'>asperi</span> <span class='ocrx_word' id='word_1_47' title='bbox 1100 799 1131 854; x_wconf 91' lang='lat' dir='ltr'>et</span> <span class='ocrx_word' id='word_1_48' title='bbox 1144 800 1262 853; x_wconf 85' lang='lat' dir='ltr'>monta-</span> <span class='ocrx_word' id='word_1_49' title='bbox 1284 800 1302 851; x_wconf 70' lang='lat'>5</span> 
     </span>
     <span class='ocr_line' id='line_1_7' title="bbox 107 882 1264 975; baseline 0.008 -27"><span class='ocrx_word' id='word_1_50' title='bbox 107 882 194 964; x_wconf 81' lang='lat' dir='ltr'>dni,</span> <span class='ocrx_word' id='word_1_51' title='bbox 219 890 378 953; x_wconf 87' lang='lat' dir='ltr'>exercitati</span> <span class='ocrx_word' id='word_1_52' title='bbox 399 891 432 954; x_wconf 89' lang='lat' dir='ltr'>in</span> <span class='ocrx_word' id='word_1_53' title='bbox 447 891 558 971; x_wconf 80' lang='lat' dir='ltr'>srmis3</span> <span class='ocrx_word' id='word_1_54' title='bbox 582 900 672 975; x_wconf 56' lang='lat' dir='ltr'>owse</span> <span class='ocrx_word' id='word_1_55' title='bbox 695 891 726 956; x_wconf 91' lang='lat' dir='ltr'>bi</span> <span class='ocrx_word' id='word_1_56' title='bbox 740 893 829 956; x_wconf 80' lang='lat' dir='ltr'>nodo</span> <span class='ocrx_word' id='word_1_57' title='bbox 843 891 971 975; x_wconf 76' lang='lat' dir='ltr'>digressi</span> <span class='ocrx_word' id='word_1_58' title='bbox 986 912 1006 954; x_wconf 80' lang='lat' dir='ltr'>a</span> <span class='ocrx_word' id='word_1_59' title='bbox 1020 887 1264 957; x_wconf 74' lang='lat' dir='ltr'>Massiliensibus</span> 
     </span>
     <span class='ocr_line' id='line_1_8' title="bbox 115 992 1265 1077; baseline 0.002 -24"><span class='ocrx_word' id='word_1_60' title='bbox 115 1000 298 1055; x_wconf 79' lang='lat' dir='ltr'>·receutesn</span> <span class='ocrx_word' id='word_1_61' title='bbox 320 1011 423 1056; x_wconf 87' lang='lat' dir='ltr'>eornm</span> <span class='ocrx_word' id='word_1_62' title='bbox 444 992 690 1076; x_wconf 80' lang='lat' dir='ltr'>pollicitationem</span> <span class='ocrx_word' id='word_1_63' title='bbox 705 994 813 1058; x_wconf 76' lang='lat' dir='ltr'>animis</span> <span class='ocrx_word' id='word_1_64' title='bbox 835 992 1045 1071; x_wconf 82' lang='lat' dir='ltr'>continebant,</span> <span class='ocrx_word' id='word_1_65' title='bbox 1070 1000 1265 1077; x_wconf 70' lang='lat' dir='ltr'>pastoresque</span> 
     </span>
     <span class='ocr_line' id='line_1_9' title="bbox 67 1088 1265 1185; baseline 0.003 -33"><span class='ocrx_word' id='word_1_66' title='bbox 67 1112 85 1123; x_wconf 53' lang='grc'>»·</span> <span class='ocrx_word' id='word_1_67' title='bbox 118 1088 354 1179; x_wconf 79' lang='lat' dir='ltr'>indomiti-spe</span> <span class='ocrx_word' id='word_1_68' title='bbox 377 1095 524 1185; x_wconf 72' lang='lat' dir='ltr'>libertatis</span> <span class='ocrx_word' id='word_1_69' title='bbox 546 1097 672 1161; x_wconf 77' lang='lat' dir='ltr'>excitati</span> <span class='ocrx_word' id='word_1_70' title='bbox 693 1096 748 1160; x_wconf 91' lang='lat' dir='ltr'>snb</span> <span class='ocrx_word' id='word_1_71' title='bbox 769 1097 867 1160; x_wconf 86' lang='lat' dir='ltr'>oculis</span> <span class='ocrx_word' id='word_1_72' title='bbox 891 1090 1001 1159; x_wconf 89' lang='lat' dir='ltr'>domini</span> <span class='ocrx_word' id='word_1_73' title='bbox 1030 1116 1114 1159; x_wconf 83' lang='lat' dir='ltr'>suoru</span> <span class='ocrx_word' id='word_1_74' title='bbox 1136 1094 1265 1178; x_wconf 79' lang='lat' dir='ltr'>probare</span> 
     </span>
     <span class='ocr_line' id='line_1_10' title="bbox 86 1188 1265 1284; baseline -0.003 -23"><span class='ocrx_word' id='word_1_75' title='bbox 86 1188 134 1261; x_wconf 83' lang='grc'>58</span> <span class='ocrx_word' id='word_1_76' title='bbox 146 1204 267 1276; x_wconf 76' lang='lat' dir='ltr'>operans</span> <span class='ocrx_word' id='word_1_77' title='bbox 282 1197 454 1262; x_wconf 81' lang='lat' dir='ltr'>studebunt.</span> <span class='ocrx_word' id='word_1_78' title='bbox 475 1196 538 1284; x_wconf 81' lang='lat' dir='ltr'>Ipsi</span> <span class='ocrx_word' id='word_1_79' title='bbox 545 1197 756 1265; x_wconf 77' lang='lat' dir='ltr'>Massilienses</span> <span class='ocrx_word' id='word_1_80' title='bbox 770 1209 802 1263; x_wconf 89' lang='lat' dir='ltr'>et</span> <span class='ocrx_word' id='word_1_81' title='bbox 816 1198 969 1262; x_wconf 84' lang='lat' dir='ltr'>celeritate</span> <span class='ocrx_word' id='word_1_82' title='bbox 983 1199 1103 1261; x_wconf 87' lang='lat' dir='ltr'>nauium</span> <span class='ocrx_word' id='word_1_83' title='bbox 1119 1205 1152 1260; x_wconf 86' lang='lat' dir='ltr'>ot</span> <span class='ocrx_word' id='word_1_84' title='bbox 1165 1197 1265 1259; x_wconf 90' lang='lat' dir='ltr'>scien-</span> 
     </span>
     <span class='ocr_line' id='line_1_11' title="bbox 103 1293 1323 1393; baseline 0.002 -36"><span class='ocrx_word' id='word_1_85' title='bbox 103 1382 108 1393; x_wconf 30' lang='lat'><em>·</em></span> <span class='ocrx_word' id='word_1_86' title='bbox 142 1293 187 1358; x_wconf 90' lang='lat' dir='ltr'>tia</span> <span class='ocrx_word' id='word_1_87' title='bbox 200 1297 434 1381; x_wconf 82' lang='lat' dir='ltr'>gubernatorum</span> <span class='ocrx_word' id='word_1_88' title='bbox 449 1302 556 1365; x_wconf 89' lang='lat' dir='ltr'>conlisi</span> <span class='ocrx_word' id='word_1_89' title='bbox 574 1312 696 1364; x_wconf 85' lang='lat' dir='ltr'>nostros</span> <span class='ocrx_word' id='word_1_90' title='bbox 720 1300 879 1364; x_wconf 78' lang='lat' dir='ltr'>eludebant</span> <span class='ocrx_word' id='word_1_91' title='bbox 891 1293 1077 1380; x_wconf 67' lang='lat' dir='ltr'>impetusque</span> <span class='ocrx_word' id='word_1_92' title='bbox 1091 1317 1196 1359; x_wconf 87' lang='lat' dir='ltr'>eorum</span> <span class='ocrx_word' id='word_1_93' title='bbox 1213 1297 1265 1361; x_wconf 89' lang='lat' dir='ltr'>de-</span> <span class='ocrx_word' id='word_1_94' title='bbox 1290 1308 1323 1360; x_wconf 81' lang='lat' dir='ltr'>tu</span> 
     </span>
     <span class='ocr_line' id='line_1_12' title="bbox 106 1388 1265 1485; baseline 0.002 -25"><span class='ocrx_word' id='word_1_95' title='bbox 106 1426 110 1433; x_wconf 93' lang='lat'>·</span> <span class='ocrx_word' id='word_1_96' title='bbox 142 1395 293 1482; x_wconf 74' lang='lat' dir='ltr'>cipiebnnt</span> <span class='ocrx_word' id='word_1_97' title='bbox 307 1410 350 1479; x_wconf 89' lang='lat' dir='ltr'>et,</span> <span class='ocrx_word' id='word_1_98' title='bbox 366 1405 464 1485; x_wconf 86' lang='lat' dir='ltr'>quoad</span> <span class='ocrx_word' id='word_1_99' title='bbox 478 1402 587 1467; x_wconf 84' lang='lat' dir='ltr'>licebat</span> <span class='ocrx_word' id='word_1_100' title='bbox 600 1388 708 1466; x_wconf 91' lang='lat' dir='ltr'>latiore</span> <span class='ocrx_word' id='word_1_101' title='bbox 722 1402 765 1464; x_wconf 92' lang='lat' dir='ltr'>uti</span> <span class='ocrx_word' id='word_1_102' title='bbox 780 1400 889 1482; x_wconf 83' lang='lat' dir='ltr'>spatio,</span> <span class='ocrx_word' id='word_1_103' title='bbox 906 1397 1047 1480; x_wconf 80' lang='lat' dir='ltr'>producto</span> <span class='ocrx_word' id='word_1_104' title='bbox 1063 1396 1183 1480; x_wconf 73' lang='lat' dir='ltr'>longius</span> <span class='ocrx_word' id='word_1_105' title='bbox 1197 1398 1265 1462; x_wconf 77' lang='lat' dir='ltr'>acie</span> 
     </span>
     <span class='ocr_line' id='line_1_13' title="bbox 143 1490 1263 1587; baseline 0.004 -27"><span class='ocrx_word' id='word_1_106' title='bbox 143 1498 363 1565; x_wconf 85' lang='lat' dir='ltr'>circumuenire</span> <span class='ocrx_word' id='word_1_107' title='bbox 376 1513 498 1567; x_wconf 84' lang='lat' dir='ltr'>nostros</span> <span class='ocrx_word' id='word_1_108' title='bbox 513 1513 566 1566; x_wconf 82' lang='lat' dir='ltr'>ant</span> <span class='ocrx_word' id='word_1_109' title='bbox 580 1503 715 1587; x_wconf 84' lang='lat' dir='ltr'>pluribus</span> <span class='ocrx_word' id='word_1_110' title='bbox 730 1500 855 1565; x_wconf 83' lang='lat' dir='ltr'>nsuibus</span> <span class='ocrx_word' id='word_1_111' title='bbox 871 1490 983 1562; x_wconf 77' lang='lat' dir='ltr'>adoriri</span> <span class='ocrx_word' id='word_1_112' title='bbox 998 1498 1132 1583; x_wconf 82' lang='lat' dir='ltr'>singulas</span> <span class='ocrx_word' id='word_1_113' title='bbox 1146 1510 1201 1564; x_wconf 84' lang='lat' dir='ltr'>aut</span> <span class='ocrx_word' id='word_1_114' title='bbox 1211 1518 1263 1564; x_wconf 85' lang='lat' dir='ltr'>re·</span> 
     </span>
     <span class='ocr_line' id='line_1_14' title="bbox 105 1594 1262 1686; baseline 0.003 -25"><span class='ocrx_word' id='word_1_115' title='bbox 105 1596 206 1663; x_wconf 74' lang='lat' dir='ltr'>snos</span> <span class='ocrx_word' id='word_1_116' title='bbox 220 1610 463 1667; x_wconf 77' lang='lat' dir='ltr'>transcurrentes</span> <span class='ocrx_word' id='word_1_117' title='bbox 478 1606 646 1686; x_wconf 68' lang='lat' dir='ltr'>detergere,</span> <span class='ocrx_word' id='word_1_118' title='bbox 662 1604 690 1667; x_wconf 91' lang='lat' dir='ltr'>si</span> <span class='ocrx_word' id='word_1_119' title='bbox 705 1612 839 1686; x_wconf 77' lang='lat' dir='ltr'>possent,</span> <span class='ocrx_word' id='word_1_120' title='bbox 857 1594 1092 1680; x_wconf 76' lang='lat' dir='ltr'>contendebaot3</span> <span class='ocrx_word' id='word_1_121' title='bbox 1110 1622 1176 1665; x_wconf 87' lang='lat' dir='ltr'>cun</span> <span class='ocrx_word' id='word_1_122' title='bbox 1191 1621 1262 1684; x_wconf 78' lang='lat' dir='ltr'>pro-</span> 
     </span>
     <span class='ocr_line' id='line_1_15' title="bbox 100 1699 1261 1797; baseline 0.001 -34"><span class='ocrx_word' id='word_1_123' title='bbox 100 1718 103 1723; x_wconf 90' lang='lat'>·</span> <span class='ocrx_word' id='word_1_124' title='bbox 143 1699 209 1783; x_wconf 79' lang='lat' dir='ltr'>pius</span> <span class='ocrx_word' id='word_1_125' title='bbox 224 1713 290 1767; x_wconf 88' lang='lat' dir='ltr'>erat</span> <span class='ocrx_word' id='word_1_126' title='bbox 305 1705 477 1797; x_wconf 79' lang='lat' dir='ltr'>necessario</span> <span class='ocrx_word' id='word_1_127' title='bbox 492 1715 626 1783; x_wconf 86' lang='lat' dir='ltr'>uentum,</span> <span class='ocrx_word' id='word_1_128' title='bbox 642 1699 680 1769; x_wconf 84' lang='lat' dir='ltr'>ab</span> <span class='ocrx_word' id='word_1_129' title='bbox 697 1705 824 1768; x_wconf 86' lang='lat' dir='ltr'>scientia</span> <span class='ocrx_word' id='word_1_130' title='bbox 839 1704 1071 1789; x_wconf 78' lang='lat' dir='ltr'>gubernatorum</span> <span class='ocrx_word' id='word_1_131' title='bbox 1082 1712 1172 1784; x_wconf 85' lang='lat' dir='ltr'>atque</span> <span class='ocrx_word' id='word_1_132' title='bbox 1186 1703 1261 1765; x_wconf 84' lang='lat' dir='ltr'>orti-</span> 
     </span>
     <span class='ocr_line' id='line_1_16' title="bbox 106 1798 1322 1891; baseline 0.004 -27"><span class='ocrx_word' id='word_1_133' title='bbox 106 1798 127 1863; x_wconf 83' lang='grc'><strong>3</strong></span> <span class='ocrx_word' id='word_1_134' title='bbox 143 1803 218 1867; x_wconf 86' lang='lat' dir='ltr'>liciis</span> <span class='ocrx_word' id='word_1_135' title='bbox 233 1805 270 1868; x_wconf 82' lang='lat' dir='ltr'>ad</span> <span class='ocrx_word' id='word_1_136' title='bbox 285 1807 425 1871; x_wconf 84' lang='lat' dir='ltr'>uirtutem</span> <span class='ocrx_word' id='word_1_137' title='bbox 440 1816 649 1871; x_wconf 81' lang='lat' dir='ltr'>montanorum</span> <span class='ocrx_word' id='word_1_138' title='bbox 664 1805 886 1891; x_wconf 74' lang='lat' dir='ltr'>confugiebant.</span> <span class='ocrx_word' id='word_1_139' title='bbox 931 1807 1046 1871; x_wconf 76' lang='lat' dir='ltr'>Nostro·</span> <span class='ocrx_word' id='word_1_140' title='bbox 1059 1824 1145 1887; x_wconf 88' lang='lat' dir='ltr'>quom</span> <span class='ocrx_word' id='word_1_141' title='bbox 1161 1803 1261 1867; x_wconf 87' lang='lat' dir='ltr'>minus</span> <span class='ocrx_word' id='word_1_142' title='bbox 1290 1816 1322 1869; x_wconf 74' lang='lat' dir='ltr'>st</span> 
     </span>
     <span class='ocr_line' id='line_1_17' title="bbox 140 1905 1258 1994; baseline 0 -27"><span class='ocrx_word' id='word_1_143' title='bbox 140 1906 313 1971; x_wconf 78' lang='lat' dir='ltr'>exercitatis</span> <span class='ocrx_word' id='word_1_144' title='bbox 329 1909 490 1993; x_wconf 70' lang='lat' dir='ltr'>remigibus</span> <span class='ocrx_word' id='word_1_145' title='bbox 514 1911 671 1994; x_wconf 82' lang='lat' dir='ltr'>nisusque</span> <span class='ocrx_word' id='word_1_146' title='bbox 693 1909 799 1994; x_wconf 84' lang='lat' dir='ltr'>peritis</span> <span class='ocrx_word' id='word_1_147' title='bbox 821 1907 1070 1992; x_wconf 74' lang='lat' dir='ltr'>gubernatoribus</span> <span class='ocrx_word' id='word_1_148' title='bbox 1085 1905 1258 1984; x_wconf 85' lang='lat' dir='ltr'>utebantur,</span> 
     </span>
     <span class='ocr_line' id='line_1_18' title="bbox 78 2006 1259 2101; baseline 0 -32"><span class='ocrx_word' id='word_1_149' title='bbox 78 2092 81 2101; x_wconf 37' lang='grc' dir='ltr'>Ι</span> <span class='ocrx_word' id='word_1_150' title='bbox 139 2007 190 2089; x_wconf 83' lang='lat' dir='ltr'>qui</span> <span class='ocrx_word' id='word_1_151' title='bbox 205 2020 329 2093; x_wconf 86' lang='lat' dir='ltr'>repente</span> <span class='ocrx_word' id='word_1_152' title='bbox 343 2031 385 2075; x_wconf 85' lang='lat' dir='ltr'>ex</span> <span class='ocrx_word' id='word_1_153' title='bbox 399 2013 549 2078; x_wconf 85' lang='lat' dir='ltr'>onerariis</span> <span class='ocrx_word' id='word_1_154' title='bbox 564 2014 692 2077; x_wconf 74' lang='lat' dir='ltr'>nauibus</span> <span class='ocrx_word' id='word_1_155' title='bbox 707 2023 795 2077; x_wconf 85' lang='lat' dir='ltr'>orant</span> <span class='ocrx_word' id='word_1_156' title='bbox 815 2010 950 2094; x_wconf 83' lang='lat' dir='ltr'>producti</span> <span class='ocrx_word' id='word_1_157' title='bbox 973 2029 1071 2091; x_wconf 87' lang='lat' dir='ltr'>oeque</span> <span class='ocrx_word' id='word_1_158' title='bbox 1085 2008 1154 2071; x_wconf 90' lang='lat' dir='ltr'>dum</span> <span class='ocrx_word' id='word_1_159' title='bbox 1169 2006 1259 2071; x_wconf 78' lang='lat' dir='ltr'>eb&#39;srn</span> 
     </span>
     <span class='ocr_line' id='line_1_19' title="bbox 104 2108 1259 2199; baseline 0.001 -29"><span class='ocrx_word' id='word_1_160' title='bbox 104 2148 107 2153; x_wconf 94' lang='lat'>-</span> <span class='ocrx_word' id='word_1_161' title='bbox 139 2109 294 2176; x_wconf 79' lang='lat' dir='ltr'>ncoabuis</span> <span class='ocrx_word' id='word_1_162' title='bbox 308 2124 559 2179; x_wconf 80' lang='lat' dir='ltr'>armamentorum</span> <span class='ocrx_word' id='word_1_163' title='bbox 567 2115 709 2199; x_wconf 77' lang='lat' dir='ltr'>cognitis,</span> <span class='ocrx_word' id='word_1_164' title='bbox 724 2124 787 2178; x_wconf 85' lang='lat' dir='ltr'>turn</span> <span class='ocrx_word' id='word_1_165' title='bbox 802 2113 893 2176; x_wconf 82' lang='lat' dir='ltr'>etium</span> <span class='ocrx_word' id='word_1_166' title='bbox 908 2112 1050 2175; x_wconf 76' lang='lat' dir='ltr'>tenuitate</span> <span class='ocrx_word' id='word_1_167' title='bbox 1065 2121 1096 2174; x_wconf 90' lang='lat' dir='ltr'>et</span> <span class='ocrx_word' id='word_1_168' title='bbox 1110 2108 1259 2194; x_wconf 74' lang='lat' dir='ltr'>grauitate</span> 
     </span>
     <span class='ocr_line' id='line_1_20' title="bbox 140 2211 1260 2300; baseline -0.003 -25"><span class='ocrx_word' id='word_1_169' title='bbox 140 2211 262 2277; x_wconf 86' lang='lat' dir='ltr'>nauium</span> <span class='ocrx_word' id='word_1_170' title='bbox 277 2214 532 2300; x_wconf 79' lang='lat' dir='ltr'>impediebantora</span> <span class='ocrx_word' id='word_1_171' title='bbox 550 2219 648 2282; x_wconf 83' lang='lat' dir='ltr'>iactae</span> <span class='ocrx_word' id='word_1_172' title='bbox 662 2217 740 2281; x_wconf 83' lang='lat' dir='ltr'>enirn</span> <span class='ocrx_word' id='word_1_173' title='bbox 756 2215 856 2280; x_wconf 86' lang='lat' dir='ltr'>subito</span> <span class='ocrx_word' id='word_1_174' title='bbox 870 2235 911 2279; x_wconf 84' lang='lat' dir='ltr'>ex</span> <span class='ocrx_word' id='word_1_175' title='bbox 926 2213 1043 2277; x_wconf 82' lang='lat' dir='ltr'>bonida</span> <span class='ocrx_word' id='word_1_176' title='bbox 1058 2211 1182 2277; x_wconf 81' lang='lat' dir='ltr'>materia</span> <span class='ocrx_word' id='word_1_177' title='bbox 1197 2230 1260 2273; x_wconf 93' lang='lat' dir='ltr'>non</span> 
     </span>
     <span class='ocr_line' id='line_1_21' title="bbox 103 2312 1315 2399; baseline -0.001 -21"><span class='ocrx_word' id='word_1_178' title='bbox 103 2312 266 2380; x_wconf 78' lang='lat' dir='ltr'>dcundum</span> <span class='ocrx_word' id='word_1_179' title='bbox 281 2338 366 2382; x_wconf 84' lang='lat' dir='ltr'>usum</span> <span class='ocrx_word' id='word_1_180' title='bbox 381 2319 549 2384; x_wconf 70' lang='lat' dir='ltr'>octenniis</span> <span class='ocrx_word' id='word_1_181' title='bbox 564 2319 723 2383; x_wconf 78' lang='lat' dir='ltr'>hebebant.</span> <span class='ocrx_word' id='word_1_182' title='bbox 752 2315 884 2399; x_wconf 87' lang='lat' dir='ltr'>ltaquo‚·</span> <span class='ocrx_word' id='word_1_183' title='bbox 902 2317 971 2379; x_wconf 86' lang='lat' dir='ltr'>dum</span> <span class='ocrx_word' id='word_1_184' title='bbox 993 2317 1079 2380; x_wconf 87' lang='lat' dir='ltr'>locus</span> <span class='ocrx_word' id='word_1_185' title='bbox 1092 2313 1259 2378; x_wconf 85' lang='lat' dir='ltr'>comminus</span> <span class='ocrx_word' id='word_1_186' title='bbox 1281 2322 1315 2377; x_wconf 71' lang='lat' dir='ltr'>tt</span> 
     </span>
     <span class='ocr_line' id='line_1_22' title="bbox 139 2414 1259 2506; baseline -0.003 -26"><span class='ocrx_word' id='word_1_187' title='bbox 139 2420 286 2501; x_wconf 75' lang='lat' dir='ltr'>pugnandi</span> <span class='ocrx_word' id='word_1_188' title='bbox 302 2420 442 2498; x_wconf 84' lang='lat' dir='ltr'>daretur,</span> <span class='ocrx_word' id='word_1_189' title='bbox 467 2442 565 2506; x_wconf 82' lang='lat' dir='ltr'>aequo</span> <span class='ocrx_word' id='word_1_190' title='bbox 587 2421 688 2483; x_wconf 82' lang='lat' dir='ltr'>anino</span> <span class='ocrx_word' id='word_1_191' title='bbox 708 2419 841 2504; x_wconf 73' lang='lat' dir='ltr'>singulos</span> <span class='ocrx_word' id='word_1_192' title='bbox 856 2419 933 2482; x_wconf 89' lang='lat' dir='ltr'>binis</span> <span class='ocrx_word' id='word_1_193' title='bbox 950 2419 1077 2482; x_wconf 83' lang='lat' dir='ltr'>nauibus</span> <span class='ocrx_word' id='word_1_194' title='bbox 1091 2414 1259 2480; x_wconf 86' lang='lat' dir='ltr'>obiciebnnt</span> 
     </span>
     <span class='ocr_line' id='line_1_23' title="bbox 139 2519 1257 2603; baseline -0.003 -24"><span class='ocrx_word' id='word_1_195' title='bbox 139 2528 227 2600; x_wconf 85' lang='lat' dir='ltr'>atque</span> <span class='ocrx_word' id='word_1_196' title='bbox 248 2520 357 2584; x_wconf 89' lang='lat' dir='ltr'>iniecta</span> <span class='ocrx_word' id='word_1_197' title='bbox 380 2542 469 2584; x_wconf 84' lang='lat' dir='ltr'>uranu</span> <span class='ocrx_word' id='word_1_198' title='bbox 492 2524 589 2585; x_wconf 82' lang='lat' dir='ltr'>terrea</span> <span class='ocrx_word' id='word_1_199' title='bbox 604 2532 635 2585; x_wconf 88' lang='lat' dir='ltr'>et</span> <span class='ocrx_word' id='word_1_200' title='bbox 650 2531 767 2585; x_wconf 83' lang='lat' dir='ltr'>retenta</span> <span class='ocrx_word' id='word_1_201' title='bbox 783 2532 909 2603; x_wconf 82' lang='lat' dir='ltr'>utraque</span> <span class='ocrx_word' id='word_1_202' title='bbox 924 2539 1003 2584; x_wconf 80' lang='lat' dir='ltr'>nouo</span> <span class='ocrx_word' id='word_1_203' title='bbox 1017 2519 1128 2583; x_wconf 80' lang='lat' dir='ltr'>diuersi</span> <span class='ocrx_word' id='word_1_204' title='bbox 1144 2538 1257 2601; x_wconf 79' lang='lat' dir='ltr'>pugna·</span> 
     </span>
     <span class='ocr_line' id='line_1_24' title="bbox 136 2615 1256 2706; baseline -0.003 -25"><span class='ocrx_word' id='word_1_205' title='bbox 136 2615 210 2681; x_wconf 89' lang='lat' dir='ltr'>bant</span> <span class='ocrx_word' id='word_1_206' title='bbox 224 2630 313 2704; x_wconf 86' lang='lat' dir='ltr'>atque</span> <span class='ocrx_word' id='word_1_207' title='bbox 327 2623 358 2686; x_wconf 92' lang='lat' dir='ltr'>in</span> <span class='ocrx_word' id='word_1_208' title='bbox 375 2623 502 2688; x_wconf 84' lang='lat' dir='ltr'>bostium</span> <span class='ocrx_word' id='word_1_209' title='bbox 517 2644 611 2688; x_wconf 85' lang='lat' dir='ltr'>naues</span> <span class='ocrx_word' id='word_1_210' title='bbox 625 2622 880 2688; x_wconf 82' lang='lat' dir='ltr'>transcendebant</span> <span class='ocrx_word' id='word_1_211' title='bbox 894 2632 926 2686; x_wconf 87' lang='lat' dir='ltr'>et</span> <span class='ocrx_word' id='word_1_212' title='bbox 940 2641 1047 2706; x_wconf 75' lang='lat' dir='ltr'>magno</span> <span class='ocrx_word' id='word_1_213' title='bbox 1062 2637 1186 2683; x_wconf 84' lang='lat' dir='ltr'>numero</span> <span class='ocrx_word' id='word_1_214' title='bbox 1200 2617 1256 2678; x_wconf 85' lang='grc' dir='ltr'>ΑΙ-</span> 
     </span>
     <span class='ocr_line' id='line_1_25' title="bbox 133 2718 1256 2811; baseline -0.004 -27"><span class='ocrx_word' id='word_1_215' title='bbox 133 2718 272 2786; x_wconf 81' lang='lat' dir='ltr'>bioounns</span> <span class='ocrx_word' id='word_1_216' title='bbox 294 2735 325 2788; x_wconf 89' lang='lat' dir='ltr'>et</span> <span class='ocrx_word' id='word_1_217' title='bbox 348 2734 500 2811; x_wconf 86' lang='lat' dir='ltr'>postorum</span> <span class='ocrx_word' id='word_1_218' title='bbox 522 2727 810 2811; x_wconf 77' lang='lat' dir='ltr'>interiecto-partem</span> <span class='ocrx_word' id='word_1_219' title='bbox 826 2724 948 2789; x_wconf 84' lang='lat' dir='ltr'>nsuiorn</span> <span class='ocrx_word' id='word_1_220' title='bbox 962 2721 1151 2806; x_wconf 82' lang='lat' dir='ltr'>deprimunt,</span> <span class='ocrx_word' id='word_1_221' title='bbox 1180 2739 1256 2781; x_wconf 90' lang='lat' dir='ltr'>non-</span> 
     </span>
     <span class='ocr_line' id='line_1_26' title="bbox 136 2814 1312 2916; baseline -0.003 -28"><span class='ocrx_word' id='word_1_222' title='bbox 136 2824 235 2889; x_wconf 86' lang='lat' dir='ltr'>nullas</span> <span class='ocrx_word' id='word_1_223' title='bbox 251 2846 316 2890; x_wconf 82' lang='lat' dir='ltr'>corn</span> <span class='ocrx_word' id='word_1_224' title='bbox 334 2828 503 2892; x_wconf 84' lang='lat' dir='ltr'>bominibus</span> <span class='ocrx_word' id='word_1_225' title='bbox 518 2830 650 2914; x_wconf 80' lang='lat' dir='ltr'>capiunt,</span> <span class='ocrx_word' id='word_1_226' title='bbox 666 2814 799 2916; x_wconf 83' lang='lat' dir='ltr'>reliquas</span> <span class='ocrx_word' id='word_1_227' title='bbox 813 2826 844 2890; x_wconf 88' lang='lat' dir='ltr'>io</span> <span class='ocrx_word' id='word_1_228' title='bbox 860 2835 975 2910; x_wconf 79' lang='lat' dir='ltr'>portum</span> <span class='ocrx_word' id='word_1_229' title='bbox 989 2819 1183 2905; x_wconf 81' lang='lat' dir='ltr'>compellunt.</span> <span class='ocrx_word' id='word_1_230' title='bbox 1208 2818 1256 2883; x_wconf 84' lang='lat' dir='ltr'>Eo</span> <span class='ocrx_word' id='word_1_231' title='bbox 1278 2831 1312 2885; x_wconf 78' lang='lat' dir='ltr'>tt</span> 
     </span>
     <span class='ocr_line' id='line_1_27' title="bbox 136 2924 1252 3015; baseline -0.008 -24"><span class='ocrx_word' id='word_1_232' title='bbox 136 2926 185 2992; x_wconf 90' lang='lat' dir='ltr'>die</span> <span class='ocrx_word' id='word_1_233' title='bbox 200 2949 294 2993; x_wconf 84' lang='lat' dir='ltr'>naues</span> <span class='ocrx_word' id='word_1_234' title='bbox 303 2927 539 2995; x_wconf 76' lang='lat' dir='ltr'>Massiliensium</span> <span class='ocrx_word' id='word_1_235' title='bbox 554 2951 619 2995; x_wconf 86' lang='lat' dir='ltr'>oum</span> <span class='ocrx_word' id='word_1_236' title='bbox 635 2932 685 3010; x_wconf 86' lang='lat' dir='ltr'>iis,</span> <span class='ocrx_word' id='word_1_237' title='bbox 701 2950 778 3015; x_wconf 85' lang='lat' dir='ltr'>quoe</span> <span class='ocrx_word' id='word_1_238' title='bbox 793 2936 994 3012; x_wconf 69' lang='lat' dir='ltr'>suetonum,</span> <span class='ocrx_word' id='word_1_239' title='bbox 1010 2924 1252 2988; x_wconf 85' lang='lat' dir='ltr'>intereuntvttlt.</span> 
     </span>
     <span class='ocr_line' id='line_1_28' title="bbox 78 3025 1255 3120; baseline -0.008 -23"><span class='ocrx_word' id='word_1_240' title='bbox 78 3026 125 3097; x_wconf 66' lang='lat' dir='ltr'>b!</span> <span class='ocrx_word' id='word_1_241' title='bbox 198 3114 201 3119; x_wconf 19' lang='grc' dir='ltr'>Ι</span> <span class='ocrx_word' id='word_1_242' title='bbox 224 3028 293 3096; x_wconf 89' lang='lat' dir='ltr'>lloo</span> <span class='ocrx_word' id='word_1_243' title='bbox 314 3034 439 3120; x_wconf 79' lang='lat' dir='ltr'>primunr</span> <span class='ocrx_word' id='word_1_244' title='bbox 454 3030 583 3099; x_wconf 81' lang='lat' dir='ltr'>Caesari</span> <span class='ocrx_word' id='word_1_245' title='bbox 604 3034 640 3099; x_wconf 88' lang='lat' dir='ltr'>ad</span> <span class='ocrx_word' id='word_1_246' title='bbox 663 3030 791 3099; x_wconf 83' lang='lat' dir='ltr'>llerdanu</span> <span class='ocrx_word' id='word_1_247' title='bbox 814 3031 987 3109; x_wconf 64' lang='lat' dir='ltr'>nuntiatura</span> <span class='ocrx_word' id='word_1_248' title='bbox 1010 3025 1100 3091; x_wconf 82' lang='lat' dir='ltr'>simul</span> <span class='ocrx_word' id='word_1_249' title='bbox 1121 3025 1255 3108; x_wconf 77' lang='lat' dir='ltr'>perlecto</span> 
     </span>
     <span class='ocr_line' id='line_1_29' title="bbox 99 3127 1254 3227; baseline -0.005 -32"><span class='ocrx_word' id='word_1_250' title='bbox 99 3128 226 3217; x_wconf 78' lang='lat' dir='ltr'>2ponte</span> <span class='ocrx_word' id='word_1_251' title='bbox 241 3136 383 3200; x_wconf 81' lang='lat' dir='ltr'>celeriter</span> <span class='ocrx_word' id='word_1_252' title='bbox 397 3139 517 3227; x_wconf 80' lang='lat' dir='ltr'>fortuna</span> <span class='ocrx_word' id='word_1_253' title='bbox 529 3147 671 3202; x_wconf 83' lang='lat' dir='ltr'>motator.</span> <span class='ocrx_word' id='word_1_254' title='bbox 695 3134 741 3200; x_wconf 95' lang='lat' dir='ltr'>llli</span> <span class='ocrx_word' id='word_1_255' title='bbox 756 3133 909 3220; x_wconf 84' lang='lat' dir='ltr'>perterriti</span> <span class='ocrx_word' id='word_1_256' title='bbox 926 3135 1039 3196; x_wconf 85' lang='lat' dir='ltr'>uirtute</span> <span class='ocrx_word' id='word_1_257' title='bbox 1053 3130 1185 3211; x_wconf 78' lang='lat' dir='ltr'>equiturn</span> <span class='ocrx_word' id='word_1_258' title='bbox 1200 3127 1254 3189; x_wconf 83' lang='lat' dir='ltr'>nri-</span> 
     </span>
     <span class='ocr_line' id='line_1_30' title="bbox 134 3230 1253 3327; baseline -0.004 -31"><span class='ocrx_word' id='word_1_259' title='bbox 134 3252 192 3297; x_wconf 85' lang='lat' dir='ltr'>nns</span> <span class='ocrx_word' id='word_1_260' title='bbox 208 3235 314 3315; x_wconf 85' lang='lat' dir='ltr'>libere,</span> <span class='ocrx_word' id='word_1_261' title='bbox 331 3239 430 3304; x_wconf 87' lang='lat' dir='ltr'>minus</span> <span class='ocrx_word' id='word_1_262' title='bbox 445 3239 589 3305; x_wconf 81' lang='lat' dir='ltr'>audacter</span> <span class='ocrx_word' id='word_1_263' title='bbox 603 3239 808 3327; x_wconf 75' lang='lat' dir='ltr'>uagabantur,</span> <span class='ocrx_word' id='word_1_264' title='bbox 832 3237 908 3300; x_wconf 85' lang='lat' dir='ltr'>alios</span> <span class='ocrx_word' id='word_1_265' title='bbox 928 3253 989 3298; x_wconf 91' lang='lat' dir='ltr'>non</span> <span class='ocrx_word' id='word_1_266' title='bbox 1005 3234 1095 3316; x_wconf 79' lang='lat' dir='ltr'>longo</span> <span class='ocrx_word' id='word_1_267' title='bbox 1110 3252 1128 3294; x_wconf 88' lang='lat' dir='ltr'>a</span> <span class='ocrx_word' id='word_1_268' title='bbox 1144 3230 1253 3293; x_wconf 84' lang='lat' dir='ltr'>castris</span> 
     </span>
    </p>
   </div>
   <div class='ocr_carea' id='block_1_3' title="bbox 131 3413 1252 4252">
    <p class='ocr_par' dir='ltr' id='par_1_3' title="bbox 135 3413 1252 3565">
     <span class='ocr_line' id='line_1_31' title="bbox 245 3413 1252 3484; baseline -0.009 -14"><span class='ocrx_word' id='word_1_269' title='bbox 245 3418 257 3470; x_wconf 93' lang='lat' dir='ltr'>l</span> <span class='ocrx_word' id='word_1_270' title='bbox 274 3434 379 3469; x_wconf 81' lang='lat' dir='ltr'>numero</span> <span class='ocrx_word' id='word_1_271' title='bbox 392 3435 445 3471; x_wconf 84' lang='lat' dir='ltr'>om.</span> <span class='ocrx_word' id='word_1_272' title='bbox 458 3435 484 3483; x_wconf 85' lang='lat' dir='ltr'>a,</span> <span class='ocrx_word' id='word_1_273' title='bbox 499 3426 562 3472; x_wconf 82' lang='lat' dir='ltr'>unta</span> <span class='ocrx_word' id='word_1_274' title='bbox 574 3421 754 3471; x_wconf 80' lang='lat' dir='ltr'>instruxerant</span> <span class='ocrx_word' id='word_1_275' title='bbox 763 3420 846 3484; x_wconf 81' lang='lat' dir='ltr'>ponit</span> <span class='ocrx_word' id='word_1_276' title='bbox 859 3417 882 3466; x_wconf 82' lang='lat' dir='ltr'>b.</span> <span class='ocrx_word' id='word_1_277' title='bbox 1012 3416 1027 3466; x_wconf 86' lang='lat' dir='ltr'>l</span> <span class='ocrx_word' id='word_1_278' title='bbox 1041 3421 1081 3464; x_wconf 83' lang='lat' dir='ltr'>est</span> <span class='ocrx_word' id='word_1_279' title='bbox 1095 3413 1223 3478; x_wconf 80' lang='lat' dir='ltr'>utrimque</span> <span class='ocrx_word' id='word_1_280' title='bbox 1235 3428 1252 3461; x_wconf 89' lang='lat' dir='ltr'>u</span> 
     </span>
     <span class='ocr_line' id='line_1_32' title="bbox 135 3491 1251 3565; baseline -0.004 -19"><span class='ocrx_word' id='word_1_281' title='bbox 135 3494 296 3563; x_wconf 72' lang='lat' dir='ltr'>Stephanus,</span> <span class='ocrx_word' id='word_1_282' title='bbox 311 3497 439 3564; x_wconf 82' lang='lat' dir='ltr'>utriunque</span> <span class='ocrx_word' id='word_1_283' title='bbox 453 3504 494 3549; x_wconf 86' lang='lat' dir='ltr'>ost</span> <span class='ocrx_word' id='word_1_284' title='bbox 504 3499 626 3565; x_wconf 79' lang='lat' dir='ltr'>reliquos</span> <span class='ocrx_word' id='word_1_285' title='bbox 637 3498 698 3548; x_wconf 82' lang='lat' dir='ltr'>add.</span> <span class='ocrx_word' id='word_1_286' title='bbox 713 3497 845 3562; x_wconf 77' lang='lat' dir='ltr'>(utrinqne</span> <span class='ocrx_word' id='word_1_287' title='bbox 858 3493 920 3557; x_wconf 82' lang='lat' dir='ltr'>(ol).</span> <span class='ocrx_word' id='word_1_288' title='bbox 1082 3494 1097 3543; x_wconf 80' lang='lat'>5</span> <span class='ocrx_word' id='word_1_289' title='bbox 1111 3491 1210 3542; x_wconf 78' lang='lat' dir='ltr'>Albioci</span> <span class='ocrx_word' id='word_1_290' title='bbox 1224 3506 1251 3541; x_wconf 86' lang='lat' dir='ltr'>u.</span> 
     </span>
    </p>

    <p class='ocr_par' dir='ltr' id='par_1_4' title="bbox 133 3569 1252 4033">
     <span class='ocr_line' id='line_1_33' title="bbox 243 3569 1248 3633; baseline -0.008 -7"><span class='ocrx_word' id='word_1_291' title='bbox 243 3576 259 3626; x_wconf 91' lang='lat' dir='ltr'>ll</span> <span class='ocrx_word' id='word_1_292' title='bbox 271 3580 336 3628; x_wconf 77' lang='lat' dir='ltr'>nata</span> <span class='ocrx_word' id='word_1_293' title='bbox 348 3578 485 3628; x_wconf 84' lang='lat' dir='ltr'>exercitati</span> <span class='ocrx_word' id='word_1_294' title='bbox 498 3578 561 3628; x_wconf 83' lang='lat' dir='ltr'>add.</span> <span class='ocrx_word' id='word_1_295' title='bbox 576 3586 603 3629; x_wconf 86' lang='lat' dir='ltr'>et</span> <span class='ocrx_word' id='word_1_296' title='bbox 615 3593 632 3627; x_wconf 85' lang='lat' dir='ltr'><em>a</em></span> <span class='ocrx_word' id='word_1_297' title='bbox 641 3579 665 3628; x_wconf 88' lang='lat' dir='ltr'>b.</span> <span class='ocrx_word' id='word_1_298' title='bbox 788 3575 814 3624; x_wconf 86' lang='lat' dir='ltr'>bi</span> <span class='ocrx_word' id='word_1_299' title='bbox 826 3588 843 3622; x_wconf 84' lang='lat' dir='ltr'><em>a</em></span> <span class='ocrx_word' id='word_1_300' title='bbox 856 3570 915 3622; x_wconf 77' lang='lat' dir='ltr'>edd.</span> <span class='ocrx_word' id='word_1_301' title='bbox 931 3576 996 3621; x_wconf 81' lang='lat' dir='ltr'>outo</span> <span class='ocrx_word' id='word_1_302' title='bbox 1007 3569 1071 3622; x_wconf 63' lang='lat' dir='ltr'>Ata„</span> <span class='ocrx_word' id='word_1_303' title='bbox 1084 3570 1248 3633; x_wconf 75' lang='lat' dir='ltr'>Stephanos,</span> 
     </span>
     <span class='ocr_line' id='line_1_34' title="bbox 133 3644 1141 3720; baseline -0.012 -15"><span class='ocrx_word' id='word_1_304' title='bbox 133 3652 153 3705; x_wconf 86' lang='lat' dir='ltr'>ii</span> <span class='ocrx_word' id='word_1_305' title='bbox 168 3652 295 3705; x_wconf 81' lang='lat' dir='ltr'>Alduau.</span> <span class='ocrx_word' id='word_1_306' title='bbox 414 3655 649 3720; x_wconf 68' lang='lat' dir='ltr'>degressiu‘mu.</span> <span class='ocrx_word' id='word_1_307' title='bbox 663 3653 698 3706; x_wconf 80' lang='lat' dir='ltr'>s&#39;.</span> <span class='ocrx_word' id='word_1_308' title='bbox 820 3664 931 3700; x_wconf 75' lang='lat' dir='ltr'>aem-a</span> <span class='ocrx_word' id='word_1_309' title='bbox 947 3650 1017 3699; x_wconf 71' lang='lat' dir='ltr'>‘urae</span> <span class='ocrx_word' id='word_1_310' title='bbox 1032 3644 1141 3697; x_wconf 80' lang='lat' dir='ltr'>omaoa&#39;.</span> 
     </span>
     <span class='ocr_line' id='line_1_35' title="bbox 134 3725 1249 3796; baseline -0.01 -13"><span class='ocrx_word' id='word_1_311' title='bbox 134 3730 302 3783; x_wconf 77' lang='lat' dir='ltr'>leorundero</span> <span class='ocrx_word' id='word_1_312' title='bbox 317 3733 361 3796; x_wconf 84' lang='lat' dir='ltr'>bc,</span> <span class='ocrx_word' id='word_1_313' title='bbox 378 3732 468 3784; x_wconf 79' lang='lat' dir='ltr'>eodan</span> <span class='ocrx_word' id='word_1_314' title='bbox 481 3747 507 3783; x_wconf 84' lang='lat' dir='ltr'>a.</span> <span class='ocrx_word' id='word_1_315' title='bbox 611 3733 629 3785; x_wconf 85' lang='lat'><strong>8</strong></span> <span class='ocrx_word' id='word_1_316' title='bbox 642 3728 748 3796; x_wconf 86' lang='lat' dir='ltr'>donini]</span> <span class='ocrx_word' id='word_1_317' title='bbox 763 3726 803 3779; x_wconf 82' lang='lat' dir='ltr'>driu</span> <span class='ocrx_word' id='word_1_318' title='bbox 820 3731 845 3779; x_wconf 87' lang='lat' dir='ltr'>b.</span> <span class='ocrx_word' id='word_1_319' title='bbox 969 3728 1001 3778; x_wconf 86' lang='lat' dir='ltr'>tu</span> <span class='ocrx_word' id='word_1_320' title='bbox 1012 3725 1177 3790; x_wconf 72' lang='lat' dir='ltr'>decipiebant</span> <span class='ocrx_word' id='word_1_321' title='bbox 1189 3740 1249 3790; x_wconf 72' lang='lat' dir='ltr'>ogo,</span> 
     </span>
     <span class='ocr_line' id='line_1_36' title="bbox 134 3804 1142 3875; baseline -0.008 -18"><span class='ocrx_word' id='word_1_322' title='bbox 134 3808 300 3875; x_wconf 74' lang='lat' dir='ltr'>excipiebant</span> <span class='ocrx_word' id='word_1_323' title='bbox 312 3808 389 3859; x_wconf 78' lang='lat' dir='ltr'>codd.</span> <span class='ocrx_word' id='word_1_324' title='bbox 403 3808 434 3859; x_wconf 77' lang='grc' dir='ltr'>Ρ.</span> <span class='ocrx_word' id='word_1_325' title='bbox 450 3808 509 3859; x_wconf 83' lang='grc'>111.</span> <span class='ocrx_word' id='word_1_326' title='bbox 641 3808 669 3860; x_wconf 92' lang='grc'>11</span> <span class='ocrx_word' id='word_1_327' title='bbox 685 3807 724 3858; x_wconf 89' lang='lat' dir='ltr'>utl</span> <span class='ocrx_word' id='word_1_328' title='bbox 736 3806 858 3867; x_wconf 77' lang='lat' dir='ltr'>Vossius,</span> <span class='ocrx_word' id='word_1_329' title='bbox 874 3813 903 3855; x_wconf 89' lang='lat' dir='ltr'>ut</span> <span class='ocrx_word' id='word_1_330' title='bbox 914 3804 1032 3863; x_wconf 63' lang='lat' dir='ltr'>obedes</span> <span class='ocrx_word' id='word_1_331' title='bbox 1044 3817 1099 3852; x_wconf 82' lang='lat' dir='ltr'>ora.</span> <span class='ocrx_word' id='word_1_332' title='bbox 1115 3817 1142 3850; x_wconf 88' lang='lat' dir='ltr'>u.</span> 
     </span>
     <span class='ocr_line' id='line_1_37' title="bbox 135 3880 1252 3949; baseline -0.006 -13"><span class='ocrx_word' id='word_1_333' title='bbox 135 3885 167 3936; x_wconf 77' lang='grc'>11</span> <span class='ocrx_word' id='word_1_334' title='bbox 181 3886 316 3936; x_wconf 78' lang='lat' dir='ltr'>deterrere</span> <span class='ocrx_word' id='word_1_335' title='bbox 328 3885 402 3949; x_wconf 83' lang='lat' dir='ltr'>ubd,</span> <span class='ocrx_word' id='word_1_336' title='bbox 418 3885 538 3938; x_wconf 82' lang='lat' dir='ltr'>deterere</span> <span class='ocrx_word' id='word_1_337' title='bbox 545 3904 568 3938; x_wconf 90' lang='lat' dir='ltr'>c.</span> <span class='ocrx_word' id='word_1_338' title='bbox 676 3887 707 3938; x_wconf 85' lang='lat' dir='ltr'>ll</span> <span class='ocrx_word' id='word_1_339' title='bbox 719 3886 829 3936; x_wconf 80' lang='lat' dir='ltr'>artidcia</span> <span class='ocrx_word' id='word_1_340' title='bbox 839 3888 905 3935; x_wconf 76' lang='lat' dir='ltr'>‘roas&#39;</span> <span class='ocrx_word' id='word_1_341' title='bbox 912 3882 1053 3949; x_wconf 71' lang='lat' dir='ltr'>ptorsqoo&#39;.</span> <span class='ocrx_word' id='word_1_342' title='bbox 1164 3880 1193 3931; x_wconf 72' lang='lat' dir='ltr'>ld</span> <span class='ocrx_word' id='word_1_343' title='bbox 1208 3897 1252 3929; x_wconf 91' lang='lat' dir='ltr'>no-</span> 
     </span>
     <span class='ocr_line' id='line_1_38' title="bbox 133 3961 1250 4033; baseline -0.003 -19"><span class='ocrx_word' id='word_1_344' title='bbox 133 3963 182 4014; x_wconf 79' lang='lat' dir='ltr'>stri</span> <span class='ocrx_word' id='word_1_345' title='bbox 192 3962 287 4026; x_wconf 77' lang='lat' dir='ltr'>Aldus,</span> <span class='ocrx_word' id='word_1_346' title='bbox 302 3978 354 4014; x_wconf 86' lang='lat' dir='ltr'>cm.</span> <span class='ocrx_word' id='word_1_347' title='bbox 369 3964 431 4013; x_wconf 85' lang='lat' dir='ltr'>ode</span> <span class='ocrx_word' id='word_1_348' title='bbox 440 3964 524 4015; x_wconf 64' lang='lat' dir='ltr'>‘mae’</span> <span class='ocrx_word' id='word_1_349' title='bbox 628 3980 704 4033; x_wconf 82' lang='lat' dir='ltr'>qnosn</span> <span class='ocrx_word' id='word_1_350' title='bbox 712 3964 906 4030; x_wconf 69' lang='lat' dir='ltr'>Ettarttngoue,</span> <span class='ocrx_word' id='word_1_351' title='bbox 922 3979 972 4029; x_wconf 87' lang='lat' dir='ltr'>qno</span> <span class='ocrx_word' id='word_1_352' title='bbox 985 3978 1001 4011; x_wconf 87' lang='lat' dir='ltr'>u</span> <span class='ocrx_word' id='word_1_353' title='bbox 1011 3964 1025 4011; x_wconf 86' lang='grc'>1</span> <span class='ocrx_word' id='word_1_354' title='bbox 1033 3980 1042 4024; x_wconf 86' lang='grc'>,·</span> <span class='ocrx_word' id='word_1_355' title='bbox 1055 3961 1098 4027; x_wconf 87' lang='lat' dir='ltr'>qni</span> <span class='ocrx_word' id='word_1_356' title='bbox 1108 3976 1131 4023; x_wconf 82' lang='lat' dir='ltr'>e,</span> <span class='ocrx_word' id='word_1_357' title='bbox 1147 3962 1212 4025; x_wconf 78' lang='lat' dir='ltr'>qnod</span> <span class='ocrx_word' id='word_1_358' title='bbox 1223 3978 1250 4011; x_wconf 82' lang='lat' dir='ltr'>u.</span> 
     </span>
    </p>

    <p class='ocr_par' dir='ltr' id='par_1_5' title="bbox 131 4038 1251 4252">
     <span class='ocr_line' id='line_1_39' title="bbox 242 4038 1251 4108; baseline -0.003 -16"><span class='ocrx_word' id='word_1_359' title='bbox 242 4039 407 4092; x_wconf 77' lang='lat' dir='ltr'>ltturditate</span> <span class='ocrx_word' id='word_1_360' title='bbox 419 4048 445 4091; x_wconf 85' lang='lat' dir='ltr'>et</span> <span class='ocrx_word' id='word_1_361' title='bbox 457 4042 589 4105; x_wconf 66' lang='lat' dir='ltr'>mutuata</span> <span class='ocrx_word' id='word_1_362' title='bbox 600 4058 628 4107; x_wconf 88' lang='lat' dir='ltr'>a,</span> <span class='ocrx_word' id='word_1_363' title='bbox 642 4043 772 4108; x_wconf 62' lang='lat' dir='ltr'>graoitstc</span> <span class='ocrx_word' id='word_1_364' title='bbox 785 4050 812 4092; x_wconf 84' lang='lat' dir='ltr'>et</span> <span class='ocrx_word' id='word_1_365' title='bbox 824 4040 949 4092; x_wconf 83' lang='lat' dir='ltr'>tardltate</span> <span class='ocrx_word' id='word_1_366' title='bbox 958 4040 1018 4090; x_wconf 79' lang='lat' dir='ltr'>edd.</span> <span class='ocrx_word' id='word_1_367' title='bbox 1125 4038 1251 4089; x_wconf 77' lang='lat' dir='ltr'>ltlsubito</span> 
     </span>
     <span class='ocr_line' id='line_1_40' title="bbox 132 4118 1140 4176; baseline -0.003 -7"><span class='ocrx_word' id='word_1_368' title='bbox 132 4132 186 4169; x_wconf 77' lang='lat' dir='ltr'>om.</span> <span class='ocrx_word' id='word_1_369' title='bbox 202 4118 227 4167; x_wconf 82' lang='grc'>1.</span> <span class='ocrx_word' id='word_1_370' title='bbox 351 4118 475 4169; x_wconf 82' lang='lat' dir='ltr'>unidaa.</span> <span class='ocrx_word' id='word_1_371' title='bbox 597 4122 829 4176; x_wconf 68' lang='lat' dir='ltr'>ttlbabaoranta.</span> <span class='ocrx_word' id='word_1_372' title='bbox 959 4119 1140 4170; x_wconf 81' lang='lat' dir='ltr'>connuniso.</span> 
     </span>
     <span class='ocr_line' id='line_1_41' title="bbox 131 4198 1141 4252; baseline -0.007 -1"><span class='ocrx_word' id='word_1_373' title='bbox 131 4198 167 4251; x_wconf 76' lang='lat'>22</span> <span class='ocrx_word' id='word_1_374' title='bbox 179 4210 245 4246; x_wconf 82' lang='lat' dir='ltr'>naue</span> <span class='ocrx_word' id='word_1_375' title='bbox 257 4211 310 4246; x_wconf 85' lang='lat' dir='ltr'>om.</span> <span class='ocrx_word' id='word_1_376' title='bbox 326 4198 349 4250; x_wconf 84' lang='lat' dir='ltr'>b.</span> <span class='ocrx_word' id='word_1_377' title='bbox 450 4198 579 4250; x_wconf 73' lang='lat' dir='ltr'>tdlslso.</span> <span class='ocrx_word' id='word_1_378' title='bbox 704 4201 739 4252; x_wconf 75' lang='grc'>18</span> <span class='ocrx_word' id='word_1_379' title='bbox 751 4200 835 4251; x_wconf 82' lang='lat' dir='ltr'>minos</span> <span class='ocrx_word' id='word_1_380' title='bbox 847 4200 930 4250; x_wconf 84' lang='lat' dir='ltr'>libere</span> <span class='ocrx_word' id='word_1_381' title='bbox 942 4211 1034 4248; x_wconf 77' lang='lat' dir='ltr'>errore</span> <span class='ocrx_word' id='word_1_382' title='bbox 1046 4211 1099 4246; x_wconf 85' lang='lat' dir='ltr'>om.</span> <span class='ocrx_word' id='word_1_383' title='bbox 1114 4210 1141 4244; x_wconf 81' lang='lat' dir='ltr'>o.</span> 
     </span>
    </p>
   </div>
   <div class='ocr_carea' id='block_1_4' title="bbox 132 4275 1249 4347">
    <p class='ocr_par' dir='ltr' id='par_1_6' title="bbox 132 4275 1249 4347">
     <span class='ocr_line' id='line_1_42' title="bbox 132 4275 1249 4347; baseline -0.004 -15"><span class='ocrx_word' id='word_1_384' title='bbox 132 4277 166 4332; x_wconf 74' lang='grc'>211</span> <span class='ocrx_word' id='word_1_385' title='bbox 179 4276 255 4343; x_wconf 74' lang='lat' dir='ltr'>longe</span> <span class='ocrx_word' id='word_1_386' title='bbox 268 4281 317 4330; x_wconf 82' lang='lat' dir='ltr'>ab.</span> <span class='ocrx_word' id='word_1_387' title='bbox 424 4279 595 4331; x_wconf 71' lang='lat' dir='ltr'>u‘rnss.&#39;cdd.</span> <span class='ocrx_word' id='word_1_388' title='bbox 610 4281 743 4333; x_wconf 69' lang='lat' dir='ltr'>antoAlil.</span> <span class='ocrx_word' id='word_1_389' title='bbox 752 4283 921 4347; x_wconf 68' lang='lat' dir='ltr'>Supinum,-</span> <span class='ocrx_word' id='word_1_390' title='bbox 937 4276 1015 4342; x_wconf 57' lang='lat' dir='ltr'>aua)</span> <span class='ocrx_word' id='word_1_391' title='bbox 1025 4275 1112 4326; x_wconf 48' lang='lat' dir='ltr'>illdata</span> <span class='ocrx_word' id='word_1_392' title='bbox 1121 4292 1146 4339; x_wconf 74' lang='lat' dir='ltr'>rt,</span> <span class='ocrx_word' id='word_1_393' title='bbox 1162 4292 1215 4328; x_wconf 80' lang='lat' dir='ltr'>orn.</span> <span class='ocrx_word' id='word_1_394' title='bbox 1225 4279 1249 4328; x_wconf 86' lang='lat' dir='ltr'>b.</span> 
     </span>
    </p>
   </div>
   <div class='ocr_carea' id='block_1_5' title="bbox 0 0 1350 4688">
    <p class='ocr_par' dir='ltr' id='par_1_7' title="bbox 0 0 1350 4688">
     <span class='ocr_line' id='line_1_43' title="bbox 0 0 1350 4688; baseline 0 2"><span class='ocrx_word' id='word_1_395' title='bbox 0 0 1350 4688; x_wconf 95' lang='lat' dir='ltr'> </span> 
     </span>
    </p>
   </div>
  </div>
 </body>
</html>
