2692 4688
480 176 653 247 COble
675 175 771 246 GAP.
790 176 939 248 tta-17.
1259 181 1325 257 265

147 366 286 421 nostrum
312 354 435 440 primum
469 375 529 418 non
560 353 686 439 amplius
706 352 806 437 quinis
826 364 878 417 aut
899 355 980 418 senis
992 356 1108 421 milibus
1123 378 1265 443 passuum

144 459 322 523 interesset.
905 479 907 482 ⁴

232 559 358 625 interim
374 560 482 624 cotidie
497 556 614 627 Caesar
625 561 766 628 Haeduos
783 566 979 639 frumentum,
1001 566 1077 647 quod
1094 576 1197 630 essent
1210 586 1263 650 pu·
1278 562 1321 635 ld

127 667 225 733 ¹bliee
247 662 389 750 polliciti,
420 663 567 746 llagitare.
605 662 687 729 Nam
711 677 831 752 propter
850 668 980 751 frigora,
1005 669 1082 750 quod
1098 665 1195 733 Gallia
1211 665 1301 734 sub2

108 784 125 832 s
147 766 414 853 septentrionibus,
431 776 465 830 ut
479 778 549 831 ante
563 767 673 832 dictum
688 780 747 848 est,
765 771 862 853 posita
877 780 934 848 est,
951 772 1105 835 nonmodo
1121 772 1269 837 frumenta

144 872 178 937 ia
192 869 278 955 agris
292 880 409 933 matura
423 892 485 933 non
500 880 598 946 erant,
616 871 670 935 sed
686 892 724 936 ne
740 871 838 956 pabuli
853 873 969 957 quidem
986 873 1058 938 satis
1067 893 1173 958 magna
1183 873 1270 959 copia

146 973 341 1060 subpetebat:
360 992 396 1038 eo
411 984 512 1037 autem
528 973 694 1052 lrumeuto,
713 976 790 1058 quod
805 975 926 1039 llumine
940 973 1041 1040 Arare
1057 977 1183 1041 nauibus
1199 975 1303 1043 sub-3

146 1087 290 1155 nexerat,
306 1087 465 1162 propterea
479 1076 521 1140 uti
536 1076 635 1140 minus
651 1087 780 1160 poterat,
801 1078 878 1160 qnod
893 1077 953 1142 iter
968 1078 1005 1141 ab
1020 1079 1120 1143 Arare
1137 1076 1269 1144 Heluetii

150 1190 336 1259 auerterant,
353 1200 373 1243 a
387 1179 495 1263 quibus
510 1178 664 1244 discedere
680 1179 811 1244 nolebat.
842 1178 930 1245 Diem
946 1200 985 1244 ex
1001 1181 1048 1244 die
1064 1182 1171 1246 ducere
1186 1179 1304 1247 ldae-d

93 1295 125 1346 to
148 1284 214 1349 duis
239 1282 385 1362 conferri,
408 1283 598 1366 conportari,
622 1281 729 1346 adesse
745 1283 856 1347 dicere.
888 1280 949 1347 Vbi
963 1305 997 1348 se
1013 1284 1121 1348 diutius
1138 1285 1203 1349 duci
1219 1280 1302 1349 ira-5

148 1385 268 1450 tellexit
281 1396 314 1450 et
328 1385 407 1449 diem
421 1385 556 1462 instare,
573 1405 630 1468 quo
647 1385 694 1448 die
709 1385 890 1450 frumentum
906 1386 1049 1450 militibus
1065 1387 1164 1450 metiri
1179 1407 1267 1472 opor-

149 1498 245 1565 teret,
269 1486 444 1552 conuocatis
466 1507 569 1550 eorum
591 1487 790 1572 principibus,
814 1509 938 1572 quorum
955 1509 1090 1573 magnam
1106 1488 1219 1572 copiam
1234 1489 1268 1554 in

148 1590 257 1654 castus
271 1588 413 1667 babebat,
429 1590 461 1653 in
476 1590 523 1653 his
539 1587 690 1654 Diuitiaco
705 1600 733 1655 et
749 1587 856 1669 Lisco,
880 1591 931 1674 qni
946 1613 1061 1656 summo
1077 1590 1267 1676 magistratui

150 1703 302 1778 praeerat,
319 1712 406 1775 quem
422 1691 628 1776 uergobretum
644 1691 933 1777 appellantldaedui,
949 1694 1001 1778 qui
1015 1705 1134 1759 creatur
1149 1715 1267 1761 annuus

102 1806 131 1858 tt
150 1807 180 1860 et
192 1797 276 1861 uitae
290 1794 435 1878 necisque
448 1794 479 1857 in
494 1815 566 1860 suos
580 1794 669 1860 habet
683 1806 879 1881 potestatem,
906 1798 1041 1882 grauiter
1062 1818 1115 1861 eos
1130 1806 1265 1872 accusat,

148 1900 239 1984 qnod,
256 1919 325 1964 cum
339 1918 437 1980 neque
453 1898 511 1961 emi
527 1918 622 1981 neque
637 1920 678 1963 ex
692 1900 774 1982 agris
789 1900 866 1963 sumi
881 1910 999 1983 posset,
1017 1910 1078 1963 tam
1093 1898 1266 1963 necessario
1280 1894 1303 1962 6

148 2013 297 2085 tempore,
313 2009 371 2063 tam
387 2000 561 2085 propinquis
578 2001 712 2065 hostibus
727 2001 764 2064 ab
778 2000 816 2064 iis
832 2023 892 2064 non
908 2002 1101 2081 sublenetura
1129 2020 1267 2086 praeser-

150 2103 205 2166 tim
228 2122 296 2167 cum
316 2121 422 2188 magna
444 2122 485 2166 ex
506 2115 590 2187 parte
611 2124 714 2168 eorum
729 2104 867 2188 precibus
884 2105 1025 2168 adductus
1040 2106 1148 2169 belluna
1163 2124 1266 2168 susce·

150 2205 247 2291 perit,
271 2205 364 2269 multo
383 2205 473 2269 etiam
488 2207 629 2290 grauius,
655 2206 733 2290 quod
748 2207 790 2270 sit
804 2206 983 2285 destitutus,
1005 2206 1150 2288 queritur.
1188 2204 1269 2269 Tum
1282 2203 1324 2273 17

101 2318 131 2372 td
150 2309 266 2375 demum
280 2304 392 2372 Liscus
408 2309 545 2372 oratione
561 2305 703 2375 Caesaris
718 2311 883 2389 adductus,
908 2308 985 2393 quod
1008 2317 1097 2372 antea
1120 2317 1265 2386 tacuerat,

150 2409 307 2496 proponit:
328 2409 411 2476 Esse
425 2412 604 2490 nonnullos,
628 2434 753 2496 qnorum
775 2412 938 2478 auctoritas
954 2413 1030 2497 apud
1045 2411 1161 2496 plebem
1176 2409 1269 2495 pluri·

150 2535 229 2578 mum
243 2512 354 2592 calm,
373 2513 422 2597 qui
429 2515 567 2597 priuatim
575 2517 640 2599 plus
655 2516 772 2600 possint
794 2538 880 2600 quam
896 2516 952 2599 ipsi
968 2515 1173 2600 magistratus.
1201 2510 1303 2578 Hos2

147 2618 292 2683 seditiosa
305 2627 396 2699 atque
412 2616 546 2701 improba
560 2618 697 2683 oratione
713 2619 930 2683 multitudinem
946 2618 1119 2697 deterrere,
1144 2638 1183 2682 ne
1205 2618 1268 2682 lru·

147 2731 280 2786 mentum
303 2721 479 2798 conferant,
505 2720 583 2807 quod
606 2731 762 2805 praestare
783 2721 926 2787 debeant:
952 2722 979 2784 si
993 2722 1052 2783 iam
1069 2717 1301 2805 principatumi

103 2829 130 2883 2⁵
148 2820 265 2887 Galliae
279 2822 417 2905 optinere
431 2844 491 2887 non
507 2824 635 2906 possint,
653 2821 807 2887 Gallorum
822 2846 908 2907 quam
924 2823 1128 2887 Romanorum
1144 2819 1268 2903 imperia

150 2928 321 3010 praeferre,
338 2945 436 3008 neque
450 2925 586 2990 dubitare
602 2926 771 3011 [debeant],
788 2927 871 3008 quin,
889 2927 916 2989 si
933 2924 1090 2989 lleluetios
1105 2921 1304 3006 superaus-4

148 3028 209 3092 rint
222 3025 373 3105 Romani,
392 3048 451 3091 una
466 3050 534 3091 cum
549 3028 664 3111 reliqua
679 3027 775 3094 Gallia
792 3029 926 3094 Haeduis
941 3028 1109 3091 libertatem
1124 3026 1186 3089 sint
1202 3044 1268 3089 ere·

147 3131 236 3215 ptnri.
278 3128 329 3193 Ab
358 3128 470 3193 eisdem
497 3141 602 3195 nostra
625 3131 749 3195 consilia
778 3152 912 3216 quaeque
935 3131 965 3194 in
991 3130 1098 3193 castris
1121 3123 1301 3212 geranturb

150 3231 284 3297 hostibus
307 3233 476 3297 enuntiaria
507 3233 563 3298 hos
585 3254 605 3298 a
627 3254 661 3298 se
681 3234 818 3297 coerceri
839 3256 900 3298 non
923 3254 1023 3318 posse.
1062 3229 1144 3314 Quin
1164 3224 1303 3311 etiam,6

101 3342 130 3397 tt
149 3335 226 3423 quod
247 3335 503 3400 necessariorem
519 3348 640 3402 coactus
656 3333 784 3401 Caesari
799 3338 972 3415 enuntiarit,
992 3336 1169 3421 intellegere
1183 3353 1266 3414 sese,

255 3561 510 3627 lpassuumom.b.
621 3563 783 3616 deotidioc.
890 3561 1034 3615 Heduosc.
1144 3559 1268 3627 isubpe·

148 3638 307 3704 tebatAcs.
412 3639 642 3692 eodemautsmc.
748 3640 1000 3693 astatadstat.
1104 3636 1266 3693 terttfla-

146 3715 229 3766 duic.
337 3715 370 3767 1⁰
382 3717 583 3781 comportareld
600 3717 874 3784 (conportariADs).
980 3714 1267 3768 ldDeuitiacoccats

146 3808 217 3845 eon.
323 3795 504 3859 magistratus
516 3810 576 3846 carm
585 3801 684 3863 pcuoa'r
696 3797 764 3847 dett.
852 3795 884 3846 tt
896 3801 1019 3860 praeerat
1030 3809 1047 3844 a
1061 3793 1113 3858 (itu
1124 3792 1266 3860 Beyerla'uc

145 3876 337 3938 intsnogctua
350 3874 512 3939 respondit),
526 3882 666 3940 praeerant
679 3876 778 3938 reliqui
789 3872 867 3924 codd.
956 3873 987 3926 to
1000 3873 1085 3941 possit
1098 3872 1264 3936 frumentum,

145 3951 244 4002 tamD.
335 3951 366 4003 17
379 3952 411 4003 ab
424 3952 464 4002 bis
477 3967 504 4002 a.
591 3955 626 4007 22
638 3960 745 4019 possent
759 3955 831 4003 ‘maa
845 3952 935 4003 multa*
947 3967 975 4003 c.
1062 3953 1095 4007 25
1108 3954 1224 4020 optinere
1237 3968 1264 4003 u.

254 4029 355 4096 possint
365 4031 566 4094 Hotomanus,-
578 4039 685 4098 possent
700 4033 773 4082 ‘mss
784 4031 929 4099 plerique',
950 4048 1041 4083 omnes
1053 4032 1223 4096 Scbnsa’dera',
1235 4046 1263 4081 c·

144 4105 175 4156 Ρ.
188 4106 233 4158 85.
350 4108 383 4159 bd
397 4109 530 4176 praeferre
542 4111 618 4176 abs,
631 4110 747 4178 perferre
760 4124 788 4160 u.
904 4109 1138 4177 [debeant]P·52.

145 4183 178 4234 bl
192 4183 290 4235 liednis
303 4201 328 4234 a.
473 4186 507 4240 28
526 4188 618 4240 iisdem
637 4189 689 4252 (c).
818 4189 919 4256 nestra]
933 4206 966 4242 an
979 4206 1006 4251 a,
1021 4197 1108 4242 autem
1121 4191 1145 4240 b.

147 4259 180 4312 30
194 4262 368 4315 neeessariam
382 4279 434 4315 ram
447 4264 472 4315 A
483 4263 590 4317 ensa
600 4266 662 4331 bas,
678 4266 827 4317 necessaria
840 4283 868 4317 re
880 4269 969 4334 Boag.
985 4283 1037 4318 sse.
