2692 4688
493 154 960 234 condatensem-'tt
1278 162 1341 233 tut

163 354 279 422 qanme
294 334 391 398 locum
406 344 568 419 caperent,
591 336 726 420 reliquae
747 336 812 401 lere
832 352 936 400 omues
960 335 1158 402 reicerentur.
1199 334 1321 421 Quasb

165 460 232 502 cam
245 437 425 520 aliquamdiu
434 433 552 501 Caesar
566 439 675 502 irustrn
691 449 894 523 expectasset,
912 459 950 502 ue
965 440 1036 503 anni
1052 449 1218 524 tempores
1233 459 1287 505 aa·

165 541 320 624 rigatione
342 540 573 619 excluderetur,
606 542 683 624 quod
705 540 923 624 aequinoctium
946 541 1086 621 suberat,
1113 542 1286 607 necessario

165 642 322 727 angustius
337 642 448 706 milites
463 643 633 707 conlocauit
648 663 807 707 aerumma
819 643 1033 726 tranquillitate
1048 632 1323 723 consecramus

129 758 145 808 5
167 744 262 809 cunda
277 745 353 807 inita
368 764 434 807 eum
451 745 594 809 uoluisset
609 746 725 830 uigilia,
742 746 835 831 prima
852 748 918 810 luce
933 748 1155 833 terramattigit
1169 758 1288 811 nunna·

165 868 222 931 quc
236 848 403 912 incolumes
419 866 510 911 naues
526 848 678 931 perduxit.

251 946 415 1014 Subductis
439 950 567 1014 nauibus
589 950 774 1034 concilioque
790 947 946 1014 Gallorum
963 947 1197 1016 Samarobriuae
1219 968 1286 1035 per·
1298 948 1344 1019 24

166 1061 253 1130 acto,
280 1052 358 1136 quod
380 1073 418 1117 eo
440 1073 520 1116 anuo
537 1053 715 1117 frumentum
731 1054 761 1115 in
777 1050 877 1116 Gallia
893 1063 1014 1137 propter
1029 1055 1178 1117 siccitates
1195 1072 1289 1138 augn-

167 1155 448 1236 stiuaqtroueuerat,
465 1166 589 1220 coaetus
604 1166 653 1220 cst
666 1156 755 1220 aliter
765 1156 1106 1239 aesuperioribusaunis
1123 1155 1294 1219 exereitum·

112 1266 145 1319 tt
167 1255 199 1319 in
213 1256 349 1320 bibernis
372 1257 532 1322 conlocare
553 1259 748 1341 legionesque
768 1257 799 1319 in
823 1258 922 1341 pluras
939 1258 1077 1323 ciuitates
1094 1258 1285 1322 distribuere.

166 1356 219 1421 Ex
240 1358 347 1441 quibus
369 1379 456 1422 uuam
479 1361 510 1423 iu
525 1358 665 1424 Morinos
688 1361 850 1424 ducendam
867 1358 946 1423 Gaio
961 1359 1055 1424 Fabio
1078 1363 1179 1444 legato
1194 1357 1325 1438 dedite

167 1459 290 1524 alteram
313 1462 344 1524 iu
359 1459 493 1526 Neruios
516 1460 631 1545 Quinto
654 1459 816 1541 Ciceroni,
840 1465 960 1526 tertium
983 1462 1013 1526 iu
1037 1462 1169 1527 Esunios
1191 1459 1289 1527 Lucio

166 1562 300 1641 lluseioq
322 1575 457 1647 quartam
481 1565 511 1628 iu
527 1563 632 1629 Remis
654 1584 721 1629 eum
736 1564 808 1629 'rito
822 1562 960 1629 Labieno
981 1566 1013 1628 iu
1028 1564 1157 1629 confinio
1171 1564 1289 1631 'l'reue-

167 1667 412 1731 rurumbietuare
425 1666 531 1747 iussit,
549 1677 611 1730 tres
626 1665 769 1751 inbelgis
784 1668 975 1732 conlocauit:
993 1668 1039 1731 bis
1049 1665 1183 1733 Marcum
1193 1664 1288 1733 Cras·
1303 1664 1324 1731 3

112 1776 146 1829 tu
167 1788 232 1831 sum
254 1779 444 1851 quaestorem
468 1779 497 1834 et
514 1766 639 1833 Lucium
655 1766 826 1834 Munatium
841 1768 986 1834 Plancum
1003 1779 1034 1834 et
1048 1767 1157 1834 Gaium
1172 1768 1289 1834 Trebo-

168 1871 251 1933 nium
266 1871 383 1956 legatos
397 1872 553 1956 praefecit.
585 1870 683 1935 Vnam
700 1873 860 1956 legionem,
878 1893 965 1956 quam
982 1873 1119 1957 proxime
1134 1881 1217 1935 trans
1228 1867 1325 1935 ΡΜ

169 1972 240 2034 dum
254 1974 492 2058 conscripserat,
516 1984 548 2038 et
562 1975 702 2039 cobortes
716 1982 740 2036 v
755 1974 785 2036 in
801 1973 983 2053 Eburones,
1000 1996 1125 2058 quorum
1141 1994 1211 2059 pars
1225 1993 1289 2036 ma·

170 2073 257 2136 xima
270 2084 318 2137 est
331 2075 409 2141 inter
422 2074 541 2141 Mosam
557 2098 593 2140 ae
608 2074 767 2154 liberum,
785 2076 833 2159 qni
850 2075 905 2139 sub
921 2077 1045 2161 imperio
1061 2076 1243 2159 Ambiorigis
1258 2084 1291 2139 et

169 2171 331 2241 Catuuolci
346 2189 443 2256 mant,
460 2181 552 2244 misit.
585 2178 642 2243 llis
659 2178 801 2242 militibus
818 2176 960 2261 Quintum
976 2178 1127 2241 Titurium
1146 2175 1288 2241 Sabinum
1304 2174 1325 2239 b

109 2288 146 2344 2⁰
169 2290 201 2342 et
215 2276 344 2343 Lucium
354 2281 586 2346 Aurunculeium
597 2279 718 2346 Cottam
735 2283 850 2365 legatos
867 2300 1007 2365 praeessu
1023 2280 1123 2342 iussit.
1149 2277 1196 2340 Ad
1212 2274 1326 2340 buueii

173 2381 289 2445 mudum
311 2381 478 2448 distributis
500 2384 668 2469 legionibus
691 2384 839 2448 facillume
855 2384 973 2467 inopiae
990 2381 1205 2445 lcumentariae
1220 2398 1288 2444 sese

170 2483 282 2548 mederi
296 2504 385 2569 posse
401 2486 598 2550 existimauit.
636 2487 736 2569 Atque
758 2488 861 2551 barum
878 2496 976 2550 tamen
993 2486 1122 2549 omnium
1138 2484 1288 2569 legionum
1303 2479 1325 2545 7

171 2585 294 2651 hiberna
310 2596 523 2670 praeteream,
540 2610 627 2671 qnam
644 2586 861 2654 Lucioliouciu
875 2590 906 2653 iu
923 2589 1140 2674 pacatissimum
1158 2598 1189 2652 et
1203 2585 1287 2670 quie·

169 2688 314 2752 tissimum
330 2699 445 2773 partem
460 2690 623 2755 ducendam
639 2692 773 2770 dederat,
790 2693 907 2757 milibus
923 2688 1061 2776 passuum
1077 2701 1197 2754 centum
1214 2708 1287 2752 con-

109 2802 145 2857 25
170 2789 351 2856 urebantur.
394 2789 464 2877 lpse
487 2793 625 2872 interea,
650 2796 746 2877 quoad
768 2795 902 2879 legiones
923 2794 1093 2857 conlocatas
1117 2787 1325 2872 munitaque8

170 2892 297 2959 bitem
310 2896 525 2979 cognouisset,
541 2897 572 2960 iu
588 2894 688 2963 Gallia
703 2897 814 2963 morari
831 2897 999 2962 constitnit.
1031 2893 1108 2957 Erat
1122 2893 1154 2957 in
1170 2887 1324 2960 carun-2

280 3075 292 3128 1
306 3076 471 3129 reicerentur
482 3094 496 3128 e
503 3115 512 3142 ,
526 3079 700 3131 redderentur
711 3080 736 3130 Β
749 3079 822 3130 ‘msa
830 3081 896 3145 sere
909 3074 1017 3129 omuee'.
1126 3077 1144 3126 2
1157 3078 1292 3140 expectas·

171 3155 258 3206 netB.
364 3158 591 3221 aum.de,etc.
695 3158 873 3209 leontooauit
884 3158 917 3207 B.
1029 3150 1292 3218 nummamtrauqnil·

170 3231 272 3284 litate!
285 3242 441 3286 consecutos
454 3250 468 3285 e
480 3240 508 3286 at
522 3236 627 3302 §sorsum
640 3233 682 3286 d’.
788 3238 803 3286 b
816 3236 881 3287 inita
895 3250 947 3287 um.
962 3235 1037 3302 des.
1137 3230 1243 3296 attingit
1254 3230 1290 3281 Β.

281 3313 297 3365 i
312 3312 495 3365 Samarabriae
508 3329 578 3366 eurr.
592 3316 630 3377 B,
646 3312 845 3365 Samorobrinae
859 3315 884 3365 b.
1058 3313 1074 3365 8
1087 3328 1137 3379 quo
1149 3325 1217 3361 auno
1230 3308 1293 3359 Fle-

170 3388 302 3441 dcsrdcs.
407 3391 433 3441 in
447 3389 534 3441 Gallia
546 3406 600 3441 om.
614 3390 696 3441 idem.
801 3388 939 3457 bae]ab.
1063 3388 1247 3441 lllnootoeare'
1258 3383 1292 3435 tt.

281 3468 309 3520 11
326 3467 429 3534 qulbus]
443 3469 483 3518 luit
495 3468 677 3521 qudoardss.
783 3468 847 3521 Gaio
861 3471 900 3532 B,
915 3470 945 3518 C.
959 3484 987 3519 tt.
1101 3468 1132 3519 12
1146 3466 1242 3532 Quinto
1254 3465 1291 3529 Β,

171 3546 204 3613 Q.
216 3563 246 3597 aa.
351 3546 464 3599 Bennios
478 3547 517 3600 W
515 3549 613 3599 titum
621 3586 629 3611 ,
644 3546 743 3598 Euenos
756 3548 832 3599 codd.
847 3553 876 3597 et
885 3546 1066 3599 Flodourdue.
1159 3543 1239 3594 Lucio
1251 3543 1290 3606 Β,

168 3624 244 3677 bu.
353 3626 385 3678 13
398 3624 508 3690 Titos,
524 3624 558 3678 Τ.
572 3640 601 3677 aa.
706 3625 881 3677 ‘l'reberorum
895 3618 1294 3688 mmnsupmumreuiro-

170 3718 228 3755 mu
239 3703 423 3756 Ftodoardm.
528 3706 561 3759 id
574 3705 600 3756 itt
614 3704 767 3768 Relglcde.
780 3705 810 3755 P.
825 3704 869 3755 79.
992 3701 1140 3753 conlocauit
1153 3700 1186 3749 Β.

171 3778 288 3834 blarcuna
301 3782 339 3845 B,
354 3779 390 3833 tl.
405 3797 432 3832 aa.
540 3784 569 3834 15
584 3789 747 3850 quaestorem
762 3783 868 3848 &orsum
882 3779 925 3844 d'‚·
940 3798 992 3832 om.
1008 3797 1031 3844 e,
1047 3779 1170 3845 Quintum
1182 3778 1293 3844 reliqui.

171 3858 204 3909 Ρ.
218 3858 261 3911 81.
379 3867 407 3911 et
418 3858 449 3910 L.
464 3859 547 3927 (Β)η.
669 3858 808 3912 dionisium
823 3863 862 3912 B:
877 3859 1037 3924 ‘Municiunq
1052 3857 1198 3922 Minatium,
1211 3854 1296 3908 biinu-

170 3933 412 4000 emmila-cotan
425 3936 499 3987 mss'.
605 3936 696 3988 Gaium
709 3939 747 4001 B,
763 3938 793 3988 C.
808 3954 836 3989 u.
932 3934 1292 3998 leatuoleiB‘mss.ll',

171 4014 343 4067 Cetinulciat.
369 4014 735 4081 Vsd.a.2o,t.t'1,3t,5.
843 4015 1105 4082 QuintumIl,Q.at.
1196 4010 1295 4066 illisu·

172 4092 240 4143 einen
252 4092 291 4155 B,
306 4089 338 4141 l..
351 4106 379 4141 u.
540 4092 675 4159 praeesse]
689 4109 747 4145 esse
761 4094 807 4145 lle.
958 4095 988 4145 ll
1006 4093 1138 4145 lucillume
1151 4092 1185 4143 A.

173 4170 207 4223 23
221 4168 302 4220 Lucio
316 4169 353 4232 Β,
368 4167 400 4219 1..
415 4184 443 4219 u.
550 4167 645 4221 Rustic
658 4173 689 4221 Β.
807 4171 841 4223 tt
853 4172 977 4222 mililibns
990 4176 1055 4221 unte
1068 4182 1139 4221 corr.
1154 4168 1186 4218 Β.

173 4247 206 4298 25
219 4246 380 4310 (conlocatas
393 4244 431 4313 B)
444 4245 602 4296 collocasset
615 4245 660 4296 be.
808 4245 840 4297 te
854 4245 879 4296 iu
894 4245 1005 4297 Galliam
1022 4261 1045 4294 e.
1196 4240 1293 4292 Carnu·
