2692 4688
82 180 148 253 add
476 176 535 249 ott
556 174 703 246 tutto
725 173 914 248 odanco

140 356 324 438 praefuerat,
334 352 514 429 unmeziis,
524 347 1262 437 quilegatidepaceadCaesarcmuenecant,nun·

141 457 214 523 tium
223 456 259 520 ad
276 457 452 537 summittit,
469 457 528 521 nisi
537 454 699 520 subsidium
709 455 765 520 sibi
773 454 977 534 submittatur,
995 472 1063 517 sese
1077 451 1262 518 diutiussus·

104 559 127 630 'l
142 558 240 624 tinere
256 580 315 623 non
324 580 424 645 posse.
471 556 520 622 Eo
535 561 572 623 de
587 557 684 622 media
699 552 912 623 noctcCaesar
925 556 1019 621 isdem
1036 555 1159 620 ducibus
1176 575 1260 635 usus,

139 661 189 746 qni
205 662 301 726 nuntii
316 661 354 725 ab
370 660 450 727 Iccio
466 673 622 739 uenerant,
639 659 784 725 Numidas
798 670 828 724 et
837 657 947 727 Cretas
958 658 1133 744 sagittarios
1149 659 1264 723 11111·

103 762 127 830 2
141 765 253 829 ditores
268 762 412 829 Baleares
427 764 560 828 subsidio
576 763 728 848 oppidanis
743 763 848 842 mittit3
866 784 992 846 quorum
1008 762 1138 825 aduentu
1153 758 1262 825 11111-
1283 772 1299 823 a

140 866 197 931 nris
212 888 278 932 cum
294 888 347 951 spe
363 868 546 931 detensionis
561 867 690 931 studium
714 866 918 951 propugnandi
940 864 1089 941 accessit,
1113 873 1145 927 et
1167 863 1264 928 bosti-

104 965 197 1032 3bus
213 970 314 1034 eadem
330 969 367 1033 de
380 990 470 1034 causo
486 991 555 1052 spes
571 968 703 1054 potiundi
712 969 812 1055 oppidi
824 967 972 1032 discessit.
997 963 1103 1049 ltaque
1111 963 1265 1049 paulisper

139 1072 218 1156 apud
233 1072 370 1156 oppidum
385 1072 493 1136 morati
508 1093 656 1158 agrosque
670 1069 834 1136 Remorum
851 1068 1018 1154 depopulati
1033 1068 1169 1132 omnibus
1184 1066 1263 1132 uicis

139 1173 363 1257 aedificiisque,
387 1196 461 1258 quos
484 1175 567 1239 adire
589 1184 767 1259 potuerant,
792 1172 923 1237 incensis
944 1173 982 1237 ad
1005 1181 1104 1236 castra
1119 1164 1264 1235 Caesaris

141 1276 280 1340 omnibus
297 1278 390 1361 copiis
406 1279 628 1342 contenderunt
644 1287 675 1341 et
689 1277 725 1340 ab
741 1275 861 1340 milibus
877 1295 1016 1358 passuum
1033 1273 1130 1336 minus
1146 1273 1263 1339 duobus
1286 1282 1320 1338 11

104 1374 242 1442 dcastra
257 1388 439 1463 posu'ernnt3
465 1401 541 1464 quac
557 1391 675 1457 castra,
694 1390 727 1444 ut
742 1381 821 1443 fumo
837 1388 926 1462 atque
940 1377 1059 1460 ignibus
1074 1373 1264 1458 significabu-

104 1475 129 1547 8
145 1489 206 1556 tur,
223 1480 349 1563 amplius
365 1480 483 1544 milibus
499 1503 638 1565 passuum
654 1492 723 1545 octo
739 1482 770 1544 in
791 1481 975 1546 latitudinem
998 1479 1150 1562 patebant.
1181 1472 1263 1542 Cac-

140 1599 193 1644 sar
214 1581 308 1664 primo
332 1593 362 1645 et
384 1592 506 1666 propter
526 1583 746 1647 multitudinem
770 1582 898 1647 bostium
922 1591 953 1645 et
974 1591 1097 1666 propter
1118 1578 1264 1643 eximiam

104 1679 311 1766 dupiniouom
329 1684 450 1748 uirtutis
466 1685 580 1769 proelio
596 1686 793 1770 supersedere
809 1684 926 1762 statuit,
943 1685 1053 1747 cotidie
1062 1694 1162 1747 tamen
1170 1700 1263 1766 eque

140 1783 252 1849 stribns
268 1786 400 1869 proeliis,
419 1787 486 1870 quid
503 1787 599 1852 bostis
615 1789 728 1852 uirtute
742 1798 844 1872 posset
864 1797 896 1850 et
918 1787 987 1870 quid
999 1787 1095 1850 nostri
1103 1785 1262 1864 auderem,
1285 1792 1318 1849 tu

104 1883 125 1950 3
139 1887 375 1972 periclitabatur.
402 1887 459 1953 Vbi
476 1901 596 1955 nostros
612 1913 672 1955 non
687 1911 757 1955 esse
772 1891 931 1954 inferiores
947 1889 1108 1967 intellexit,
1126 1888 1192 1953 loco
1206 1908 1263 1973 pre

140 1990 249 2052 castris
264 1990 301 2053 ad
316 1991 412 2054 aciem
427 1990 630 2058 instruendam
647 2004 755 2057 natura
769 2003 934 2076 opportuno
949 1993 1167 2075 atqueidoneo,
1184 1989 1264 2075 quod

139 2089 167 2155 is
183 2090 280 2169 collis,
297 2093 347 2156 ubi
362 2105 464 2158 castra
481 2096 577 2179 posita
593 2107 691 2171 erant,
720 2097 869 2180 paululum
884 2115 926 2158 ex
940 2094 1067 2178 planicie
1083 2094 1181 2158 editus
1195 2103 1265 2159 tau·

139 2201 203 2256 tum
218 2195 364 2260 aduersus
379 2197 412 2261 in
427 2198 612 2263 latitudinem
629 2197 761 2283 patebat,
783 2207 925 2281 quantuni
942 2197 999 2261 loci
1015 2196 1096 2260 acies
1112 2196 1264 2261 instructa

140 2317 287 2382 occupare
303 2309 440 2383 poterat,
462 2311 551 2384 atque
567 2321 608 2364 ex
630 2314 755 2385 utraque
771 2313 855 2385 parte
871 2300 974 2365 lateris
987 2299 1120 2363 deiectus
1137 2297 1266 2365 hahebat
1285 2308 1322 2366 tt

140 2409 170 2464 et
185 2399 215 2463 in
232 2402 359 2464 frontem
375 2402 484 2465 leniter
498 2403 656 2485 fastigatus
672 2401 810 2487 paulatim
827 2403 864 2466 ad
886 2401 1043 2486 planiciem
1064 2400 1200 2481 redibat,
1223 2400 1263 2465 ab

142 2511 270 2584 utroque
285 2502 380 2567 latere
396 2503 460 2567 eius
475 2503 561 2567 collis
577 2514 780 2569 transuersam
796 2506 906 2567 fossam
924 2504 1051 2568 obduxit
1063 2503 1185 2568 circiter
1193 2523 1264 2587 pas·

104 2601 227 2667 dsuum
249 2604 533 2686 quadringentorum
556 2607 645 2670 etad
668 2616 821 2671 extremas
844 2609 942 2671 iussas
964 2606 1090 2671 castella
1105 2604 1263 2670 constituit

139 2703 239 2789 ibique
256 2713 403 2772 tormenta
418 2706 605 2789 conlocauit,
630 2730 689 2790 nc,
711 2731 777 2775 cum
799 2710 894 2775 aciem
909 2708 1122 2787 instruxisset,
1142 2706 1261 2786 tnta,

249 2925 261 2977 l
277 2932 398 2992 praeerat
409 2924 473 2978 DE.
579 2943 646 2978 nnus
658 2927 845 2993 Flodoardua,
860 2942 938 2979 nnum
951 2925 1028 2977 codd.
1044 2925 1179 2977 Caesam.

139 3016 173 3053 ex
185 3003 226 3053 bis
238 3004 264 3054 A
272 3007 318 3068 (B)
327 3003 623 3071 consummantur,
640 3021 672 3059 ax
685 3008 736 3058 biis
749 3007 783 3058 ld.
937 3004 1055 3054 nuntium
1068 3001 1146 3054 codd.
1159 2998 1263 3052 atsto·

139 3077 257 3131 dourdua
265 3119 274 3146 ,
288 3082 392 3133 nuntios
404 3082 494 3134 Aldus
506 3098 534 3134 u.
691 3086 708 3138 2
719 3085 752 3134 ad
767 3099 824 3134 enm
838 3098 890 3133 om.
906 3081 930 3132 b.
1077 3081 1129 3133 sibl
1141 3080 1264 3132 mittatur

140 3156 197 3209 boa
208 3158 388 3211 Flodocrdus.
505 3162 520 3213 d
534 3161 657 3228 ledeos,
669 3163 769 3214 hisdem
782 3163 809 3214 A
815 3163 871 3213 od
877 3198 886 3225 ,
900 3161 1010 3212 ibisdcm
1023 3159 1139 3210 11111111
1152 3159 1187 3210 B.
1211 3156 1260 3210 Eu

139 3233 200 3286 Cio
219 3239 335 3302 exempl.
354 3239 435 3290 Febr.
456 3242 484 3288 ct
502 3238 583 3290 isdem
596 3245 622 3290 ct
635 3240 734 3291 hisdem
748 3242 879 3305 affertur.
1018 3239 1033 3288 b
1050 3232 1264 3302 balearcsqnaB

138 3314 214 3364 ‘arsa
228 3314 263 3366 d'.
376 3317 391 3366 7
405 3316 522 3382 potiundi
534 3331 594 3366 cum
607 3332 621 3367 c
634 3333 744 3382 supera
758 3334 810 3368 rec.
824 3332 861 3367 m.
870 3318 964 3383 posita
976 3314 1015 3378 B,
1029 3314 1145 3382 potiendi
1160 3314 1260 3365 earn.

133 3405 181 3458 pr.
195 3392 231 3443 A.
352 3391 571 3460 daedidciisqnc]
587 3392 721 3445 Remorum
734 3394 798 3445 add.
815 3409 852 3444 m.
864 3408 908 3458 pr.
923 3394 958 3444 A.
1104 3405 1169 3457 qnos
1181 3389 1265 3455 ΑΨ)

140 3466 241 3529 CDE,
256 3482 305 3532 quo
319 3466 547 3532 oJFtodoardus.
574 3469 636 3522 Vin.
655 3471 712 3522 Cic.
727 3471 803 3523 Fam.
820 3470 854 3534 V,
876 3470 925 3532 21,
940 3471 955 3519 b
969 3467 1039 3518 etde
1057 3472 1115 3520 stat.
1130 3467 1205 3518 door.
1218 3465 1263 3530 11,

138 3543 188 3607 12,
205 3542 263 3594 lib·
395 3553 534 3612 potnerunt
545 3546 600 3597 AB
609 3545 646 3607 D,
659 3552 780 3614 poterant
792 3546 862 3610 lies
869 3544 1049 3597 Flodoardus.
1156 3542 1188 3597 10
1201 3556 1266 3594 σοι·

137 3618 277 3670 tenderent
292 3619 323 3670 C.
425 3624 477 3675 aC
489 3623 670 3676 Flodourdua.
787 3624 816 3676 ll
833 3632 861 3676 ut
874 3640 907 3676 cx
921 3623 990 3676 lirum
1003 3626 1114 3690 igneque
1127 3624 1152 3674 b.

141 3697 173 3754 12
185 3698 324 3750 latitudine
338 3700 362 3750 b.
486 3702 518 3754 13
532 3702 663 3770 eximiam]
678 3702 780 3753 nimium
793 3717 829 3752 m.
843 3718 885 3767 pr.
900 3703 935 3754 A.
1065 3703 1097 3755 lb
1112 3700 1220 3752 uirtutis
1232 3698 1263 3752 δ.

241 3776 272 3829 ld
286 3777 495 3844 periclitabatur]
510 3779 740 3830 sollicitationibus
753 3779 908 3844 exquirebat
929 3780 995 3832 011
1005 3779 1091 3847 ides
1104 3785 1132 3830 at
1143 3794 1180 3830 aa·
1195 3792 1263 3840 m..

140 3865 209 3918 puae
228 3855 429 3919 periclitabatur
441 3855 559 3918 deleuit,
573 3858 607 3905 B.
751 3855 783 3908 17
796 3862 921 3922 oportuno
934 3857 967 3908 B.
1108 3856 1140 3909 18
1154 3855 1265 3924 planitie

139 3943 176 3980 aa.
189 3945 233 3996 pr.
246 3932 281 3981 B.
402 3934 486 3983 editos
499 3949 559 3983 cum
572 3950 589 3984 1
602 3948 683 3999 super
694 3948 709 3984 o
721 3935 756 3986 B.
872 3935 916 3987 20
929 3933 1069 4002 occuparo]
1084 3943 1177 3988 tenere
1188 3935 1262 4002 eds.

259 4005 370 4058 deiectis
382 4021 443 4057 oum
456 4023 472 4057 1
485 4022 567 4072 super
579 4009 613 4059 tis
626 4009 659 4060 B.
799 4009 830 4063 21
846 4008 871 4060 11
888 4009 997 4062 frontem
1010 4013 1036 4063 A
1043 4011 1171 4077 BODE,
1186 4012 1261 4065 irca-

140 4089 192 4135 tem
205 4081 324 4148 (omisso
337 4082 507 4148 in)bcdcs;
529 4084 560 4136 P.
580 4087 624 4138 dd.
829 4087 968 4153 instigatus
989 4091 1095 4156 Addam,-
1114 4092 1265 4159 castigatas

137 4161 234 4222 codd„
255 4161 430 4217 mauors
449 4161 513 4214 add.
527 4171 669 4230 castratus,
687 4165 761 4233 quod
772 4168 801 4217 in
815 4167 838 4218 B
850 4167 968 4219 dulcium
980 4174 1031 4220 ast.
1173 4171 1262 4223 redie-

138 4240 263 4293 batAD.
365 4242 397 4297 21
409 4240 558 4293 conlocauit
568 4242 601 4295 tt.
