2684 4694
519 195 840 263 -133—

109 371 261 455 attingere
284 389 344 433 noo
366 368 470 450 licere,
494 368 573 433 idem
596 370 633 434 de
654 391 718 455 rep.
742 368 785 450 ii,
815 369 866 451 13,
888 371 930 437 25
946 394 1010 438 eam
1026 373 1084 438 iam
1099 371 1229 438 Numam

108 494 211 560 regem
227 473 265 537 de
279 473 405 555 inperio
420 494 475 536 suo
492 472 608 536 tulisse.
645 470 824 538 Incredibile
844 487 893 539 est
906 476 997 558 igitur
1012 473 1139 542 Caesari
1156 477 1233 540 hano

109 597 185 654 rem,
204 596 281 659 quac
296 576 511 658 antiquissimis
527 574 706 660 reipublicae
721 576 868 640 institutis
884 578 1101 657 contineretur,
1118 578 1233 664 superi·

109 679 213 744 oribus
228 679 317 742 annis
332 679 481 742 accidisse
496 679 591 742 uisam
607 698 686 742 esse.
718 674 868 762 Magister
882 679 931 742 hic
945 689 975 742 et
989 680 1188 762 ignorantiam
1204 690 1234 744 et

108 781 248 847 accidere
262 781 334 844 illud
350 801 435 845 suum
450 781 565 845 retulit.
590 778 652 844 lam
670 801 696 843 c.
714 779 736 844 7
751 781 835 864 plura
851 781 982 845 eiusdem
997 782 1119 868 generis
1128 783 1233 865 depre-

110 885 279 951 tenuimus.
302 881 436 946 Primum
451 882 594 947 inuerbis
610 881 670 966 §.3
687 880 820 946 ‘Nouum
831 882 1019 968 iorepnbiica
1033 885 1233 949 introductum

109 987 281 1070 exemptum
296 987 442 1070 queritur,
459 996 494 1049 ut
508 985 666 1049 tribunicia
681 985 860 1050 intercessio
876 986 967 1050 armis
976 995 1136 1050 notaretur
1146 996 1235 1064 atque

109 1089 341 1176 opprimeretur,
365 1109 440 1172 quae
455 1087 660 1171 superioribus
675 1087 763 1151 annis
777 1088 869 1152 armis
891 1099 973 1153 esset
994 1089 1156 1153 restituta'.
1189 1085 1235 1152 De

110 1191 272 1257 tribunicia
287 1200 436 1276 potestate
452 1186 565 1253 aSnlia
581 1188 734 1254 debilitata
748 1190 855 1273 reliqui
864 1192 1027 1274 scriptores
1034 1212 1137 1276 parum
1146 1211 1235 1254 acon·

109 1305 178 1359 rate
193 1294 391 1369 tradiderunt,
418 1303 460 1368 ut,
478 1291 548 1375 quid
564 1291 690 1354 tribunis
706 1293 887 1375 ademptum,
905 1293 974 1379 quid
988 1293 1124 1358 relictum
1139 1302 1233 1372 esset,

110 1418 172 1461 non
188 1397 356 1461 deduireutz
374 1397 405 1460 iu
422 1396 551 1480 epitome
560 1391 685 1456 Liuiani
699 1394 768 1458 iibri
777 1390 954 1458 LXXXIX
969 1416 1057 1459 omne
1072 1395 1120 1459 ius
1136 1395 1233 1479 legum

111 1500 301 1563 ferendarum
316 1508 451 1581 ereptum
466 1517 535 1561 esse
550 1498 692 1561 refertur.
718 1492 781 1561 Sed
795 1497 1042 1562 intercessionem
1056 1518 1172 1581 quoqne
1179 1497 1234 1560 im·

111 1603 255 1667 minutam
277 1621 346 1665 esse
360 1621 378 1664 a
393 1595 543 1664 Cicerone
557 1598 721 1684 significari
736 1600 879 1679 creditur,
902 1599 953 1684 qui
968 1600 1000 1664 in
1015 1598 1107 1666 Verr.
1126 1598 1155 1677 1,
1177 1596 1231 1678 60,

111 1703 175 1769 155
189 1705 233 1769 ita
248 1703 361 1767 scribit:
387 1703 490 1786 ‘petita
507 1702 600 1766 multa
617 1714 663 1765 est
677 1703 756 1787 apud
770 1701 860 1766 istum
876 1712 1042 1787 praetorem
1063 1724 1081 1767 a
1102 1698 1143 1785 Q.
1160 1699 1234 1788 opi·

110 1807 184 1884 mio,
201 1807 250 1889 qni
267 1805 411 1868 adductus
427 1816 473 1868 est
488 1804 519 1868 in
534 1804 674 1868 iudicium
689 1804 793 1882 uerbo,
809 1804 900 1888 quod,
918 1826 983 1868 cum
1000 1815 1083 1870 esset
1098 1804 1234 1867 tribunus

109 1910 219 1994 plebis,
236 1907 460 1971 intercessisset
475 1907 685 1990 coutraIegem
694 1902 881 1985 Corneliam,
897 1927 930 1970 re
946 1927 1030 1987 uera,
1048 1907 1126 1990 quod
1140 1906 1234 1970 intri-

107 2011 226 2074 buuatu
248 2008 376 2071 dixisset
395 2018 500 2071 contra
522 2010 648 2073 alicuius
670 2007 797 2071 hominis
820 2008 928 2072 nobilis
949 2009 1155 2074 noluntatem'.
1186 2006 1233 2073 De

108 2130 170 2194 quo
187 2110 266 2185 loco,
290 2129 357 2170 oum
373 2119 436 2172 tota
450 2130 500 2172 res
515 2110 642 2173 obscura
657 2110 708 2186 sit,
734 2108 808 2171 nihil
826 2110 976 2175 affirmare
992 2113 1100 2176 ausim
1138 2110 1231 2190 Nam,

109 2221 180 2276 utut
196 2212 269 2275 haec
283 2231 334 2274 res
354 2230 388 2274 se
409 2211 523 2291 habuit,
548 2208 664 2276 Caesar
686 2221 768 2274 certe
790 2210 994 2275 intercedendi
1015 2223 1193 2297 potestatem
1216 2232 1234 2278 a

110 2313 198 2380 Sulla
213 2314 397 2379 imminutam
412 2334 482 2378 esse
496 2324 599 2397 aperte
614 2325 715 2397 negat,
733 2312 839 2398 quippe
854 2312 903 2398 qui
919 2314 969 2392 iis,
987 2334 1062 2396 quac
1076 2334 1165 2398 supra
1181 2335 1232 2399 po-

109 2418 171 2496 sui,
190 2417 263 2480 haec
278 2416 431 2499 adiungat:
452 2413 578 2481 ‘Sullam
595 2417 705 2480 nudata
720 2415 856 2480 omnibus
870 2416 960 2480 rebus
975 2416 1136 2480 tribunicia
1150 2427 1234 2501 potc-

109 2529 190 2584 state
205 2528 305 2581 tamen
320 2519 567 2584 intercessionem
582 2519 706 2583 liberam
721 2517 902 2603 reliquissc’.
928 2516 1233 2603 itaqneintercessio·

109 2641 179 2684 nem
202 2642 240 2685 ne
262 2623 431 2685 restitutam
453 2622 571 2705 quidem
594 2622 693 2685 dicere
714 2632 843 2706 poterut.
874 2620 1014 2706 Augetur
1033 2622 1230 2706 peruersitas,

109 2723 239 2808 quodid
261 2725 353 2787 armis
376 2726 484 2788 factum
507 2724 627 2789 dicitur.
667 2721 754 2806 Quod
776 2720 1007 2808 Oudendorpins
1034 2724 1070 2787 ad
1089 2724 1233 2787 inuidiam

107 2824 253 2911 Pompeio
269 2827 433 2890 faciendam
450 2820 612 2891 Caesarem
629 2827 802 2891 ementitum
818 2848 885 2891 esse
900 2825 1067 2890 existimat.
1105 2824 1149 2888 m
1172 2846 1233 2890 non

108 2940 170 2993 tum
185 2929 292 2993 stolide
307 2929 508 2993 mentiebatur
522 2926 652 3006 Caesar,
676 2938 710 2991 nt
729 2949 847 2992 causam
864 2925 1066 3001 tribuniciam,
1093 2948 1179 3009 quam
1200 2947 1234 2992 sc

109 3032 270 3095 defendere
285 3030 417 3107 simulat,
441 3031 504 3115 ipse
521 3042 670 3112 tamquam
686 3030 800 3094 scelere
820 3029 1050 3093 contaminatam
1071 3029 1234 3112 reprehen-

108 3134 207 3199 deret.
231 3133 333 3198 Verba
348 3141 435 3216 ‘quae
450 3130 655 3214 superioribus
670 3131 757 3193 anuis
772 3132 864 3195 armis
880 3140 962 3194 esset
976 3130 1154 3196 restituta’a
1171 3153 1232 3196 ma·

107 3236 205 3321 gistro
227 3236 264 3301 ad
285 3234 492 3300 exornandam
508 3232 674 3297 orationem
689 3232 817 3315 ascripta
835 3243 916 3296 sunt.
955 3227 1030 3296 Cum
1053 3231 1232 3298 intercessio

107 3339 201 3404 amis
225 3349 328 3402 notata
349 3339 428 3403 dicta
450 3346 551 3414 esset,
575 3334 715 3398 adiunxit
735 3335 826 3398 armis
848 3334 1031 3409 restitutam,
1054 3344 1087 3398 ut
1111 3337 1233 3400 schema

107 3452 297 3519 nasceretur,
314 3453 345 3506 et
358 3442 426 3506 ittos
441 3460 514 3504 suos
529 3437 701 3522 superiores
717 3458 812 3502 annos
829 3437 876 3501 hic
887 3458 1003 3521 quoque
1012 3436 1141 3501 infersit.
1166 3435 1232 3501 Ex·

106 3545 224 3628 cipiunt
238 3544 323 3606 haec:
347 3540 480 3608 ‘Sullam
502 3543 613 3606 nutam
634 3539 771 3603 omuibus
790 3539 881 3603 rebus
903 3538 1062 3603 tribunicia
1084 3551 1233 3624 potestate

106 3657 210 3711 tamen
233 3645 481 3710 intercessionem
501 3644 626 3708 liberam
646 3641 818 3725 reliquisse,
841 3639 1027 3726 Pompeium,
1051 3643 1102 3724 qui
1121 3643 1232 3707 amissa

106 3749 283 3814 restituisse
299 3748 450 3826 uideatur,
475 3748 552 3811 dona
568 3747 671 3825 etiam,
695 3764 771 3827 quac
787 3754 857 3807 ante
873 3743 1043 3823 habuerint,
1060 3745 1230 3810 ademisse'.

106 3849 180 3930 Hic,
197 3851 224 3915 si
240 3851 271 3914 id
286 3860 439 3935 ageretur,
456 3861 490 3913 ot
503 3849 662 3913 tribunicia
678 3854 812 3930 potestas
827 3845 954 3910 ludibrio
969 3846 1142 3927 haberetur,
1159 3848 1234 3912 nihil

107 3963 230 4039 poterat
244 3953 341 4036 aptius
357 3951 415 4015 dici
431 3972 518 4034 quam
533 3950 599 4014 iura
620 3945 779 4012 tribunicia
800 3948 878 4012 dona
892 3969 985 4014 esse:
1004 3946 1065 4014 Sed
1088 3971 1233 4033 quaenam

107 4055 337 4130 suntiliadona,
355 4074 432 4137 quae
446 4052 558 4116 tribum
573 4063 675 4126 autea,
692 4050 749 4114 hoc
764 4060 823 4126 est,
839 4063 996 4135 autequam
1007 4051 1165 4116 tribunicia
1181 4073 1234 4136 po·

108 4170 205 4224 testas
221 4181 239 4222 a
253 4156 398 4243 Pompeio
412 4154 635 4232 restitueretur,
653 4151 838 4217 habueruut?
867 4152 965 4217 Vnam
986 4155 1233 4219 intercessionem

111 4258 231 4330 Caesar
251 4260 340 4348 paulo
362 4270 433 4325 autc
453 4279 472 4324 a
492 4253 579 4324 Sulla
593 4255 728 4322 relictam
744 4255 832 4356 dixit
870 4252 970 4343 Igitur
984 4276 1022 4321 ne
1036 4254 1233 4320 multitudinis
