2692 4688
569 230 814 303 EPISTOLAB
1247 233 1312 317 755

134 408 235 490 Atque
250 404 280 469 id
295 407 410 490 ipsum,
434 405 510 489 quod
525 406 575 469 isti
590 406 675 470 aiunt
688 407 770 470 illum
786 407 938 483 scribere,
962 425 996 469 se
1011 405 1069 468 nisi
1084 408 1254 474 constitutis

131 511 223 575 rebus
238 531 298 573 uon
313 509 422 572 iturmn
437 509 468 571 in
484 505 625 584 Parthos,
643 508 720 571 idem
737 529 793 592 ego
809 507 967 573 suadebam
983 508 1015 571 in
1030 508 1081 572 illa
1097 510 1233 592 epistola.

218 611 304 675 Idem
319 610 395 673 ibid.
413 607 474 688 tu,
492 610 531 673 2:
563 608 691 673 Balbum
714 610 853 676 conueui.
885 608 935 673 Ba
959 629 994 673 eo
1018 608 1091 672 baec
1106 611 1258 693 primumn

133 710 228 777 Paulo
244 723 315 775 ante
329 732 502 796 acceperam
519 732 571 776 eas
586 713 723 790 litteras,
746 713 777 774 iu
793 713 900 794 quibus
916 733 1024 796 magno
1039 732 1131 796 opere
1146 713 1255 777 confir·

98 827 113 877 t
136 824 198 877 mat
212 827 282 877 ante
298 813 383 877 ludos
400 813 565 877 Romanos.
590 813 667 897 Legi
684 813 851 898 epistolam.
877 814 974 879 Multa
989 814 1025 878 de
1039 833 1106 878 mco
1122 809 1258 896 Catone,

133 937 190 999 quo
206 916 379 998 saepissime
395 917 522 1001 legendo
537 936 571 980 sc
586 916 658 979 dicit
673 917 869 1002 copiosiorem
887 918 1016 993 lactum,
1032 911 1120 978 Bruti
1135 912 1254 982 Catone

132 1016 211 1081 lecto
226 1038 260 1082 se
274 1018 332 1081 sibi
348 1018 444 1082 uisum
460 1018 615 1083 disertum.

440 1167 443 1171 .
580 1142 800 1194 noo.asn1vu.
1114 1168 1116 1173 .
1192 1171 1197 1197 ,

217 1225 264 1304 (ο.
281 1220 340 1308 49)
351 1221 419 1286 Cic.
429 1220 551 1286 adAtt.
564 1222 626 1300 IX,
640 1222 700 1300 14,
713 1221 749 1285 1:
774 1221 909 1288 Litteras
924 1225 1026 1307 accepi
1040 1224 1077 1288 ab
1093 1221 1256 1307 Q.Pediu,

76 1333 109 1387 tt
131 1319 294 1388 Caesarem
310 1324 346 1387 ad
361 1345 396 1388 se
411 1323 505 1408 pridie
522 1319 565 1386 ld.
583 1321 679 1386 Mart.
696 1324 816 1387 misisse
832 1326 888 1389 boc
898 1327 1040 1408 exemplo
1051 1351 1059 1388 ι
1072 1308 1259 1411 '‘Pompe'uds.

132 1444 166 1488 sc
186 1426 292 1508 oppido
316 1436 406 1490 tenet.
427 1424 497 1490 Nos
520 1424 557 1489 ad
580 1436 682 1508 portas
705 1437 804 1491 castra
821 1425 974 1490 babemus.
1009 1423 1164 1492 Conamur
1178 1447 1253 1511 opus

132 1548 271 1610 uragnum
288 1539 319 1593 et
333 1531 492 1592 multorum
508 1528 623 1593 dierum
638 1539 760 1613 propter
774 1529 958 1593 altitudinem
972 1529 1061 1592 maris
1070 1556 1079 1609 3
1089 1531 1142 1593 sed
1155 1540 1254 1593 mmeu

133 1629 207 1694 nibil
228 1642 293 1709 cst,
316 1633 393 1712 quod
416 1631 514 1717 potius
537 1631 692 1696 iaciamus.
723 1631 773 1701 Ab
790 1643 916 1714 utroque
932 1641 1035 1714 portus
1051 1651 1146 1695 cornu
1159 1631 1254 1694 moles

133 1733 277 1807 iacimus,
302 1743 335 1796 ut
349 1744 402 1797 nut
415 1732 497 1797 illum
513 1753 600 1814 quam
615 1734 742 1815 primum
758 1732 887 1797 traicere
901 1733 980 1816 quod
996 1733 1083 1797 babet
1097 1731 1256 1799 Brundisii

79 1848 111 1900 ts
131 1836 283 1921 copiarum
299 1855 441 1919 cogamus
456 1844 510 1897 aut
524 1835 610 1897 exitu
625 1834 856 1918 prohibeamus'.

575 1956 807 2000 aon.r1sonsu.
1233 2002 1237 2013 ,

220 2037 345 2102 Cbnn's.
357 2058 395 2122 p.
405 2034 448 2101 60
458 2034 496 2100 P.
510 2061 518 2098 ι
544 2033 662 2104 Caesar
675 2033 879 2102 adPisonem=
901 2035 1067 2101 ‘Locellum
1083 2038 1136 2102 tibi
1151 2039 1253 2123 signa·

133 2152 195 2206 tum
210 2138 335 2205 remisi’.

568 2266 607 2306 ιο
627 2267 655 2307 a.
671 2264 810 2309 cnonrvu.
1153 2310 1156 2315 .

74 2354 109 2411 td
216 2350 262 2425 (n.
281 2345 338 2428 58)
357 2346 424 2411 Cic.
439 2367 499 2430 pro
516 2347 605 2409 domo
619 2343 653 2422 9,
666 2343 727 2409 22:
751 2343 885 2408 Litteras
900 2342 933 2405 in
948 2342 1088 2405 contione
1103 2344 1250 2422 recitasti,

132 2467 207 2529 quas
231 2447 283 2509 tibi
307 2467 323 2509 a
347 2443 385 2511 C.
405 2444 538 2511 Caesare
560 2446 671 2510 missas
694 2445 829 2509 diceres:
856 2439 1160 2525 ‘CaesarPulcbro',
1185 2466 1251 2508 oum

131 2548 221 2612 etiam
243 2568 277 2611 es
300 2559 525 2630 argumentatus
546 2550 657 2613 amoris
677 2567 745 2612 esse
767 2547 822 2610 boc
837 2547 975 2632 signum,
1000 2568 1067 2610 curn
1082 2546 1252 2611 nominibus

133 2660 247 2713 tantum
274 2660 412 2713 uteretur
434 2670 531 2732 neque
554 2649 719 2713 ascriberet
740 2649 900 2734 proconsul
922 2661 974 2714 aut
997 2651 1116 2723 tribuno
1137 2649 1251 2732 plebis,

132 2752 236 2816 deiude
252 2751 397 2837 gratulari
413 2751 485 2829 tibi,
508 2751 585 2833 quod
600 2751 691 2835 [idem
706 2751 738 2815 in
754 2752 919 2835 posterum]
934 2749 979 2813 Μ.
996 2750 1143 2815 Catonem
1159 2750 1253 2823 tribu

73 2865 108 2919 2⁵
132 2863 203 2916 natu
223 2864 274 2917 tuo
290 2853 472 2918 remouisses
488 2864 519 2917 et
533 2853 611 2937 quod
626 2853 720 2918 eidem
738 2851 768 2915 iu
783 2863 934 2936 posterum
950 2854 985 2915 de
1000 2851 1255 2917 extraordinariis·

132 2957 330 3040 potestatibus
351 2956 518 3020 libertatem
534 2956 717 3033 ademisses3
740 2975 813 3036 quas
829 2965 881 3018 aut
894 2975 1053 3037 numquam
1070 2953 1123 3016 tibi
1138 2954 1189 3018 ille
1203 2951 1253 3017 lit·

133 3069 213 3122 teras
229 3058 327 3133 misit,
350 3067 403 3120 aut
416 3057 444 3119 si
459 3057 561 3136 niisit,
583 3058 614 3122 in
631 3057 772 3121 contione
786 3057 910 3120 recitari
926 3057 1040 3134 noluit,
1057 3065 1109 3120 aut
1122 3055 1188 3120 siue
1201 3055 1254 3123 itte

131 3157 232 3235 misit,
249 3157 314 3220 sinc
330 3168 362 3220 tu
376 3157 512 3235 duxisti,
529 3169 611 3223 certe
626 3158 780 3222 consilium
797 3168 881 3221 tuum
895 3159 932 3222 do
947 3154 1072 3224 Catonis
1087 3159 1202 3243 bonore
1216 3156 1254 3239 ils,

132 3262 224 3323 larum
241 3259 408 3322 litterarum
424 3259 602 3323 recitatione
616 3260 797 3342 patefactum
813 3270 873 3324 est.

74 3373 108 3426 ³⁰
568 3383 655 3427 non.
672 3382 815 3424 csassvu.

216 3467 261 3541 (α.
279 3461 335 3545 55)
352 3462 437 3527 Plut.
453 3462 560 3528 Crass.
572 3460 629 3526 16:
654 3459 779 3529 Καίτοι
793 3461 838 3551 τῷ
854 3463 1016 3550 γραφέντι
1031 3463 1107 3548 scopi
1122 3457 1252 3529 τούτων

131 3561 226 3652 νόμῳ
243 3564 424 3649 Παρθικὸς
438 3560 586 3650 πόλεμος
601 3559 643 3630 οὐ
657 3565 799 3648 προσῆν.
817 3559 983 3635 Ἠιδοοαα
998 3561 1033 3629 δὲ
1049 3555 1190 3639 πάντες,
1201 3557 1255 3631 ὅτι

131 3665 215 3748 πρὸς
237 3667 338 3734 τοῦτο
356 3664 514 3751 Κροίσοος
536 3659 718 3751 ἐπτόηται·
737 3666 792 3732 cat
815 3670 951 3749 Καῖσαρ
974 3670 1009 3731 ἐκ
1024 3664 1196 3737 Γαλατίας
1216 3668 1256 3734 ὅ·

132 3785 266 3852 ynopes
281 3762 368 3858 crispi
383 3767 447 3854 τὴα
462 3763 576 3856 ὁρμήν
592 3766 744 3834 ἐπαιτῶν
760 3768 815 3833 nat
830 3761 1029 3852 παροξύνων
1044 3766 1100 3834 snt
1115 3766 1177 3836 adst
1187 3764 1253 3837 nt·

75 3879 109 3932 35
132 3869 247 3952 lepos.

240 3983 315 4047 dquo
329 3982 388 4033 cod.
401 3982 546 4046 Lambini,
560 3998 610 4050 que
620 3982 767 4047 Modicum,
781 3999 847 4050 quae
860 3983 921 4034 odd.
931 3986 1057 4048 pintae:
1071 4000 1147 4051 quem
1154 3986 1253 4036 Ascen-

131 4063 211 4111 ss'ana
222 4063 323 4127 primo.
454 4061 484 4113 15
498 4061 596 4111 snitum
608 4059 756 4111 Madtceus.
887 4060 917 4112 ll
931 4060 1030 4112 Caesar
1043 4062 1073 4112 do
1086 4061 1180 4113 Pisouo
1194 4061 1252 4112 cod.

240 4139 273 4192 2³
282 4137 614 4204 proconsuloFronoioncs
622 4141 741 4204 primus.
846 4138 954 4191 blidum
967 4138 993 4189 in
1007 4148 1139 4205 posterum
1153 4138 1257 4188 deleuit

132 4215 292 4287 lumbicus.
391 4217 517 4272 25eidcm
525 4216 652 4281 Vrsinus,
660 4217 812 4269 idomcodd.
911 4213 1255 4287 tsnapontcmsnnoap

128 4292 462 4366 psanasffitponoccodd.
551 4290 970 4362 dds'stsdnsol’sccdooppionua.
1054 4288 1273 4360 lunensem·
