2692 4688
528 209 850 275 „150-

212 382 251 449 ll.
268 383 312 449 sb
327 394 422 453 totum
438 393 485 447 est
499 379 785 466 perturbatissimum
810 390 842 443 et
856 382 943 445 loebe
957 380 1131 445 lucerutnm.
1164 379 1254 465 Quue

125 489 167 555 ibi
190 497 362 564 nurmutur,
387 486 562 549 relernntur
582 485 620 548 ud
642 503 693 549 res
708 483 795 567 poulo
810 494 882 547 unte
896 493 998 568 gestas
1013 483 1188 568 duobusque
1202 506 1255 551 su·

125 590 292 674 petionibus
313 587 461 671 capitibus
484 586 651 671 expositus.
690 584 801 652 Eurum
831 606 932 651 rerum
955 585 1029 651 boec
1053 606 1169 652 snmms
1191 598 1251 653 est.

127 688 248 759 Castris
262 712 281 755 s
296 688 432 755 Curione
448 710 538 775 propo
548 687 667 753 Vticam
683 689 788 774 positis
803 688 940 773 proxima
955 701 1042 755 nocte
1058 690 1255 757 centuriones

125 793 225 875 Marsi
240 796 298 860 duo
313 815 379 859 cnm
395 793 630 877 manipularibus
646 794 711 857 suis
724 787 821 857 xxti
835 793 871 855 ui
886 790 1004 856 Attium
1020 789 1136 859 Verum
1152 794 1256 878 perlu-

125 910 235 983 gerunt
249 898 335 981 eique
350 895 562 961 nuntiauerant
578 895 703 959 militum
726 894 842 959 animos
857 915 875 959 u
891 888 1027 959 Curione
1041 894 1161 961 alienos
1172 915 1254 963 esse.

126 1000 321 1073 'l'rotlumrat
336 1008 433 1063 aulem
446 992 540 1063 Curio
556 1019 607 1063 eus
623 997 773 1081 legiones,
791 1018 866 1081 quse
883 994 1009 1062 Corfinii
1025 994 1057 1061 in
1073 997 1257 1065 deditionem

127 1113 285 1170 uenerant.
311 1100 415 1183 ltuque
424 1098 526 1171 Varus
542 1100 694 1184 productis
709 1099 816 1184 copiis,
834 1120 899 1164 cum
915 1095 1010 1165 Curio
1025 1120 1143 1183 quoque
1157 1100 1256 1167 nolon

126 1207 336 1281 instruxisset,
354 1205 434 1268 misit
448 1199 577 1267 Sextum
586 1200 764 1284 Quintilium
775 1201 887 1267 Varum
903 1211 1094 1285 quaestorum
1110 1222 1170 1267 uua
1185 1224 1255 1271 cnm

128 1305 272 1379 Curionis
287 1307 429 1385 militibus
441 1302 567 1371 Corlinii
584 1314 702 1388 coptum
718 1315 751 1369 et
763 1305 929 1379 dimissum,
947 1305 995 1387 qui
1011 1305 1177 1371 exercitum
1190 1300 1257 1371 Cu·

125 1412 223 1483 monis
245 1410 405 1483 circumire
425 1417 456 1475 st
475 1408 614 1473 oratione
629 1407 729 1471 babitu
743 1408 779 1473 nd
796 1408 990 1473 delectionem
1006 1406 1169 1475 sufficimus
1183 1429 1256 1475 coo·

127 1514 182 1599 pit,
219 1509 307 1587 ‘linc
320 1510 421 1583 babitu
435 1511 599 1586 orntioue'‚
616 1509 711 1592 inquit
727 1505 843 1575 caesar
858 1532 887 1573 c.
905 1509 946 1575 38
962 1522 1058 1591 exte,
1084 1510 1207 1579 ‘nullm
1221 1512 1256 1579 in

127 1627 243 1701 purtem
256 1615 295 1681 ub
311 1615 448 1687 exercitu
456 1608 600 1678 Curionis
617 1613 650 1676 lit
663 1611 861 1697 significatio:
878 1625 968 1698 etque
982 1614 1025 1679 ite
1040 1632 1111 1679 suas
1126 1623 1257 1699 uterque

128 1718 229 1803 copias
243 1718 381 1785 reducit'.
405 1714 467 1783 lam
483 1738 511 1779 e.
529 1711 571 1778 3⁹
587 1714 660 1779 hoec
676 1715 850 1799 excipiunto
875 1717 988 1800 ‘Atque
1011 1715 1043 1779 in
1066 1717 1178 1787 cestris
1191 1712 1257 1785 Cn·

127 1823 225 1889 rionis
245 1840 371 1907 mugnus
393 1817 531 1893 ,omnium
556 1816 682 1881 incessit
703 1818 804 1883 timor.
835 1815 915 1884 Nam
937 1818 964 1882 is
986 1818 1079 1885 nemis
1102 1819 1256 1887 hominu

128 1914 318 1995 sermonibus
332 1920 474 1989 celeriter
487 1932 625 2004 ungetur.
658 1917 872 2005 Vunsquisqus
892 1921 972 1985 onim
987 1921 1144 2006 opiniones
1158 1922 1256 2007 lingn-

128 2028 181 2093 bot
196 2038 226 2090 et
241 2027 278 2093 ull
293 2025 341 2104 id,
363 2024 442 2108 qnod
458 2022 494 2087 ab
517 2022 577 2087 alio
593 2023 746 2100 audierat,
773 2023 820 2087 sui
842 2023 950 2106 aliquid
974 2023 1090 2087 timoris
1112 2024 1255 2091 ndlcbm.

130 2128 198 2205 ¹linc
212 2128 261 2197 ubi
277 2148 337 2195 unu
357 2135 482 2193 auctore
497 2126 532 2189 ull
550 2125 649 2209 plures
670 2136 909 2208 permansuerunt,
927 2135 1016 2208 atque
1031 2126 1108 2191 olins
1124 2126 1177 2191 olii
1192 2136 1256 2191 trs-

131 2218 258 2310 diderot,
276 2230 375 2315 plnres
390 2239 531 2295 unctorcs
548 2228 613 2293 eius
632 2228 677 2291 rei
701 2228 907 2293 uidebantur’.
940 2227 997 2293 llio
1012 2250 1032 2291 n
1046 2228 1196 2313 plerisque
1210 2229 1258 2294 in-

129 2336 282 2411 tellectum
297 2344 343 2403 est
358 2330 566 2418 proportionis
583 2329 694 2413 ‘utque‘
710 2333 874 2415 ponendam
882 2330 1255 2397 esseuluersntinem‘et‘.

129 2436 237 2505 Timor
251 2437 343 2512 onim,
360 2433 457 2521 quiin
472 2434 581 2501 castris
596 2444 680 2498 ortus
696 2444 759 2514 ost,
784 2444 905 2518 pruetsr
920 2435 1162 2519 expectationem
1176 2434 1257 2501 soei·

129 2539 182 2615 dit,
199 2559 265 2601 oum
280 2536 391 2601 milites
405 2556 423 2597 s
439 2532 586 2616 Quintilio
602 2534 686 2599 Varo
701 2536 758 2601 lide
773 2557 833 2601 uon
857 2548 962 2603 esseut
984 2537 1106 2603 demoti.
1144 2534 1257 2621 Neque

131 2639 238 2713 deinde
255 2637 347 2702 ‘uum'
362 2635 536 2722 particulam
554 2637 626 2703 lcrri
642 2659 731 2722 posse
746 2636 875 2704 Vossius
891 2638 976 2703 uidit.
1009 2637 1096 2721 Quod
1112 2638 1258 2707 sunnis

130 2740 261 2813 coniecit
277 2739 570 2824 ‘moguusoupnium
585 2738 711 2807 incessit
726 2741 816 2806 timor
830 2742 958 2806 animis:
981 2742 1009 2809 is
1031 2740 1142 2807 nuriis’
1167 2752 1256 2821 cett„

129 2854 160 2909 ct
180 2863 303 2928 prauam
325 2843 414 2913 liubet
436 2840 595 2907 uerborum
610 2843 849 2921 collocutionem,
874 2855 906 2908 et
927 2843 1070 2909 ‘animos'
1086 2844 1257 2928 ponentium

130 2956 209 3019 eret.
238 2944 353 3029 Neque·
371 2946 450 3013 enim
466 2944 532 3017 bur.
551 2965 659 3008 comm.
677 2942 734 3023 ill,
751 2946 807 3026 74,
823 2946 844 3011 2
860 2956 944 3011 recte
958 2945 1067 3029 legitur
1086 2946 1259 3019 ‘unsuitui

129 3048 246 3131 quidem
263 3050 343 3115 omni
359 3061 462 3113 tentus
477 3047 601 3121 incessit
615 3068 655 3112 ex
672 3049 860 3115 incommodo
875 3047 981 3113 dolor':
1006 3044 1128 3115 Cnessr
1147 3048 1258 3123 abloti-

129 3172 200 3216 unm
215 3163 357 3235 posuerat
374 3150 524 3217 ‘exercitu
540 3151 657 3233 quidem
674 3150 777 3230 omni,
794 3173 880 3235 quem
890 3151 1006 3221 librarii
1015 3150 1147 3221 datiuum
1160 3149 1259 3225 intet-

129 3352 274 3438 scriptum
290 3354 403 3431 luisse,
430 3365 465 3417 ut
480 3362 568 3421 ‘num
584 3357 788 3439 unusquisque
802 3356 976 3440 opiniones'
1000 3366 1073 3421 cett.
1091 3354 1149 3440 legi
1164 3374 1260 3439 posse

129 3456 370 3540 significaretur,
393 3456 635 3539 quomadmodum
660 3456 691 3519 iu
715 3459 771 3523 boc
792 3459 879 3525 nott.
896 3479 1011 3543 genere
1031 3477 1123 3542 stepo
1137 3456 1258 3531 uurinto

129 3558 230 3629 oratio
244 3569 302 3623 est.
326 3555 530 3644 Elbcrlinpius
545 3578 670 3643 mugnus
686 3558 734 3623 bie
747 3560 804 3625 sibi
820 3561 884 3645 ipso
898 3559 1258 3633 lillicultetesexcitenite

130 3679 206 3743 qnue
221 3682 287 3727 cum
304 3671 423 3745 practer
438 3682 487 3739 cu,
504 3662 852 3746 quasrsprebeutimus,
870 3664 970 3729 nnllee
984 3664 1057 3741 sint,
1076 3663 1112 3727 ds
1127 3662 1194 3729 eius
1207 3683 1260 3729 re·

130 3762 212 3833 tione
228 3762 329 3831 dicere
344 3762 544 3829 uibilnttiuot.
564 3762 679 3841 Verbo,
696 3787 770 3849 quoe
778 3787 869 3852 snpra
877 3765 1023 3850 excripsi,
1041 3765 1161 3849 integre
1171 3774 1257 3845 suun

130 3883 207 3946 qnos
228 3865 400 3949 excipiunt,
426 3867 626 3949 compluribus
649 3868 783 3951 portibus
805 3879 958 3936 trunceta.
993 3866 1136 3931 Eduntur
1156 3878 1259 3933 eutem

129 3964 190 4029 its:
213 3960 329 4032 -‘Ciuile
344 3967 465 4045 bellum,
483 3990 578 4053 genus
594 3971 758 4057 bominum,
783 3975 860 4059 quod
876 3974 984 4039 liceret
998 3972 1093 4037 libere
1109 3970 1210 4034 lacere
1226 3982 1261 4035 et

128 4068 226 4151 sequi,
244 4070 322 4152 qnod
338 4070 441 4149 uellet,
457 4070 674 4154 legionense,
691 4095 769 4159 quse
784 4075 873 4160 paulo
887 4086 957 4140 unte
973 4074 1049 4160 apud
1065 4072 1260 4145 aduersarius

129 4173 266 4249 luerunt,
298 4194 367 4239 uum
389 4175 480 4239 etium
502 4167 646 4240 Caesaris
667 4176 843 4243 beneficium
866 4188 1036 4243 monuerat
1057 4176 1259 4255 consuetudo,

128 4295 187 4357 qun
201 4276 384 4345 offerrentur
399 4275 560 4361 numoipts
574 4277 664 4343 etiam
670 4278 800 4347 diuersis
811 4280 946 4363 pnnbm
961 4278 1140 4347 coniuncto:
1159 4296 1259 4363 nequo
