2692 4688
73 202 138 272 388
470 201 528 271 llll
549 201 695 271 BELLO
718 196 919 269 oanutco‘

95 376 117 441 2
132 377 214 460 cipes
230 385 317 439 eraut
331 371 463 453 Haedui,
480 374 604 439 alterius
619 372 763 459 Sequani.
801 371 842 437 Hi
858 394 925 436 cum
941 390 1042 457 perse
1057 371 1156 436 miuus
1171 373 1255 438 uale-

132 490 217 556 rent,
241 478 318 561 quod
340 497 454 540 summa
476 477 641 542 auctoritas
656 476 819 559 antiquitus
834 484 902 539 erat
916 475 947 537 iu
962 472 1096 538 Haeduis
1111 495 1255 565 magnae·

131 602 188 664 que
203 600 307 643 eorum
322 590 410 643 erant
424 580 602 657 clientelae,
630 577 799 644 Germanos
822 587 910 659 atque
925 576 1112 641 Ariouistum
1127 577 1188 642 eibi
1202 578 1256 642 ad·

132 684 296 746 iunxerant
310 702 421 765 eosque
437 683 474 745 ad
489 704 523 748 se
538 682 654 766 maguis
668 681 792 745 iacturis
809 679 1131 764 pollicitationibusque
1146 680 1256 763 perdu-

95 782 115 847 3
130 795 252 848 aeraut.
283 782 414 848 Proeliis
430 806 503 850 uero
519 784 720 867 compluribus
736 783 824 848 iactis
839 781 978 845 secundis
993 791 1082 864 atque
1100 783 1182 848 omni
1197 805 1252 848 no·
1274 796 1291 847 t

132 885 247 950 bilitate
264 885 455 950 Haeduorum
478 886 638 950 interiecta
661 896 773 949 tautum
794 884 927 968 potentia
949 894 1197 965 antecesserant,
1221 896 1257 951 ut

96 990 116 1053 4
132 1009 269 1072 maguam
292 999 407 1073 partem
431 989 584 1052 clientium
606 988 644 1052 ab
660 986 795 1052 Haeduis
810 986 846 1050 ad
862 1006 896 1049 se
911 987 1105 1050 traducerent
1118 986 1254 1052 obsides·

131 1112 188 1175 que
203 1092 240 1154 ab
263 1091 301 1153 iis
322 1091 486 1175 principum
508 1090 586 1155 dlios
607 1090 777 1172 acciperent
800 1099 832 1152 et
853 1087 970 1172 publice
992 1087 1095 1151 iurare
1108 1100 1256 1175 cogerent

131 1195 206 1257 nihil
222 1214 256 1256 se
279 1204 385 1257 contra
400 1189 558 1277 Sequanos
580 1191 698 1256 consilii
718 1191 848 1254 inituros
869 1201 901 1254 et
915 1201 1031 1274 partem
1046 1190 1172 1254 finitumi
1187 1192 1255 1278 agri

132 1317 186 1381 per
202 1296 260 1359 uim
276 1306 452 1379 occupatam
469 1296 659 1380 possiderent
674 1291 851 1375 Galliaeque
872 1293 965 1356 totius
988 1292 1185 1376 principatum
1201 1293 1256 1359 olt-
1279 1305 1312 1360 to

95 1396 275 1463 5tiuerent.
309 1393 376 1479 Qua
392 1399 574 1461 necessitate
590 1398 734 1460 adductus
742 1393 912 1460 Diuitiaene
927 1395 1032 1458 auxilii
1048 1395 1167 1479 petendi
1182 1416 1255 1461 can·

95 1498 165 1564 lisa
181 1499 308 1562 Romam
332 1499 369 1561 ad
390 1509 526 1562 senatum
550 1501 703 1584 proiectus
724 1499 837 1562 inlecta
861 1517 895 1561 re
921 1497 1065 1562 redierat.
1110 1496 1253 1561 Adumtn

133 1598 276 1666 Caesaris
298 1602 377 1663 lacta
399 1600 632 1666 commutatione
646 1622 766 1679 rerum,
790 1599 941 1663 obsidibus
957 1598 1090 1664 Haeduis
1112 1599 1249 1677 redditis,

132 1703 285 1768 ueteribus
308 1703 457 1767 clientelis
479 1704 648 1782 restitutis,
681 1703 767 1766 nouis
789 1723 843 1787 per
864 1698 1028 1767 Caesarem
1057 1701 1251 1787 comparatis,

132 1807 210 1889 quod
227 1807 269 1887 hi,
287 1807 336 1890 qui
351 1827 385 1870 se
399 1807 436 1869 ad
452 1826 554 1869 eorum
570 1805 727 1869 amicitiam
743 1806 993 1891 adgregaueraut‚
1010 1804 1137 1869 meliore
1150 1803 1255 1869 condi·
1277 1814 1310 1869 tr

132 1909 219 1971 cioue
233 1919 322 1991 utque
336 1908 478 1991 aequiore
491 1908 617 1993 inperio
632 1928 666 1972 se
682 1907 725 1971 uti
740 1909 892 1986 uidebant,
908 1908 1032 1991 reliquia
1046 1907 1138 1971 mbos
1149 1926 1254 1971 conam

132 2010 228 2093 gratia
252 2010 453 2094 dignitateque
480 2011 658 2094 amplilicata
680 2007 812 2096 Sequani
837 2011 1034 2095 principatum
1062 2010 1251 2074 dimiserant.

95 2108 167 2177 ilo
183 2132 284 2175 eorum
306 2112 404 2176 locum
421 2109 509 2176 Remi
533 2123 763 2178 successeraut=
787 2133 862 2196 quos
884 2113 962 2196 quod
985 2112 1153 2194 adaequare
1174 2110 1253 2194 apud

132 2210 295 2278 Caesarem
310 2215 407 2300 gratia
422 2215 664 2299 intellegebatur,
680 2215 722 2293 ii,
739 2215 790 2299 qui
805 2226 928 2300 propter
942 2224 1061 2279 ueteres
1075 2212 1251 2277 iuimicitias

131 2317 214 2380 nullo
229 2317 316 2381 modo
332 2339 398 2381 cum
407 2316 540 2382 Haeduis
551 2318 693 2401 coniungi
709 2327 857 2401 poterant,
875 2315 1022 2381 sellemia
1035 2315 1067 2379 in
1081 2313 1251 2379 clientelam
1272 2323 1309 2378 td

94 2418 116 2482 8
131 2419 280 2481 dicabant.
327 2416 393 2482 Hos
416 2419 459 2482 illi
475 2420 636 2502 diligenter
649 2420 828 2485 tuebantur:
854 2420 896 2482 itn
912 2431 943 2483 et
958 2439 1065 2484 nouam
1081 2428 1113 2481 et
1125 2426 1253 2501 repente

94 2517 116 2583 9
131 2519 287 2582 collectam
302 2520 510 2584 auctoritatem
527 2521 680 2586 tenebant.
718 2520 767 2585 Hc
782 2533 843 2585 tum
861 2532 940 2586 statu
954 2540 1006 2585 res
1021 2529 1101 2598 erat,
1117 2529 1150 2583 ut
1163 2518 1253 2602 longe

131 2621 283 2705 principes
300 2621 482 2686 haberentur
498 2621 625 2699 Haedui,
641 2625 803 2688 secundum
820 2623 916 2687 locum
933 2622 1085 2705 dignitatis
1095 2618 1185 2686 Herni
1198 2618 1252 2685 olt-

73 2720 115 2793 18
130 2724 271 2787 linerent.
304 2720 340 2788 lu
356 2725 434 2789 omni
445 2722 545 2789 Gallia
560 2747 664 2790 eorum
679 2727 843 2804 hominum,
861 2726 911 2808 qui
927 2724 1026 2807 aliquo
1041 2734 1114 2788 suut
1127 2742 1252 2788 numero

131 2836 220 2910 atque
237 2828 364 2906 honore,
381 2849 493 2911 genera
509 2839 580 2893 suut
594 2830 663 2894 duc.
701 2827 782 2893 Num
799 2827 899 2914 plebes
914 2847 1010 2912 paene
1026 2846 1184 2891 seruorum
1199 2824 1253 2892 la·
1272 2835 1306 2891 tt

95 2926 118 2992 2
131 2927 219 2992 betur
233 2930 312 3007 loco,
329 2951 405 3012 quoe
421 2931 494 2996 nihil
510 2932 600 2996 audet
614 2952 668 3016 per
682 2952 728 3008 se,
747 2931 829 2995 nullo
844 2930 1003 2994 adhibetur
1018 2928 1157 2993 coneilio.
1180 2924 1251 2993 Ple·

131 3030 229 3113 rique,
247 3052 311 3094 com
327 3044 378 3095 aut
392 3055 464 3100 acre
478 3035 577 3100 alieno
594 3044 646 3099 aut
661 3033 863 3118 magnitudine
879 3032 1056 3096 tributorum
1071 3040 1125 3095 aut
1138 3028 1251 3094 iniuria

95 3129 332 3215 dpotentiorum
347 3145 542 3221 premuntur,
565 3158 634 3203 sese
653 3142 685 3201 iu
706 3135 882 3201 seruitutem
905 3135 1006 3198 dicam
1020 3131 1182 3197 nobilibus.
1213 3126 1252 3195 lu

239 3272 249 3322 l
267 3271 367 3323 Haedui
381 3276 426 3325 tte
437 3282 466 3326 et
477 3275 602 3341 deinceps
614 3278 697 3325 ettam
710 3290 735 3324 a.
842 3275 860 3330 2
872 3280 996 3326 eratum.
1009 3272 1045 3323 D.
1144 3268 1251 3322 derant

130 3364 182 3400 om.
196 3351 314 3401 alode.
472 3353 632 3404 Ariobixtmn
645 3353 668 3405 θ
679 3357 707 3403 et
717 3351 876 3403 Ariobistnm
890 3366 950 3403 cana
962 3365 980 3402 a
991 3363 1074 3415 ceper
1087 3363 1100 3399 a
1112 3362 1141 3399 a.

130 3429 270 3481 carnut.
375 3431 526 3482 dublina.
650 3430 879 3505 sonitumtAqs
993 3422 1248 3480 ltinlectaedad.

131 3508 218 3559 Oxou.
234 3514 259 3556 et
272 3523 318 3574 per
331 3512 403 3559 a'nter
415 3526 430 3560 n
443 3516 470 3561 et
483 3508 497 3560 l'
504 3513 693 3575 suprascripto
706 3524 732 3572 u,
747 3507 900 3574 imperfecta
912 3507 1024 3573 reteque.
1123 3503 1156 3554 ll
1168 3502 1251 3555 eliaa-

129 3585 190 3636 telis
204 3588 339 3637 ueteribus
351 3604 378 3638 a.
486 3589 605 3640 ltlniio.
706 3587 952 3651 adgregaueranto.
1033 3578 1250 3645 ecuttuoeepa).

240 3662 270 3714 li
283 3663 460 3730 dignitateque
473 3665 582 3729 reliqui,
597 3665 724 3729 dignitate
737 3663 829 3726 (a)de.
959 3658 991 3712 li
1005 3657 1041 3722 tt,
1055 3656 1099 3723 qui
1112 3672 1139 3706 a.

129 3735 160 3788 21
176 3737 299 3789 dicebaut
311 3739 336 3789 A
344 3738 384 3804 (a)
395 3737 470 3801 bde,·
483 3739 605 3788 dicebant
619 3739 650 3801 0,
665 3736 794 3787 ducebant
805 3735 841 3786 D.
969 3735 1005 3789 22
1017 3749 1048 3786 eo
1061 3748 1118 3784 enm
1132 3738 1204 3784 statu
1215 3744 1248 3794 a,

129 3828 160 3863 eo
172 3821 225 3864 tum
239 3817 264 3865 in
278 3818 395 3867 statui).
502 3818 615 3869 erantt.
702 3813 1060 3868 ttflaetettaterentura.
1159 3808 1252 3876 2tqal

130 3888 155 3939 ln
170 3890 256 3954 aliquo
269 3908 285 3941 a
297 3894 344 3943 te.
455 3892 487 3943 25
502 3893 590 3958 plebea
603 3894 628 3945 A
637 3891 818 3957 CD(o)tee,
833 3889 908 3958 plebe
920 3891 1066 3941 Atmca‘cur
1076 3888 1169 3954 praefi
1183 3902 1209 3938 e.
1223 3886 1250 3938 ὅ.

239 3969 366 4020 habentur
380 3971 404 4019 b.
508 3972 542 4023 tt
555 3970 632 4038 quae]
646 3971 689 4037 qui
704 3971 729 4020 b.
851 3969 916 4020 uitil
929 3969 1008 4020 habet
1020 3983 1067 4035 per
1078 3982 1106 4018 ee
1119 3968 1195 4017 ‘aare
1210 3963 1251 4017 ll'

130 4046 284 4105 Atrectum,
300 4061 346 4111 per
357 4060 386 4094 se
400 4043 463 4094 uiuit
476 4046 556 4098 audet
569 4048 609 4112 (a)
618 4064 644 4098 u.
759 4046 830 4097 nullo
843 4046 869 4097 A
879 4046 900 4097 C
907 4046 932 4095 1)
943 4046 1097 4108 Atrectum,
1112 4042 1179 4095 nulli
1191 4056 1249 4093 ae:

131 4130 158 4173 et
170 4122 241 4172 nullo
254 4138 281 4185 u,
295 4120 342 4171 aed
353 4129 379 4171 et
392 4136 444 4170 om.
456 4124 528 4174 ‘mre
544 4124 583 4176 ll'
595 4126 793 4177 oeAa'motnur.
900 4123 1011 4175 concilio
1021 4125 1046 4174 b.
1151 4122 1252 4177 ttoan

132 4216 191 4252 aere
206 4202 251 4251 de.
356 4200 581 4267 28potentiurnb.
687 4203 713 4253 in
726 4203 879 4254 seruitutem
893 4216 952 4251 sese
965 4217 992 4252 c.
1096 4196 1253 4265 dicantlatl·

129 4277 219 4329 dieunt
230 4279 386 4330 Aimcr'nua.
