2692 4688
102 382 344 447 cimunentum
359 375 481 444 Didium
494 378 637 449 inuisos
651 379 809 462 sequentis
824 379 943 443 docent.
978 377 1082 466 Ιιηω
1095 383 1231 451 teolon-

103 493 194 549 esest
207 482 337 566 scriptor
349 478 472 546 Didium
486 502 578 566 prope
593 482 751 547 cotidianis
771 481 879 567 pugnis
900 501 967 546 eom
982 480 1140 551 Lusitanis
1159 507 1230 552 ecn-

101 585 241 661 tinius,
265 584 321 648 hos
343 595 417 648 uero
437 582 554 667 aliquot
567 585 674 670 pugnis
688 585 777 650 iactis
791 585 1045 653 circumsepiendi
1060 587 1141 655 Didii
1158 610 1230 655 cos·

100 688 210 755 dtu
223 686 341 771 cepisse
362 697 394 750 st
415 686 541 751 insidias
561 688 718 772 posuisse,
740 687 786 752 ite
807 698 841 753 ut
862 689 1013 772 tripertito
1029 689 1114 773 signa
1130 689 1230 755 distri-

100 792 243 857 husee
273 785 474 871 Sequentibus
488 788 583 874 igitur
597 788 710 868 serbe,
727 790 972 872 quemsdmodum
988 801 1052 856 tres
1065 789 1230 857 Lusitsue·

98 914 169 959 ren
183 901 288 977 portes
308 890 471 975 dispositae
487 891 611 969 inerim,
634 891 762 975 quidque
778 893 937 975 unicuique
959 894 1036 977 perti
1059 894 1229 958 mandatum

98 996 153 1074 sit,
176 993 328 1059 deolsrsri
343 1013 471 1059 necesse
486 1003 543 1058 est.
581 990 696 1058 Eorum
718 994 880 1060 uerborum
896 1006 1047 1080 postrema
1062 995 1230 1061 obscuretis

99 1097 238 1165 codicum
253 1096 374 1185 iudiciis
387 1096 432 1162 sic
447 1096 631 1161 debentur:
652 1095 696 1160 ‘hi
711 1096 755 1160 sic
770 1097 907 1180 dispositi
921 1108 1028 1176 eruut,
1052 1108 1086 1163 ut
1107 1119 1124 1161 a
1148 1097 1230 1163 nullo

99 1200 256 1286 conspecti
271 1198 404 1263 omniurn
418 1197 456 1263 sd
472 1218 600 1284 pugnem
616 1198 861 1277 contenderent',
885 1220 944 1283 quo
966 1201 1048 1265 iacto
1069 1221 1130 1265 uon
1151 1210 1226 1276 tres,

99 1302 156 1369 sed
168 1301 245 1367 dese
259 1310 377 1367 tntum
392 1311 493 1384 psrtes
512 1300 777 1369 demonstrenturt
800 1302 933 1367 codicum
949 1302 1117 1386 scriptura,
1141 1324 1227 1386 quem

98 1425 191 1489 snpra
204 1403 304 1489 poem,
320 1402 378 1468 etsi
392 1402 541 1485 integrum
557 1402 724 1468 orationem
740 1424 801 1468 nou
817 1415 966 1489 praestet,
990 1414 1090 1469 umen
1109 1413 1226 1488 operte,

98 1506 242 1591 qwloec
265 1505 410 1589 qusedsn
432 1504 620 1580 exciderint,
642 1505 783 1571 ostendis
818 1504 937 1571 Etenim
959 1527 1034 1589 quse
1048 1508 1226 1573 insidiarum

98 1610 178 1675 nstin
192 1608 302 1683 horit,
318 1606 492 1672 nsmtione
505 1606 551 1671 rei
566 1617 688 1691 gestae,
711 1627 787 1690 quse
805 1608 859 1672 ille
873 1609 967 1673 uerbs
982 1610 1114 1692 excipit,
1137 1612 1226 1677 doce·

98 1733 177 1779 ntur.
216 1707 282 1775 ‘Its
300 1730 369 1775 eum
391 1727 434 1772 ex
452 1709 579 1773 castello
593 1706 701 1773 Didius
722 1710 760 1774 sd
783 1711 1005 1795 propellendum
1025 1713 1226 1797 processisset

97 1834 164 1880 cu
179 1812 288 1898 copiis,
304 1812 423 1896 signum
437 1828 457 1874 ι
469 1807 627 1875 Lusitanis
642 1810 768 1890 tollitur,
784 1832 880 1887 onnes
893 1814 1108 1893 incenduntur,
1123 1813 1226 1879 simui-

96 1937 168 2001 pne,
184 1916 237 1998 qni
249 1935 291 1979 ex
301 1913 427 1981 meto
439 1914 477 1977 ud
492 1933 617 1998 pugnem
633 1924 859 1999 processerunt,
876 1917 979 1982 eodem
991 1915 1094 1999 signo,
1109 1916 1225 1999 fngien-

95 2031 146 2084 tes
161 2019 297 2082 latrones
309 2018 378 2083 dnm
398 2026 631 2101 persequuntur,
653 2037 671 2080 a
695 2026 781 2098 tergo
802 2016 931 2083 insidiae
952 2017 1085 2084 cdnmore
1106 2017 1225 2085 subluto

97 2118 369 2186 circense-ism.
405 2117 486 2196 Hic,
510 2118 589 2201 quod
611 2119 650 2183 sd
671 2118 895 2203 propellendum
909 2117 1018 2184 Didius
1039 2121 1224 2203 processisse

96 2223 223 2297 dicitnr,
239 2220 415 2287 docuentc
430 2231 479 2287 cst
491 2218 806 2286 unemLusitsnorum
823 2229 936 2305 portem
952 2220 989 2283 ed
1004 2222 1159 2285 castellum
1174 2243 1225 2287 se·

98 2325 233 2391 cessisse
247 2333 279 2388 et
291 2321 412 2389 Didium
428 2323 582 2401 elicuisse,
600 2324 707 2389 deinde
722 2322 863 2387 simulem
877 2323 948 2407 iuge
962 2324 1153 2407 produxisse.
1169 2323 1224 2388 At·

97 2438 166 2494 ten
180 2428 266 2513 signo
281 2427 352 2491 dcto
366 2447 461 2491 nouos
474 2426 621 2505 incendit,
639 2426 730 2492 tertie
745 2426 847 2491 eodem
863 2425 951 2510 signo
963 2424 1083 2491 Didium
1099 2427 1224 2511 primum

96 2541 213 2616 partem
233 2539 460 2615 persequentem
482 2550 501 2592 s
523 2540 609 2613 tergo
630 2528 842 2595 circumuenit.>
874 2527 991 2593 Herum
1014 2530 1142 2615 partium
1163 2550 1224 2597 une

96 2634 283 2721 &uidentur
297 2630 502 2715 superioribus
517 2631 638 2695 uerbis:
667 2642 768 2696 ‘erent
782 2632 891 2715 parati,
908 2633 959 2714 qui
974 2653 1067 2698 moues
1082 2634 1223 2700 incende-

96 2735 185 2801 rent’.
207 2733 366 2800 Proximis
381 2733 482 2797 uerbis
499 2732 701 2817 ‘incensisque
716 2735 766 2817 qui
780 2734 943 2799 subsidium
958 2737 1141 2818 repeterent'
1157 2757 1223 2803 sem

97 2837 246 2903 contineri
260 2855 388 2901 necesse
402 2845 469 2914 est,
493 2855 570 2918 quoe
584 2834 707 2901 Didium
723 2858 740 2900 n
755 2846 842 2921 tergo
856 2837 1066 2902 circumuenit.
1104 2834 1165 2901 Sed
1187 2856 1223 2901 ee

95 2941 189 3006 senis
203 2940 281 3004 ndeo
296 2950 438 3024 compte
452 2947 541 3016 sunt,
565 2948 678 3001 utnon
700 2939 858 3005 uideantur
878 2941 1000 3004 restitui
1021 2959 1129 3022 posses
1152 2958 1222 3004 nem

98 3040 273 3126 Gdsndcspii
288 3040 459 3105 coniectura
484 3041 700 3125 ‘repellerent’
716 3041 789 3106 nihil
804 3041 986 3125 proficimus.
1032 3038 1161 3124 Reliqua
1176 3040 1221 3107 sic

98 3155 165 3210 sunt
179 3144 363 3230 supplendus
392 3142 433 3209 ‘hi
449 3143 495 3206 sic
510 3143 647 3226 dispositi
663 3153 769 3220 erant,
795 3154 827 3207 ut
847 3164 865 3206 o
886 3143 969 3215 nullo
992 3144 1133 3226 conspici
1145 3163 1221 3228 pos·

97 3247 173 3313 ses?
190 3257 233 3325 st,
251 3266 328 3329 quoe
341 3246 378 3311 ds
393 3264 429 3310 ee
445 3255 542 3330 perte,
559 3264 636 3330 quoe
650 3243 769 3311 Didium
788 3267 827 3310 cx
843 3247 967 3313 castello
983 3246 1123 3326 eliceret,
1141 3245 1221 3313 diets

96 3361 192 3428 ιιιιί,
212 3348 349 3436 ‘reliqui
360 3352 394 3413 in
409 3358 570 3434 conspectu
585 3349 716 3413 omnium
730 3349 768 3411 ed
782 3369 912 3433 pugnam
928 3349 1132 3415 contendunt&

176 3448 217 3519 G.
233 3448 536 3529 ⁴1‚2tcvrsaonc
558 3452 633 3515 hseo
653 3452 685 3515 in
699 3448 774 3515 Par.
799 3470 864 3515 soc.
888 3460 918 3513 et
931 3448 1021 3516 Leid.
1045 3473 1092 3536 pr.
1109 3451 1221 3536 scripte

94 3565 183 3620 sssts
210 3554 308 3636 ‘quod
323 3553 461 3638 oppidum
475 3574 584 3638 mogus
599 3553 764 3619 munitione
780 3551 1010 3631 continebatur,
1034 3553 1078 3619 sic
1101 3563 1132 3617 ut
1152 3540 1218 3639 ipss

93 3655 177 3724 loeus
191 3677 254 3723 uon
267 3655 366 3720 solum
380 3676 491 3740 opere,
516 3658 571 3721 sed
594 3657 684 3723 etiam
700 3666 809 3720 natura
824 3654 922 3722 aditus
936 3656 974 3720 nd
989 3656 1218 3741 oppugnandum

94 3759 209 3826 hostem
224 3759 407 3844 oppeteret’.
436 3757 549 3824 Editur
567 3759 658 3843 uulgo
683 3766 811 3823 ‘notura
833 3757 948 3821 editus’
970 3767 1056 3823 etex
1070 3754 1219 3842 Scatigsri

94 3863 267 3928 coniectura
284 3858 492 3939 ‘stummrut
508 3863 586 3945 quod
601 3861 729 3928 debebat
743 3882 812 3927 esse
837 3862 1039 3938 ‘succrescet
1057 3870 1091 3925 ut
1105 3857 1220 3933 Godui·

92 3985 146 4032 ιιι
160 3963 294 4030 uolebst.
329 3962 450 4029 ‘Aditus
465 3964 702 4049 oppugnationis
719 3963 830 4048 lep‘tur
845 3983 893 4049 sp.
908 3961 989 4042 Hirr,
1006 3963 1036 4027 b.
1050 3961 1144 4031 Alex.
1162 3965 1216 4040 ³5,

94 4068 125 4147 d,
140 4066 286 4132 ‘difficilis
300 4066 338 4131 sd
352 4067 601 4152 oppugostioucm
616 4067 767 4132 eccessus'
784 4066 814 4131 b.
831 4066 902 4132 Adr.
920 4064 951 4130 5.
991 4064 1100 4133 Vtrum
1116 4077 1217 4133 sutem

93 4171 186 4236 ‘aditu
200 4170 473 4254 sdoppugns'ndum
489 4169 604 4235 hostem
620 4169 1075 4255 aspclleret’ucl‘ctstcrrercc’,
1092 4189 1132 4232 sn
1142 4165 1217 4230 ‘edi-

93 4270 561 4349 ms-tosdum’emcctmduu
577 4273 628 4351 sit,
644 4272 720 4343 citit
735 4262 1218 4354 definio.‚,Quse‚sepuuntur,opti·
