2684 4694
80 177 145 243 ⁷14
532 168 661 238 nster
683 166 873 238 annlcne

144 346 307 432 promerito
314 345 541 430 desperantibus
550 344 650 408 subito
657 343 756 409 oblata
771 343 868 408 salute
882 341 1011 406 libentes
1025 341 1188 427 cupidiqne
1203 365 1279 410 con·

142 450 290 513 dicionem
305 457 487 531 acceperunt
502 447 710 531 petieruntque
725 440 897 522 aCaesarc,
915 454 948 508 ut
962 445 1114 510 uniuersis
1131 456 1198 511 ccc
1214 469 1275 512 uno

107 549 265 615 5nomine
281 552 436 635 pecuniam
451 549 622 633 imperaret.
653 545 759 630 ltaque
773 547 891 612 miliens
906 548 1048 611 sestertio
1064 547 1110 612 tis
1127 546 1272 633 inposito,

145 665 179 716 ιιι
194 674 248 738 per
263 652 422 716 triennium
437 672 495 715 sex
509 650 701 735 pensionibus
716 649 823 735 populo
839 647 977 713 Romano
992 650 1165 729 soluerent,
1192 651 1274 715 nollo

148 776 250 819 eorum
267 764 428 818 recusante
444 774 478 816 ae
494 775 527 818 sc
543 774 579 818 eo
595 753 643 817 die
657 755 773 818 demum
789 763 875 817 notos
891 754 1099 836 praedicantes
1115 753 1187 817 laeti
1200 775 1271 838 gra·
1293 766 1307 816 s

146 857 203 919 tias
218 867 312 939 agunt
326 851 466 919 Caesari.

90 958 131 1028 tl
233 956 304 1022 Rex
320 959 438 1022 interim
451 955 536 1036 luba,
547 969 626 1021 utex
636 957 749 1041 proelio
758 958 887 1040 ingerat,
899 977 957 1020 una
967 977 1032 1021 enm
1040 954 1162 1021 Petreio
1174 957 1274 1021 inter·

149 1060 238 1124 dinin
249 1059 327 1124 uillis
342 1059 485 1124 latitando
493 1059 610 1123 tandem
620 1059 776 1123 nocturnis
785 1058 942 1122 itineribus
950 1059 1095 1122 conlectis
1102 1059 1135 1122 in
1142 1078 1271 1142 regnum

111 1163 132 1226 2
148 1162 286 1247 peruenit
300 1173 390 1244 atque
405 1163 442 1225 ad
457 1163 593 1247 oppidnm
610 1160 746 1240 Zamam,
764 1160 813 1225 ubi
828 1161 892 1244 ipse
908 1160 1107 1234 domicilium,
1124 1160 1271 1243 coniuges

148 1263 319 1346 liberosque
334 1263 478 1343 habebat,
502 1286 560 1347 quo
582 1285 622 1328 ex
637 1274 745 1328 cuncto
760 1282 854 1347 regno
870 1283 988 1327 omnem
1004 1262 1160 1347 pecuniam
1175 1262 1273 1325 caris-
1298 1272 1326 1325 tt

148 1365 297 1448 simusque
312 1387 362 1431 res
378 1377 618 1452 comportauerat
633 1366 770 1449 quodque
789 1365 863 1428 inito
885 1364 962 1429 bello
977 1363 1115 1448 operibus
1127 1362 1271 1427 maximis

112 1464 134 1530 :t
149 1468 312 1545 munierat,
330 1469 455 1532 accedit.
480 1465 577 1550 Quem
594 1478 683 1532 antea
699 1468 836 1553 oppidani
851 1486 971 1531 rumore
986 1474 1132 1551 exoptato
1145 1460 1273 1528 chae-

150 1570 227 1633 saris
243 1570 371 1634 uictoria
386 1571 488 1635 audito
504 1569 542 1634 ob
558 1571 844 1654 hnscausasoppido
853 1569 1077 1655 prohibuerunt,
1096 1566 1175 1648 qnod
1191 1565 1273 1629 bello

151 1681 256 1733 contra
272 1670 408 1754 populum
422 1671 591 1735 Romanum
614 1683 755 1756 suscepto
776 1674 809 1737 in
831 1671 934 1757 oppido
949 1667 1060 1732 Zamae
1080 1666 1173 1749 lignis
1194 1686 1272 1729 eon·

150 1772 245 1855 gestis
267 1773 428 1836 maximam
450 1775 482 1838 in
503 1774 601 1839 medio
623 1775 689 1836 loro
712 1794 816 1860 pyram
833 1780 1059 1847 construxerat,
1082 1778 1128 1846 nt,
1146 1768 1174 1831 si
1189 1769 1274 1834 lortc
1299 1781 1327 1833 ιι

150 1872 229 1938 bello
245 1876 322 1939 loret
337 1886 513 1959 superatus,
530 1875 667 1940 omnibus
682 1875 772 1940 rebus
787 1897 825 1940 eo
840 1873 1043 1950 concernatis,
1067 1871 1137 1935 dein
1153 1870 1272 1935 ciuibus

150 1976 265 2039 eunctis
286 1977 455 2041 interiectis
479 1978 641 2062 eodemque
663 1979 804 2064 proiectis
825 1979 895 2064 igne
916 1977 1050 2041 solriecto
1073 1985 1136 2037 tum
1153 1973 1271 2036 demum

150 2077 263 2161 ipsese
278 2078 400 2162 insuper
413 2080 598 2145 interficeret
612 2093 702 2164 atque
716 2101 775 2144 una
791 2101 857 2144 cum
873 2078 993 2156 liberis,
1010 2075 1203 2160 coningibus,
1228 2075 1272 2138 ci·

116 2178 238 2245 tutum
254 2191 421 2265 canemque
436 2205 512 2267 gaza
527 2183 612 2269 regia
628 2194 825 2248 cremaretur.
849 2179 1012 2264 Postquam
1027 2175 1102 2242 iuba
1115 2187 1184 2241 ante
1198 2196 1269 2260 pon·

151 2293 199 2348 tas
214 2285 264 2349 diu
280 2286 462 2370 multumque
478 2287 572 2371 primo
588 2287 677 2350 minis
693 2306 747 2370 pro
762 2286 888 2370 imperio
904 2284 1018 2368 egisset
1032 2302 1098 2344 cnm
1114 2277 1271 2344 Zamenm·
1292 2286 1327 2339 ιιι

149 2385 224 2464 bns,
241 2386 327 2465 dein,
345 2408 410 2451 oum
427 2409 461 2451 se
476 2410 578 2472 parum
596 2390 741 2474 prolicere
756 2386 968 2462 intellexisset,
986 2384 1123 2468 precibus
1137 2390 1271 2460 orasset,

151 2488 195 2550 uti
217 2507 250 2550 se
266 2487 303 2550 ad
319 2510 389 2552 suos
405 2489 478 2553 deos
494 2501 617 2573 penates
633 2491 843 2567 admitterent,
868 2489 919 2553 nbi
935 2507 988 2552 eos
1004 2496 1141 2570 perstare
1155 2485 1189 2546 in
1203 2502 1274 2547 sen-

149 2588 243 2651 tentio
259 2588 468 2653 animaduertit
483 2611 539 2654 nee
554 2592 643 2655 minis
659 2613 715 2656 nce
731 2591 867 2676 precibus
881 2591 945 2654 suis
961 2587 1089 2665 moneri,
1108 2608 1168 2670 quo
1177 2585 1272 2670 magis

151 2710 184 2755 se
199 2689 388 2776 reciperent,
413 2693 502 2756 tertio
524 2694 598 2777 petit
612 2694 649 2758 ab
665 2695 721 2772 eis,
739 2706 774 2758 ut
787 2693 843 2757 sibi
859 2693 1001 2777 coniuges
1016 2691 1188 2772 liberosque
1202 2688 1272 2753 red·

119 2790 138 2856 5
154 2792 278 2868 derent,
294 2804 327 2856 ut
341 2815 443 2859 secum
459 2816 511 2860 eos
527 2807 708 2880 asportaret.
741 2795 904 2879 Postquam
920 2792 978 2859 sibi
992 2793 1066 2857 nihil
1080 2792 1204 2855 omnino
1219 2811 1274 2874 op-
1294 2798 1327 2853 25

152 2896 277 2980 pidanos
292 2897 429 2982 responsi
444 2898 571 2961 reddere
585 2899 816 2976 animaduertit,
841 2898 922 2961 nulla
940 2918 975 2961 re
996 2895 1034 2960 ab
1050 2896 1095 2959 lris
1110 2895 1273 2976 impetrata

151 2998 188 3063 alt
205 2997 298 3062 Zama
314 2999 438 3064 discedit
455 3012 543 3084 atque
558 3002 595 3065 ad
611 3003 711 3066 uillam
726 3019 810 3064 snam
826 3021 893 3063 cnm
907 2997 954 3063 M.
971 2995 1092 3062 Petreio
1106 2992 1272 3078 paucisque

95 3100 139 3170 92
153 3101 300 3182 equitibus
316 3123 350 3166 se
365 3104 493 3167 confert.
525 3101 692 3168 'hamenses
715 3103 834 3167 interim
857 3104 973 3185 legatos
996 3101 1034 3164 de
1055 3098 1100 3162 liis
1120 3095 1211 3160 rebus
1233 3095 1274 3158 ad

151 3196 314 3266 Caesarem
338 3202 456 3269 Vticam
479 3206 601 3269 mittunt
624 3216 786 3290 petuntque
809 3205 844 3268 ab
868 3225 925 3282 eo,
950 3203 1012 3281 uti,
1037 3212 1196 3284 antequam
1213 3216 1272 3260 rex

259 3392 612 3462 imerito‘mss.ploripuc'.
718 3395 831 3447 oblatam
842 3395 953 3446 salutem
966 3393 991 3442 d.
1098 3387 1275 3439 conditionem

149 3470 199 3536 (a).
311 3473 327 3523 3
341 3474 429 3538 itaque
442 3490 459 3523 α
474 3476 488 3523 d
502 3491 525 3538 c,
540 3476 628 3541 itaque
642 3475 681 3526 his
695 3489 722 3525 ιι.
829 3471 930 3522 miliens
944 3486 970 3533 a,
985 3466 1081 3518 millies
1094 3465 1139 3515 ed
1153 3463 1273 3514 ‘stolis“.

257 3549 408 3600 sestertium
421 3551 443 3600 is
456 3551 568 3617 inposito
581 3565 609 3601 n.
727 3552 741 3601 5
755 3548 964 3613 susceptiones,
978 3544 1069 3595 eodem
1083 3540 1162 3593 codd.

149 3626 254 3692 datque
267 3641 320 3676 om.
337 3627 362 3675 d.
476 3628 505 3679 ll
522 3643 623 3694 qnoque
637 3644 664 3677 ιι.
777 3624 853 3690 inito]
867 3626 893 3674 in
908 3624 933 3673 d.
1039 3621 1071 3673 ts
1083 3619 1232 3669 muniuerat
1245 3632 1274 3667 a.

257 3707 375 3774 oppidani
389 3715 468 3758 antea
481 3723 541 3758 oum
554 3708 644 3758 edoce.
655 3722 682 3757 ιι.
790 3707 821 3758 13
830 3705 900 3756 bella
912 3708 977 3754 onte
990 3715 1061 3752 corr.
1070 3714 1097 3748 ιι.
1205 3694 1237 3745 ll
1247 3713 1274 3747 z.

148 3799 172 3834 a.
188 3800 227 3836 me
240 3802 267 3836 ιι.
378 3787 503 3836 coniectis
519 3787 542 3835 d.
654 3785 685 3836 ld
699 3785 757 3836 dein
771 3801 787 3835 o
801 3786 825 3848 d,
841 3784 935 3834 deliine
947 3798 975 3832 ιι.
1086 3775 1117 3826 ld
1131 3775 1186 3841 ipse
1201 3790 1231 3824 sc
1245 3792 1273 3839 ιι,

149 3876 177 3910 se
190 3863 247 3927 ipsc
260 3860 320 3912 odd.
433 3863 463 3916 21
480 3862 539 3912 dein
552 3879 578 3926 a,
594 3862 688 3912 deinde
702 3877 729 3912 ιι.
835 3877 864 3912 sc
878 3876 930 3912 otu.
947 3861 971 3909 b.
1078 3851 1202 3920 precibus
1215 3867 1233 3902 a
1249 3853 1273 3915 d,

149 3938 268 4003 precibus
281 3953 382 4003 quoqne
396 3954 422 3989 ιι.
530 3943 563 3992 tt
577 3949 695 4008 perstare
710 3942 734 3991 in
749 3941 880 3991 sententie
893 3956 909 3990 ιι
923 3938 983 3990 edd.
997 3940 1060 3988 onte
1074 3931 1137 3986 Ater.
1152 3929 1276 3996 (ceddae

149 4018 174 4067 in
188 4030 235 4066 sun
244 4016 337 4079 sent),
352 4018 378 4067 in
392 4021 524 4070 sententia
536 4028 656 4087 perstare
670 4018 756 4070 Aldus
769 4034 786 4068 ιι
799 4016 956 4084 (persistere
970 4016 1008 4081 i).
1120 4010 1153 4065 td
1168 4024 1278 4076 respon·

149 4109 204 4147 sum
217 4109 234 4143 a
248 4095 272 4143 b·
395 4094 434 4144 his
448 4111 465 4145 a
479 4096 538 4148 cdd.
548 4102 666 4164 priores,
681 4099 715 4149 iis
728 4097 760 4148 P.
775 4096 916 4147 Manutius
930 4112 957 4146 ιι.
1078 4090 1112 4143 27
1125 4085 1161 4138 M·
1176 4103 1229 4138 om.
1246 4087 1272 4138 b.

255 4170 537 4242 28scom.o‚iterb.
648 4173 931 4237 eoulort]oonlocitb.
1039 4165 1277 4232 liodoaldprio·

150 4262 200 4310 m,
216 4248 249 4298 iis
259 4247 291 4298 1².
306 4243 486 4298 Haereticam.
