2684 4694
73 214 142 288 wit
524 206 657 275 uuum
678 203 868 274 nealcae

135 389 166 454 ni
180 384 314 450 subrutis
329 381 522 465 disiectisque
537 391 626 446 noete
642 381 820 465 intempesta
834 378 956 462 ignibus
971 377 1136 459 extinctis,
1159 379 1269 461 rebus,

134 508 212 575 quac
234 485 272 551 sd
292 485 403 550 uictum
428 483 599 568 pertinent,
623 483 760 548 omuibus
783 485 931 567 corruptis
956 501 1009 566 per
1029 492 1133 546 castra
1153 483 1268 567 passim

135 589 325 678 nugabantur
337 587 493 670 scutisque
507 587 604 671 eapite
620 585 832 670 contegebant.
862 582 977 649 Eadem
992 595 1083 648 necte
1096 593 1121 649 v
1134 584 1268 671 legionis

79 694 263 780 48pitorum
279 689 435 754 eacumina
449 707 504 752 sua
518 699 625 773 sponte
639 698 790 754 arserunt.
815 685 888 751 Rex
903 686 1023 751 interim
1035 683 1110 752 lube
1124 688 1162 752 de
1173 708 1267 772 eque-

136 795 192 861 stri
212 792 326 877 proelio
342 787 494 874 Scipionis
516 791 630 856 certior
644 792 741 855 tectus
756 800 961 873 euocatusque
975 789 1015 855 ab
1030 791 1135 855 eodem
1150 790 1263 857 litteris
1282 803 1297 855 t

136 895 290 983 praetecta
306 890 440 958 Saburra
463 914 530 957 com
546 904 630 978 parte
645 893 801 958 exercitus
817 903 923 957 contra
938 889 1061 957 Sittium
1076 893 1207 972 relicto,
1230 904 1265 959 ut

135 1018 240 1063 secum
260 997 326 1080 ipse
348 994 460 1078 aliquid
474 995 663 1060 auctoritatis
678 994 804 1060 adderet
818 993 968 1060 exercitui
984 990 1131 1078 Scipionis
1147 1014 1184 1058 ac
1199 1005 1266 1060 ter-

136 1120 236 1165 rorem
249 1093 405 1175 Caesaris,
422 1118 488 1161 eum
506 1097 600 1162 tribus
615 1097 783 1183 legionibus
799 1096 1006 1181 equitibusque
1021 1096 1144 1161 bematis
1157 1105 1262 1176 occe,

135 1198 278 1266 Numidis
300 1199 366 1264 siue
388 1200 483 1264 benis
504 1199 710 1285 peditibusque
730 1200 808 1265 leuis
828 1209 1000 1264 armaturae
1014 1198 1121 1284 gandi
1135 1218 1264 1263 numero

136 1302 361 1389 elepbsntisque
374 1311 453 1366 xxx
467 1320 608 1386 egressos
629 1322 649 1366 e
670 1322 765 1387 regno
785 1302 822 1366 ad
838 1298 1010 1386 Scipionem
1031 1311 1081 1365 est
1094 1301 1262 1384 proiectus.
1284 1310 1314 1365 ts

100 1404 123 1470 2
136 1401 299 1493 Postquam
315 1404 434 1469 adeum
450 1403 605 1489 peruenit,
626 1405 736 1470 castris
750 1404 846 1488 regiis
859 1424 994 1469 seorsum
1010 1403 1117 1486 positis
1130 1424 1199 1467 uum
1214 1403 1262 1469 eis

136 1509 252 1591 copiis,
276 1527 350 1590 quas
365 1508 616 1587 commemoraui,
641 1508 718 1573 baud
733 1507 776 1571 ita
790 1506 880 1590 longe
894 1504 933 1571 ab
947 1500 1089 1589 Scipione
1105 1507 1258 1571 consedit.

103 1608 123 1674 3
139 1606 238 1691 (Erat
260 1609 292 1674 in
315 1609 423 1672 eastris
439 1604 584 1673 Caesaris
606 1611 763 1695 superiore
786 1619 916 1694 tempore
935 1628 1061 1693 maguus
1080 1617 1202 1682 terror,
1225 1618 1262 1673 et

136 1709 348 1796 expectabooe
362 1710 515 1795 copiarum
530 1709 682 1795 regiarum
696 1712 851 1776 exereitus
861 1709 926 1774 eins
944 1710 1039 1795 magis
1058 1709 1261 1794 suspensione

101 1812 237 1879 ianime
252 1823 324 1878 ante
337 1813 498 1879 aduentum
513 1809 607 1878 Iubae
622 1814 882 1894 commonebaturq
898 1822 1050 1898 postquam
1065 1831 1141 1876 nero
1157 1821 1261 1878 casm
1284 1822 1311 1879 tt

137 1913 247 1981 eastris
262 1915 400 1994 eontulit,
411 1914 560 1999 despectis
575 1915 641 1980 eius
657 1915 751 2000 copiis
765 1936 883 1981 omnem
899 1917 1035 1980 timorem
1050 1914 1184 1999 deponit.
1211 1912 1260 1981 Its

135 2038 222 2102 quem
245 2027 335 2081 antee
356 2016 466 2083 absens
490 2017 637 2084 babuerat
650 2018 877 2096 auctoritatem,
901 2036 967 2082 mm
982 2037 1101 2082 omnem
1115 2037 1261 2104 praeseus

101 2117 121 2184 b
137 2118 321 2203 dimiserat.)
343 2115 413 2202 Quo
429 2121 507 2185 iacto
522 2121 620 2186 cuiuis
636 2121 722 2187 incile
737 2120 794 2184 fuit
807 2121 963 2186 intellectu
978 2116 1111 2205 Scipioni
1125 2120 1259 2184 additum

100 2220 266 2288 tianimum
288 2223 482 2307 fiduciamque
504 2224 586 2309 regis
607 2225 749 2290 aduentu.
781 2223 861 2289 Nam
885 2235 1005 2308 postero
1025 2222 1076 2287 dic
1099 2221 1259 2287 uniuersas

137 2344 208 2391 sues
230 2325 370 2411 regisque
392 2324 493 2412 copias
516 2347 583 2390 cum
598 2327 764 2412 elephantis
778 2336 826 2391 bx
840 2328 999 2412 productas
1013 2326 1045 2390 iu
1060 2325 1154 2389 aciem
1169 2345 1260 2408 quam
1280 2333 1312 2389 st

137 2428 359 2510 speciosissime
381 2429 477 2512 putuit
497 2429 644 2493 instruxit
663 2449 699 2493 ao
715 2429 802 2514 paulo
818 2429 937 2514 tongins
952 2448 1131 2514 progressus
1143 2426 1181 2492 ab
1196 2427 1259 2491 snio

79 2527 348 2605 ammonitionibus
364 2529 436 2592 baut
450 2529 491 2592 ita
506 2530 557 2594 diu
571 2543 771 2597 commoratus
785 2553 819 2596 sc
833 2531 942 2616 recipit
952 2531 985 2597 in
995 2541 1108 2595 castra.
1128 2526 1257 2609 Caesar,

136 2640 292 2715 postquem
313 2628 527 2696 animaduertit
546 2629 680 2718 Scipioni
702 2634 816 2700 auxilie
838 2635 921 2711 iere,
952 2654 1028 2718 quae
1050 2642 1257 2717 expectasset,

136 2733 237 2799 omnia
258 2734 437 2799 conuenisse
459 2755 556 2819 neque
577 2757 692 2801 moram
712 2737 861 2822 pugnandi
877 2737 966 2801 uliam
982 2738 1065 2815 tore,
1089 2755 1143 2819 per
1156 2736 1261 2819 iugum

136 2855 281 2901 summum
304 2857 369 2900 eum
394 2837 488 2921 copiis
515 2841 654 2923 progredi
676 2841 775 2924 coepit
796 2849 827 2902 et
847 2839 968 2904 bruebia
991 2839 1126 2923 protinus
1149 2839 1262 2903 ducere
1282 2846 1315 2903 ²⁸

137 2949 167 3002 et
189 2939 314 3005 castelle
343 2939 460 3005 munire
483 2940 662 3026 propiusque
684 2939 856 3026 Scipionem
879 2941 1021 3026 capiendo
1041 2940 1107 3003 ioca
1129 2940 1258 3005 excelsa

102 3039 286 3124 boeoupare
309 3041 482 3123 contendit,
508 3065 548 3107 ne
569 3044 733 3110 aduersarii
755 3043 960 3130 magnitudine
981 3043 1131 3127 copiarum
1146 3040 1258 3105 contisi

137 3143 307 3228 proximum
329 3145 435 3210 collem
457 3159 642 3231 occuparent
662 3158 753 3233 atque
774 3149 817 3212 ita
840 3147 960 3232 longius
975 3144 1031 3211 sibi
1048 3143 1259 3231 progrediendi

244 3339 256 3390 t
271 3337 298 3389 ui
313 3339 398 3404 0ud.,·
412 3352 441 3395 ut
453 3361 480 3409 a,
494 3345 538 3396 nel
552 3347 567 3396 b
579 3363 603 3398 e.
740 3347 857 3399 subrutis
870 3347 1039 3412 disiectisque
1053 3344 1139 3409 eosq
1151 3344 1258 3396 subruti

135 3416 291 3484 disiectique
303 3417 415 3484 reliqui,
429 3422 539 3475 subruta
551 3424 713 3492 disiectaque
725 3441 742 3475 a
756 3442 779 3477 c.
895 3424 1018 3476 extinctis
1032 3437 1059 3474 n.
1177 3421 1259 3474 rebus

134 3507 200 3561 quse
220 3521 251 3532 -
268 3495 400 3560 pertinent
414 3499 429 3549 b
442 3516 471 3565 o,
485 3500 614 3568 rebusque
630 3529 665 3540 -
681 3502 776 3568 partim
788 3519 805 3552 a
813 3521 823 3565 ,·
836 3503 966 3568 rebusque
979 3528 1012 3539 -
1025 3497 1216 3567 pertinentibus
1227 3513 1258 3552 ss.

242 3571 258 3622 3
271 3586 297 3622 ιν
308 3586 335 3636 u,
349 3588 368 3625 tt
382 3575 407 3625 b.
518 3579 534 3629 b
547 3578 677 3629 Saburrae
689 3594 716 3644 u,
731 3577 846 3631 Saburra
861 3581 876 3630 b
884 3598 894 3643 ,·
907 3578 1007 3630 Sabura
1019 3576 1106 3628 Aldus
1117 3591 1146 3625 u.

135 3645 242 3698 Sittium
255 3662 282 3709 a,
297 3646 391 3703 Sitium
404 3667 432 3704 u.
562 3655 578 3707 i
591 3655 702 3707 adderet
715 3653 929 3722 Oudendorps'us,
944 3653 1052 3704 baberet
1065 3649 1144 3700 codd.

135 3725 263 3776 exercitui
277 3725 318 3792 (a)
333 3728 550 3796 Oudendoaps'us,
564 3732 697 3782 exercitus
709 3732 819 3798 reliqui.
934 3746 966 3782 se
978 3737 1104 3781 terrorem
1116 3723 1157 3790 (a)
1172 3725 1256 3791 unet,

134 3801 167 3851 sd
180 3809 309 3854 terrorem
322 3805 337 3854 b
345 3823 354 3867 ,·
369 3818 400 3857 so
414 3813 515 3858 terrore
528 3806 544 3859 3
556 3806 623 3858 dart.
734 3808 749 3859 u
763 3809 831 3860 inuis
843 3808 861 3863 2
873 3808 952 3874 daec,
966 3807 1022 3860 eius
1033 3803 1145 3869 reliqui.

135 3875 167 3928 10
179 3875 468 3944 eiepbeutisb2dett.
576 3883 605 3935 tt
620 3884 759 3948 regisud.
870 3885 927 3936 eius
942 3886 967 3937 b.
1075 3879 1257 3948 tdsupericre

132 3966 150 4002 c
163 3952 188 4016 b,
202 3955 331 4021 superiori
344 3972 372 4007 u.
534 3967 562 4011 et
574 3959 734 4028 exspectatio
746 3977 763 4012 u
778 3962 792 4013 b
805 3959 831 4024 d,
847 3976 880 4011 ex
893 3959 1116 4028 exspectationes
1129 3959 1200 4025 (esp.
1214 3958 1255 4021 c).

243 4031 273 4084 to
288 4033 406 4085 timorem
418 4048 436 4084 a
449 4034 474 4098 b,
488 4041 615 4089 terrorem
627 4052 655 4089 u.
791 4037 823 4089 ¹8
836 4036 920 4089 cuiuis
934 4037 973 4104 (a)
988 4036 1125 4100 stacte,
1140 4035 1213 4089 euius
1227 4033 1254 4085 d.

241 4111 403 4163 intellectum
417 4113 431 4162 b
445 4128 459 4162 c
472 4112 499 4165 d.
606 4116 641 4172 22
653 4122 699 4167 aut
710 4130 736 4167 c.
841 4116 962 4183 recipite
978 4117 1053 4169 ‘mse
1065 4115 1101 4180 2’,
1116 4112 1214 4181 reecpit
1224 4127 1270 4178 τι.Ι

239 4188 274 4241 tt
287 4193 455 4255 expectasset
467 4205 493 4241 a.
627 4192 661 4246 27
674 4189 818 4258 contendit]
831 4193 920 4260 coepit
932 4195 956 4245 b.
1085 4207 1117 4246 un
1130 4191 1259 4242 aduersu·

133 4264 165 4315 rii
174 4292 208 4302 --
217 4263 272 4330 (ott)
282 4266 558 4335 occuparent-(bii,
568 4267 592 4333 t)
605 4267 736 4335 eriperent
749 4283 808 4335 ego,
823 4268 969 4322 aduersarii
978 4296 1008 4307 -
1019 4273 1257 4337 occupauerunt-
