2692 4688
423 153 912 230 namurcensi-rs.
1220 166 1283 238 ³21

103 327 241 394 mrtartr
261 327 312 394 ina
331 328 497 413 legatorum
520 341 763 397 consecraretur.
808 330 915 417 Itaque
935 333 1015 398 omni
1039 346 1148 402 senatu
1171 359 1227 405 ao-

104 444 173 499 catc
187 432 322 515 reliquos
338 432 393 496 sub
408 453 520 498 corona
536 435 680 498 uendidit.

190 531 268 600 llum
292 535 365 599 haec
386 536 419 598 in
440 534 569 600 Venetis
591 547 755 620 geruntur,
779 532 909 617 Quintus
935 536 1073 604 Titurius
1095 535 1226 610 Sabinus
1239 544 1282 617 17

103 657 171 701 cun
185 636 223 701 iia
239 637 347 720 copiis,
365 658 439 720 quas
454 657 472 700 a
488 635 622 703 Caesare
637 649 807 723 acceperat,
825 639 856 702 in
873 639 947 704 fines
964 639 1141 707 Vnellcrum
1157 665 1225 728 per·

65 752 84 804 ὅ
105 740 201 804 uenit.
240 737 299 802 llio
315 750 453 823 praeerat
468 739 629 806 Viridouix
645 762 681 804 ac
696 761 839 805 summam
854 741 969 825 imperii
986 742 1107 807 tenebat
1121 766 1224 812 earnm
1237 746 1273 814 2‘

103 842 233 906 omnium
249 842 417 921 ciuitatum,
434 864 511 930 quae
526 844 711 920 deiecerant,
729 864 770 906 ex
785 843 893 926 quibus
908 845 1076 908 exercitum
1086 869 1225 933 magnas·

103 964 160 1028 qne
174 944 278 1028 copias
294 951 453 1029 cotgerat3
474 957 565 1028 atquo
587 945 633 1009 lais
655 946 757 1029 paucis
773 944 878 1009 diebus
893 943 1017 1010 Aulerci
1033 946 1259 1017 Eburouicesd

101 1044 294 1130 Lexouiique
308 1058 417 1111 senatu
431 1068 488 1111 sno
503 1047 679 1126 interiecto,
705 1047 781 1130 quod
804 1059 945 1112 auctores
968 1047 1038 1112 belli
1055 1071 1123 1115 esse
1138 1054 1224 1119 nole·

100 1149 190 1225 bant,
223 1159 327 1235 portas
361 1149 534 1214 clauserunt
557 1170 650 1233 seque
681 1170 748 1212 cnm
774 1147 950 1214 Viridouicc
976 1151 1219 1234 coniunxeruntr
1279 1218 1283 1225 ,

45 1263 79 1317 tt
99 1271 264 1336 magnaque
287 1262 445 1336 praeterea
465 1252 623 1316 multitudo
645 1252 774 1334 undique
795 1271 837 1314 ex
852 1248 949 1316 Gallia
971 1254 1152 1335 perditorum
1168 1256 1257 1324 lio-4

101 1355 212 1419 minum
227 1354 434 1439 latronumque
455 1364 657 1432 conuenerat,
681 1374 756 1437 quos
771 1373 841 1435 spes
854 1355 1016 1436 praedandi
1031 1357 1220 1442 studiumque

99 1455 229 1521 bellandi
251 1456 289 1520 ali
311 1457 495 1542 agricultura
517 1468 549 1521 et
570 1457 721 1521 cotidiano
742 1455 845 1519 labore
866 1457 1041 1521 reuocabat.
1086 1455 1255 1527 saltumn

98 1558 207 1623 idoneo
216 1559 451 1624 omnilnsrelrus
467 1559 533 1623 loco
542 1560 650 1624 castris
663 1579 732 1624 aeae
746 1559 879 1635 tenebat,
897 1581 963 1622 cnm
972 1557 1133 1627 Viridouia
1146 1584 1219 1629 con·

101 1670 147 1725 tra
170 1681 239 1726 eum
262 1663 352 1726 dnum
373 1661 486 1726 milium
501 1662 599 1746 spatio
614 1662 801 1726 consedisset
815 1660 982 1744 cotidieque
998 1662 1150 1744 productis
1166 1686 1218 1730 co-

45 1773 77 1826 11
97 1763 155 1848 piis
164 1763 319 1849 pugnandi
334 1773 511 1848 potestatem
531 1764 665 1843 laceret,
689 1774 723 1828 ut
742 1764 803 1827 iam
825 1783 886 1826 uon
908 1764 1003 1826 solum
1026 1763 1162 1829 hostibus
1184 1767 1218 1831 in

97 1867 347 1950 contemptionem
362 1862 493 1931 Sabinus
509 1866 646 1941 ueniret,
662 1866 715 1930 scd
731 1866 820 1929 etiam
836 1877 1008 1929 nostrorum
1023 1865 1147 1930 militum
1163 1889 1217 1931 no·

97 1968 188 2032 cilina
203 1968 336 2033 nonnihil
350 1978 542 2053 carperetnr3
563 1977 736 2050 tantamque
751 1967 919 2050 opinionem
937 1967 1051 2031 timoris
1066 1968 1216 2052 praebuit,
1230 1967 1253 2035 6

98 2078 134 2132 ut
148 2068 209 2132 iam
223 2069 260 2132 ad
275 2069 379 2135 nnllam
399 2081 570 2136 eastmrurn
586 2070 687 2134 hostes
702 2070 846 2133 accedere
863 2070 1019 2132 auderent.
1062 2067 1098 2133 ld
1122 2092 1159 2135 ea
1179 2072 1216 2136 de
1230 2072 1252 2137 7

96 2190 191 2235 cansa
205 2171 351 2252 lecim,
366 2173 444 2258 qnod
459 2195 525 2237 cum
544 2183 628 2237 tanta
642 2171 828 2235 multitudine
844 2170 972 2233 hostium
989 2172 1163 2254 praesertim
1179 2194 1216 2238 eo

40 2283 75 2339 11
94 2273 234 2353 absente,
250 2275 301 2358 qui
316 2294 460 2340 summam
476 2274 592 2360 imperii
608 2284 743 2350 teneret,
769 2273 827 2337 nisi
849 2292 944 2354 aequo
960 2271 1026 2335 loco
1042 2282 1094 2334 aut
1109 2294 1216 2356 oppor-
1252 2340 1256 2347 .

93 2377 222 2442 tonituto
235 2377 334 2462 aliqua
348 2379 417 2444 data
433 2378 532 2462 legato
548 2377 743 2441 dimicandum
761 2396 820 2439 non
836 2373 1040 2439 existimabat.
1059 2372 1124 2438 Hac
1139 2396 1212 2439 con·
1228 2375 1271 2448 18

95 2480 213 2544 firmata
233 2481 374 2565 opinione
395 2481 512 2545 timoris
532 2481 671 2545 idoneum
693 2480 838 2563 quendam
862 2477 1011 2542 hominem
1033 2487 1064 2541 et
1078 2475 1214 2543 callidum

95 2582 217 2668 delegit,
234 2579 374 2663 Gallum,
391 2604 433 2647 ex
448 2583 497 2662 iia,
515 2604 589 2666 quos
605 2582 709 2647 auxilii
725 2602 814 2645 causa
829 2602 930 2645 secum
947 2580 1086 2644 habebat.
1132 2578 1250 2645 liniat

39 2685 45 2706 ‘
93 2687 211 2771 aragois
226 2687 366 2770 praemiis
381 2685 700 2771 pollicitationibusque
716 2685 885 2768 persuadet,
903 2682 946 2745 nti
958 2682 993 2744 ad
1006 2682 1106 2745 hostes
1115 2692 1214 2747 trans

44 2797 75 2853 11
93 2801 159 2868 eat,
175 2800 225 2870 et,
242 2789 311 2874 quid
327 2788 392 2852 lieri
408 2789 497 2864 uelit,
515 2790 628 2852 edocet.
645 2783 704 2868 Qui
721 2785 768 2850 ubi
784 2806 836 2870 pro
852 2786 976 2869 perfuga
993 2782 1028 2846 ad
1046 2803 1098 2845 eos·
1113 2782 1211 2860 uenit,
1228 2782 1248 2847 3

93 2893 230 2957 timorem
244 2890 452 2957 Romanorum
468 2888 618 2975 proponit,
635 2888 739 2972 quilius
755 2887 904 2972 angustiis
919 2887 983 2970 ipsc
993 2880 1111 2947 Caesar
1124 2903 1142 2946 a
1153 2881 1214 2948 Ve-

93 2995 170 3060 netia
185 3004 357 3080 prematur,
374 2994 479 3070 docet,
497 3013 594 3076 neque
608 2991 727 3075 longius
743 2990 867 3066 abesse,
884 2989 954 3071 quin
971 2985 1108 3070 proxima
1123 2985 1249 3075 noctel

96 3093 229 3162 Salium
244 3097 319 3161 clam
335 3095 499 3160 excestria
515 3094 686 3159 exercitum
701 3093 809 3158 educat
826 3091 908 3153 etad
925 3086 1088 3153 Caesarem
1105 3088 1213 3153 anxilii

93 3200 208 3264 ferendi
224 3220 314 3264 causa
335 3198 554 3284 proficiscatur.
599 3193 687 3278 Quod
711 3194 759 3257 ubi
780 3193 913 3257 auditum
935 3201 999 3268 est,
1024 3188 1246 3254 conclamant5

45 3307 73 3362 tt
92 3323 196 3368 omnes
211 3302 402 3367 occasionem
418 3299 530 3386 negotii
544 3299 620 3364 bene
634 3296 760 3381 gerendi
780 3294 971 3360 amittendam
986 3313 1046 3357 uon
1062 3311 1130 3357 csse
1139 3339 1149 3373 ,
1173 3292 1211 3357 ad

200 3524 453 3578 lobsernaretnrd.
592 3514 1025 3588 'QuintusABllE,Q.(J)u.
1147 3513 1210 3567 titi

92 3603 186 3669 (Blfl,
201 3603 225 3653 la
239 3601 274 3666 C,
290 3602 340 3653 tiis
352 3601 391 3664 Ε,
405 3600 481 3667 laiss.
605 3601 620 3651 d
634 3599 657 3649 is
668 3599 707 3660 B,
722 3597 755 3647 iis
768 3596 793 3646 A
800 3596 832 3646 E.
954 3590 1080 3642 Vridouix
1093 3591 1126 3656 d,
1140 3590 1210 3643 Viri·

91 3680 189 3732 toenia
203 3680 237 3731 ’Β
250 3685 279 3730 et
287 3678 431 3746 deincepa'.
543 3677 558 3729 7
571 3677 604 3730 iia
616 3678 642 3728 A
647 3675 741 3727 BDE.
861 3669 970 3722 Aulerci
982 3670 1038 3720 AB
1045 3669 1143 3735 ΟΜ,
1157 3670 1210 3723 Au·

91 3757 166 3809 reliel
179 3757 225 3808 to.
331 3755 519 3823 8Lexobiique
530 3754 566 3806 Ι).
672 3752 687 3802 d
700 3766 780 3817 aeque
794 3746 936 3799 Viridouici
951 3747 975 3797 d.
1082 3746 1113 3798 ta
1125 3762 1154 3798 ae
1167 3763 1209 3800 re·

89 3835 191 3887 n‘nebat
201 3834 243 3897 A,
257 3849 287 3887 ae
301 3834 407 3885 tenebat
419 3832 471 3899 ds.
604 3831 636 3882 ll
649 3831 755 3881 duorum
770 3829 794 3878 d.
936 3823 967 3874 to
981 3828 1152 3889 contemptum
1167 3825 1215 3892 ds

89 3911 230 3977 (Ceterrm
243 3911 477 3977 contemptionem,
489 3924 542 3959 arca
561 3907 775 3968 contemtionem,
794 3904 820 3956 A
829 3903 851 3954 C
858 3902 914 3954 DE
931 3904 959 3950 et
971 3900 1070 3965 ntique
1082 3901 1107 3966 B
1118 3908 1147 3954 et
1158 3904 1208 3955 loe

87 3992 115 4039 at
125 3987 247 4051 similia,
261 3991 319 4038 aira·
329 3988 408 4039 alind
419 3984 571 4052 meacm).
675 3983 708 4035 ta
721 3983 752 4032 de
766 3979 854 4047 noas.
950 3977 981 4032 tt
998 3977 1085 4042 legato
1098 3979 1129 4031 Ρ.
1147 3980 1205 4036 127.

197 4062 258 4130 lac]
272 4079 303 4115 ac
315 4065 339 4115 B
353 4066 426 4115 ‘maa
439 4062 547 4114 multi’.
658 4060 692 4114 2³
706 4059 799 4122 dileqit
810 4073 845 4108 m.
856 4071 901 4123 pr.
917 4055 955 4119 B,
969 4054 1062 4120 deligit
1074 4057 1097 4106 d.

89 4159 123 4196 ex
133 4144 175 4195 laia
188 4144 264 4195 codd.
280 4141 493 4194 addentem.
509 4144 537 4191 et
548 4155 576 4190 n.
679 4138 712 4190 25
726 4143 754 4188 et
765 4151 818 4187 om.
832 4151 855 4188 a.
970 4132 1052 4183 nollet
1064 4147 1100 4183 m.
1112 4147 1156 4198 pr.
1173 4131 1204 4183 C.

195 4221 239 4272 ulai
251 4219 361 4288 profuga
374 4220 399 4271 1.
503 4214 753 4285 27premebaturl.
855 4211 1125 4265 succendereris.

101 4326 359 4387 eaesaeetsttppero.
991 4301 1032 4365 21
