<?xml version="1.0" encoding="UTF-8"?>
<!DOCTYPE html PUBLIC "-//W3C//DTD XHTML 1.0 Transitional//EN"
    "http://www.w3.org/TR/xhtml1/DTD/xhtml1-transitional.dtd">
<html xmlns="http://www.w3.org/1999/xhtml" xml:lang="en" lang="en">
 <head>
  <title>
</title>
<meta http-equiv="Content-Type" content="text/html;charset=utf-8" />
  <meta name='ocr-system' content='tesseract 3.04.00' />
  <meta name='ocr-capabilities' content='ocr_page ocr_carea ocr_par ocr_line ocrx_word'/>
</head>
<body>
  <div class='ocr_page' id='page_1' title='image "./civliicaesarisc02hirtgoog_0516.png"; bbox 0 0 2692 4688; ppageno 0'>
   <div class='ocr_carea' id='block_1_1' title="bbox 421 216 1265 297">
    <p class='ocr_par' dir='ltr' id='par_1_1' title="bbox 421 216 1265 297">
     <span class='ocr_line' id='line_1_1' title="bbox 421 216 1265 297; baseline -0.002 -10"><span class='ocrx_word' id='word_1_1' title='bbox 421 216 561 288; x_wconf 78' lang='lat' dir='ltr'><strong>coutttt</strong></span> <span class='ocrx_word' id='word_1_2' title='bbox 579 218 594 285; x_wconf 93' lang='lat' dir='ltr'><strong>l</strong></span> <span class='ocrx_word' id='word_1_3' title='bbox 610 216 704 287; x_wconf 78' lang='lat' dir='ltr'><strong>GAP.</strong></span> <span class='ocrx_word' id='word_1_4' title='bbox 721 218 876 290; x_wconf 74' lang='grc'>18-11.</span> <span class='ocrx_word' id='word_1_5' title='bbox 1202 222 1265 297; x_wconf 73' lang='lat' dir='ltr'><strong>ido</strong></span> 
     </span>
    </p>
   </div>
   <div class='ocr_carea' id='block_1_2' title="bbox 35 388 1283 3136">
    <p class='ocr_par' dir='ltr' id='par_1_2' title="bbox 35 388 1283 3136">
     <span class='ocr_line' id='line_1_2' title="bbox 88 388 1242 479; baseline 0.001 -18"><span class='ocrx_word' id='word_1_6' title='bbox 88 395 226 461; x_wconf 86' lang='lat' dir='ltr'><strong>debatur.</strong></span> <span class='ocrx_word' id='word_1_7' title='bbox 256 388 379 456; x_wconf 83' lang='lat' dir='ltr'><strong>Interea</strong></span> <span class='ocrx_word' id='word_1_8' title='bbox 394 403 530 456; x_wconf 89' lang='lat' dir='ltr'><strong>ueterem</strong></span> <span class='ocrx_word' id='word_1_9' title='bbox 545 392 732 471; x_wconf 80' lang='lat' dir='ltr'><strong>exercitum,</strong></span> <span class='ocrx_word' id='word_1_10' title='bbox 756 392 829 458; x_wconf 89' lang='lat' dir='ltr'><strong>dues</strong></span> <span class='ocrx_word' id='word_1_11' title='bbox 845 390 1008 475; x_wconf 82' lang='lat' dir='ltr'><strong>Hispaniae</strong></span> <span class='ocrx_word' id='word_1_12' title='bbox 1023 396 1205 479; x_wconf 87' lang='lat' dir='ltr'><strong>oonbrmari,</strong></span> <span class='ocrx_word' id='word_1_13' title='bbox 1222 395 1242 461; x_wconf 82' lang='grc'><strong>3</strong></span> 
     </span>
     <span class='ocr_line' id='line_1_3' title="bbox 88 492 1205 582; baseline 0.004 -22"><span class='ocrx_word' id='word_1_14' title='bbox 88 516 213 582; x_wconf 89' lang='lat' dir='ltr'><strong>quarum</strong></span> <span class='ocrx_word' id='word_1_15' title='bbox 228 505 297 558; x_wconf 88' lang='lat' dir='ltr'><strong>eret</strong></span> <span class='ocrx_word' id='word_1_16' title='bbox 311 494 405 558; x_wconf 82' lang='lat' dir='ltr'><strong>altera</strong></span> <span class='ocrx_word' id='word_1_17' title='bbox 421 494 561 558; x_wconf 85' lang='lat' dir='ltr'><strong>maximis</strong></span> <span class='ocrx_word' id='word_1_18' title='bbox 586 495 738 559; x_wconf 82' lang='lat' dir='ltr'><strong>beneficiis</strong></span> <span class='ocrx_word' id='word_1_19' title='bbox 754 492 877 579; x_wconf 81' lang='lat' dir='ltr'><strong>Pompei</strong></span> <span class='ocrx_word' id='word_1_20' title='bbox 892 494 1048 573; x_wconf 86' lang='lat' dir='ltr'><strong>deuiuets,</strong></span> <span class='ocrx_word' id='word_1_21' title='bbox 1072 499 1205 580; x_wconf 84' lang='lat' dir='ltr'><strong>auxilia,</strong></span> 
     </span>
     <span class='ocr_line' id='line_1_4' title="bbox 89 593 1207 683; baseline 0.001 -19"><span class='ocrx_word' id='word_1_22' title='bbox 89 600 254 683; x_wconf 88' lang='lat' dir='ltr'><strong>equitatum</strong></span> <span class='ocrx_word' id='word_1_23' title='bbox 270 597 382 682; x_wconf 89' lang='lat' dir='ltr'><strong>parari,</strong></span> <span class='ocrx_word' id='word_1_24' title='bbox 397 593 527 660; x_wconf 80' lang='lat' dir='ltr'><strong>Galliam</strong></span> <span class='ocrx_word' id='word_1_25' title='bbox 541 594 718 680; x_wconf 73' lang='lat' dir='ltr'>Italiamque</span> <span class='ocrx_word' id='word_1_26' title='bbox 732 598 870 680; x_wconf 90' lang='lat' dir='ltr'><strong>temptari</strong></span> <span class='ocrx_word' id='word_1_27' title='bbox 885 618 919 662; x_wconf 89' lang='lat' dir='ltr'><strong>se</strong></span> <span class='ocrx_word' id='word_1_28' title='bbox 934 596 1058 663; x_wconf 89' lang='lat' dir='ltr'><strong>absente</strong></span> <span class='ocrx_word' id='word_1_29' title='bbox 1074 601 1207 665; x_wconf 76' lang='lat' dir='ltr'>nolebat.</span> 
     </span>
     <span class='ocr_line' id='line_1_5' title="bbox 87 696 1283 788; baseline 0.002 -21"><span class='ocrx_word' id='word_1_30' title='bbox 87 700 194 786; x_wconf 88' lang='lat' dir='ltr'><strong>ltaque</strong></span> <span class='ocrx_word' id='word_1_31' title='bbox 210 701 241 763; x_wconf 92' lang='lat' dir='ltr'><strong>iu</strong></span> <span class='ocrx_word' id='word_1_32' title='bbox 256 698 427 784; x_wconf 89' lang='lat' dir='ltr'><strong>praesentia</strong></span> <span class='ocrx_word' id='word_1_33' title='bbox 441 696 564 781; x_wconf 84' lang='lat' dir='ltr'><strong>Pompei</strong></span> <span class='ocrx_word' id='word_1_34' title='bbox 580 699 724 781; x_wconf 91' lang='lat' dir='ltr'><strong>sequendi</strong></span> <span class='ocrx_word' id='word_1_35' title='bbox 738 700 885 764; x_wconf 90' lang='lat' dir='ltr'><strong>rationem</strong></span> <span class='ocrx_word' id='word_1_36' title='bbox 901 700 1028 779; x_wconf 91' lang='lat' dir='ltr'><strong>omittit,</strong></span> <span class='ocrx_word' id='word_1_37' title='bbox 1051 702 1083 765; x_wconf 93' lang='lat' dir='ltr'><strong>in</strong></span> <span class='ocrx_word' id='word_1_38' title='bbox 1099 700 1211 788; x_wconf 71' lang='lat' dir='ltr'><strong>Hispo·</strong></span> <span class='ocrx_word' id='word_1_39' title='bbox 1221 702 1283 775; x_wconf 66' lang='grc' dir='ltr'><strong>ω.</strong></span> 
     </span>
     <span class='ocr_line' id='line_1_6' title="bbox 54 800 1210 891; baseline -0.001 -22"><span class='ocrx_word' id='word_1_40' title='bbox 54 818 69 869; x_wconf 83' lang='lat' dir='ltr'><strong>t</strong></span> <span class='ocrx_word' id='word_1_41' title='bbox 90 805 169 869; x_wconf 75' lang='lat' dir='ltr'><strong>nia·</strong></span> <span class='ocrx_word' id='word_1_42' title='bbox 185 801 335 889; x_wconf 85' lang='lat' dir='ltr'><strong>proticisci</strong></span> <span class='ocrx_word' id='word_1_43' title='bbox 350 800 524 864; x_wconf 87' lang='lat' dir='ltr'><strong>constituit:</strong></span> <span class='ocrx_word' id='word_1_44' title='bbox 548 800 714 864; x_wconf 90' lang='lat' dir='ltr'><strong>duumuiris</strong></span> <span class='ocrx_word' id='word_1_45' title='bbox 728 801 956 886; x_wconf 71' lang='lat' dir='ltr'><strong>municipiorum</strong></span> <span class='ocrx_word' id='word_1_46' title='bbox 971 803 1101 867; x_wconf 91' lang='lat' dir='ltr'><strong>omnium</strong></span> <span class='ocrx_word' id='word_1_47' title='bbox 1116 805 1210 891; x_wconf 89' lang='lat' dir='ltr'><strong>impe·</strong></span> 
     </span>
     <span class='ocr_line' id='line_1_7' title="bbox 88 899 1246 986; baseline 0.002 -14"><span class='ocrx_word' id='word_1_48' title='bbox 88 917 151 986; x_wconf 87' lang='lat' dir='ltr'><strong>rat,</strong></span> <span class='ocrx_word' id='word_1_49' title='bbox 167 916 201 969; x_wconf 92' lang='lat' dir='ltr'><strong>ut</strong></span> <span class='ocrx_word' id='word_1_50' title='bbox 214 923 309 969; x_wconf 91' lang='lat' dir='ltr'><strong>naues</strong></span> <span class='ocrx_word' id='word_1_51' title='bbox 324 903 501 986; x_wconf 75' lang='lat' dir='ltr'><strong>conquirant</strong></span> <span class='ocrx_word' id='word_1_52' title='bbox 515 899 765 986; x_wconf 76' lang='lat' dir='ltr'><strong>Brundisiumque</strong></span> <span class='ocrx_word' id='word_1_53' title='bbox 780 903 966 968; x_wconf 90' lang='lat' dir='ltr'><strong>deducendas</strong></span> <span class='ocrx_word' id='word_1_54' title='bbox 981 917 1097 970; x_wconf 89' lang='lat' dir='ltr'><strong>curent.</strong></span> <span class='ocrx_word' id='word_1_55' title='bbox 1137 906 1246 976; x_wconf 77' lang='lat' dir='ltr'><strong>biit-2</strong></span> 
     </span>
     <span class='ocr_line' id='line_1_8' title="bbox 90 1004 1209 1089; baseline -0.001 -15"><span class='ocrx_word' id='word_1_56' title='bbox 90 1010 126 1074; x_wconf 89' lang='lat' dir='ltr'><strong>tit</strong></span> <span class='ocrx_word' id='word_1_57' title='bbox 140 1010 173 1073; x_wconf 92' lang='lat' dir='ltr'><strong>in</strong></span> <span class='ocrx_word' id='word_1_58' title='bbox 187 1004 358 1073; x_wconf 78' lang='lat' dir='ltr'><strong>Sardiniam</strong></span> <span class='ocrx_word' id='word_1_59' title='bbox 381 1027 449 1070; x_wconf 91' lang='lat' dir='ltr'><strong>cum</strong></span> <span class='ocrx_word' id='word_1_60' title='bbox 470 1005 588 1089; x_wconf 79' lang='lat' dir='ltr'><strong>legione</strong></span> <span class='ocrx_word' id='word_1_61' title='bbox 611 1026 672 1069; x_wconf 87' lang='lat' dir='ltr'><strong>una</strong></span> <span class='ocrx_word' id='word_1_62' title='bbox 686 1004 841 1071; x_wconf 88' lang='lat' dir='ltr'><strong>Valerium</strong></span> <span class='ocrx_word' id='word_1_63' title='bbox 856 1007 1005 1089; x_wconf 81' lang='lat' dir='ltr'><strong>legatum,</strong></span> <span class='ocrx_word' id='word_1_64' title='bbox 1029 1009 1060 1072; x_wconf 91' lang='lat' dir='ltr'><strong>in</strong></span> <span class='ocrx_word' id='word_1_65' title='bbox 1076 1005 1209 1074; x_wconf 85' lang='lat' dir='ltr'><strong>Siciliam</strong></span> 
     </span>
     <span class='ocr_line' id='line_1_9' title="bbox 90 1107 1210 1195; baseline 0 -19"><span class='ocrx_word' id='word_1_66' title='bbox 90 1108 254 1176; x_wconf 79' lang='lat' dir='ltr'><strong>Curionem</strong></span> <span class='ocrx_word' id='word_1_67' title='bbox 270 1118 474 1195; x_wconf 89' lang='lat' dir='ltr'><strong>propraetore</strong></span> <span class='ocrx_word' id='word_1_68' title='bbox 490 1129 557 1171; x_wconf 88' lang='lat' dir='ltr'><strong>uum</strong></span> <span class='ocrx_word' id='word_1_69' title='bbox 573 1107 739 1191; x_wconf 74' lang='lat' dir='ltr'><strong>legionibus</strong></span> <span class='ocrx_word' id='word_1_70' title='bbox 755 1118 819 1188; x_wconf 77' lang='lat'>¹¹¹¹3</span> <span class='ocrx_word' id='word_1_71' title='bbox 836 1111 975 1188; x_wconf 90' lang='lat' dir='ltr'><strong>eundem,</strong></span> <span class='ocrx_word' id='word_1_72' title='bbox 993 1131 1060 1173; x_wconf 90' lang='lat' dir='ltr'><strong>oum</strong></span> <span class='ocrx_word' id='word_1_73' title='bbox 1076 1107 1210 1176; x_wconf 87' lang='lat' dir='ltr'><strong>Siciliam</strong></span> 
     </span>
     <span class='ocr_line' id='line_1_10' title="bbox 90 1210 1209 1298; baseline -0.001 -19"><span class='ocrx_word' id='word_1_74' title='bbox 90 1214 268 1298; x_wconf 86' lang='lat' dir='ltr'><strong>recepisset,</strong></span> <span class='ocrx_word' id='word_1_75' title='bbox 290 1210 426 1296; x_wconf 90' lang='lat' dir='ltr'><strong>protinus</strong></span> <span class='ocrx_word' id='word_1_76' title='bbox 440 1210 472 1272; x_wconf 95' lang='lat' dir='ltr'><strong>in</strong></span> <span class='ocrx_word' id='word_1_77' title='bbox 488 1210 622 1274; x_wconf 80' lang='lat' dir='ltr'><strong>Africam</strong></span> <span class='ocrx_word' id='word_1_78' title='bbox 638 1211 798 1274; x_wconf 72' lang='lat' dir='ltr'><strong>traducere</strong></span> <span class='ocrx_word' id='word_1_79' title='bbox 813 1211 980 1275; x_wconf 81' lang='lat' dir='ltr'><strong>exercitum</strong></span> <span class='ocrx_word' id='word_1_80' title='bbox 997 1212 1089 1277; x_wconf 89' lang='lat' dir='ltr'><strong>iubet.</strong></span> <span class='ocrx_word' id='word_1_81' title='bbox 1136 1211 1209 1278; x_wconf 90' lang='lat' dir='ltr'><strong>Sar·</strong></span> 
     </span>
     <span class='ocr_line' id='line_1_11' title="bbox 36 1307 1210 1390; baseline -0.003 -8"><span class='ocrx_word' id='word_1_82' title='bbox 36 1327 69 1382; x_wconf 81' lang='lat' dir='ltr'><strong>tt</strong></span> <span class='ocrx_word' id='word_1_83' title='bbox 92 1315 202 1381; x_wconf 91' lang='lat' dir='ltr'><strong>diniam</strong></span> <span class='ocrx_word' id='word_1_84' title='bbox 218 1313 371 1378; x_wconf 77' lang='lat' dir='ltr'><strong>obtinebat</strong></span> <span class='ocrx_word' id='word_1_85' title='bbox 384 1310 431 1375; x_wconf 82' lang='grc' dir='ltr'><strong>Μ.</strong></span> <span class='ocrx_word' id='word_1_86' title='bbox 450 1307 554 1389; x_wconf 87' lang='lat' dir='ltr'><strong>Cotta,</strong></span> <span class='ocrx_word' id='word_1_87' title='bbox 571 1307 705 1376; x_wconf 86' lang='lat' dir='ltr'><strong>Siciliam</strong></span> <span class='ocrx_word' id='word_1_88' title='bbox 719 1310 766 1377; x_wconf 82' lang='grc' dir='ltr'><strong>Μ.</strong></span> <span class='ocrx_word' id='word_1_89' title='bbox 785 1308 881 1390; x_wconf 85' lang='lat' dir='ltr'><strong>Cato;</strong></span> <span class='ocrx_word' id='word_1_90' title='bbox 898 1313 1032 1377; x_wconf 72' lang='lat' dir='ltr'><strong>Asnaum</strong></span> <span class='ocrx_word' id='word_1_91' title='bbox 1048 1327 1132 1379; x_wconf 92' lang='lat' dir='ltr'><strong>sorte</strong></span> <span class='ocrx_word' id='word_1_92' title='bbox 1145 1314 1210 1379; x_wconf 84' lang='lat' dir='ltr'><strong>&#39;Pu-</strong></span> 
     </span>
     <span class='ocr_line' id='line_1_12' title="bbox 91 1408 1246 1492; baseline 0.002 -9"><span class='ocrx_word' id='word_1_93' title='bbox 91 1420 168 1483; x_wconf 91' lang='lat' dir='ltr'><strong>bero</strong></span> <span class='ocrx_word' id='word_1_94' title='bbox 182 1417 317 1481; x_wconf 83' lang='lat' dir='ltr'><strong>obtinere</strong></span> <span class='ocrx_word' id='word_1_95' title='bbox 332 1412 470 1479; x_wconf 80' lang='lat' dir='ltr'><strong>debebat.</strong></span> <span class='ocrx_word' id='word_1_96' title='bbox 502 1408 681 1492; x_wconf 83' lang='lat' dir='ltr'><strong>Caralitaui,</strong></span> <span class='ocrx_word' id='word_1_97' title='bbox 698 1413 786 1478; x_wconf 92' lang='lat' dir='ltr'><strong>simul</strong></span> <span class='ocrx_word' id='word_1_98' title='bbox 801 1416 838 1479; x_wconf 90' lang='lat' dir='ltr'><strong>ad</strong></span> <span class='ocrx_word' id='word_1_99' title='bbox 853 1412 1049 1481; x_wconf 87' lang='lat' dir='ltr'><strong>seValerium</strong></span> <span class='ocrx_word' id='word_1_100' title='bbox 1066 1417 1142 1481; x_wconf 90' lang='lat' dir='ltr'><strong>mitti</strong></span> <span class='ocrx_word' id='word_1_101' title='bbox 1157 1417 1246 1485; x_wconf 71' lang='lat' dir='ltr'><strong>aab</strong></span> 
     </span>
     <span class='ocr_line' id='line_1_13' title="bbox 92 1511 1210 1605; baseline 0 -20"><span class='ocrx_word' id='word_1_102' title='bbox 92 1520 229 1599; x_wconf 76' lang='lat' dir='ltr'><strong>dierum,</strong></span> <span class='ocrx_word' id='word_1_103' title='bbox 254 1516 382 1581; x_wconf 88' lang='lat' dir='ltr'><strong>noudum</strong></span> <span class='ocrx_word' id='word_1_104' title='bbox 406 1516 539 1600; x_wconf 84' lang='lat' dir='ltr'><strong>proiecto</strong></span> <span class='ocrx_word' id='word_1_105' title='bbox 562 1535 602 1579; x_wconf 82' lang='lat' dir='ltr'><strong>en</strong></span> <span class='ocrx_word' id='word_1_106' title='bbox 618 1511 706 1581; x_wconf 83' lang='lat' dir='ltr'><strong>ltalia</strong></span> <span class='ocrx_word' id='word_1_107' title='bbox 720 1536 775 1580; x_wconf 87' lang='lat' dir='ltr'><strong>sua</strong></span> <span class='ocrx_word' id='word_1_108' title='bbox 790 1528 896 1601; x_wconf 89' lang='lat' dir='ltr'><strong>sponte</strong></span> <span class='ocrx_word' id='word_1_109' title='bbox 912 1512 1030 1582; x_wconf 83' lang='lat' dir='ltr'><strong>Cottam</strong></span> <span class='ocrx_word' id='word_1_110' title='bbox 1046 1540 1088 1583; x_wconf 84' lang='lat' dir='ltr'><strong>ex</strong></span> <span class='ocrx_word' id='word_1_111' title='bbox 1101 1520 1210 1605; x_wconf 85' lang='lat' dir='ltr'><strong>oppido</strong></span> 
     </span>
     <span class='ocr_line' id='line_1_14' title="bbox 93 1616 1211 1705; baseline 0 -19"><span class='ocrx_word' id='word_1_112' title='bbox 93 1622 216 1687; x_wconf 90' lang='lat' dir='ltr'><strong>eiciunt.</strong></span> <span class='ocrx_word' id='word_1_113' title='bbox 239 1616 295 1685; x_wconf 90' lang='lat' dir='ltr'><strong>lile</strong></span> <span class='ocrx_word' id='word_1_114' title='bbox 308 1618 499 1705; x_wconf 85' lang='lat' dir='ltr'><strong>perterritus,</strong></span> <span class='ocrx_word' id='word_1_115' title='bbox 516 1618 593 1702; x_wconf 89' lang='lat' dir='ltr'><strong>quod</strong></span> <span class='ocrx_word' id='word_1_116' title='bbox 609 1638 724 1682; x_wconf 88' lang='lat' dir='ltr'><strong>omnem</strong></span> <span class='ocrx_word' id='word_1_117' title='bbox 740 1619 923 1703; x_wconf 86' lang='lat' dir='ltr'><strong>prouinciam</strong></span> <span class='ocrx_word' id='word_1_118' title='bbox 939 1622 1110 1686; x_wconf 88' lang='lat' dir='ltr'><strong>consentire</strong></span> <span class='ocrx_word' id='word_1_119' title='bbox 1124 1622 1211 1688; x_wconf 88' lang='lat' dir='ltr'><strong>intel·</strong></span> 
     </span>
     <span class='ocr_line' id='line_1_15' title="bbox 92 1718 1247 1808; baseline 0.001 -20"><span class='ocrx_word' id='word_1_120' title='bbox 92 1725 232 1808; x_wconf 83' lang='lat' dir='ltr'><strong>legebat,</strong></span> <span class='ocrx_word' id='word_1_121' title='bbox 249 1742 289 1788; x_wconf 84' lang='lat' dir='ltr'><strong>ex</strong></span> <span class='ocrx_word' id='word_1_122' title='bbox 305 1718 445 1787; x_wconf 84' lang='lat' dir='ltr'><strong>Sardinia</strong></span> <span class='ocrx_word' id='word_1_123' title='bbox 461 1720 492 1783; x_wconf 93' lang='lat' dir='ltr'><strong>in</strong></span> <span class='ocrx_word' id='word_1_124' title='bbox 508 1718 641 1785; x_wconf 77' lang='lat' dir='ltr'><strong>Africam</strong></span> <span class='ocrx_word' id='word_1_125' title='bbox 656 1722 797 1806; x_wconf 79' lang='lat' dir='ltr'><strong>proiuqu‘t.</strong></span> <span class='ocrx_word' id='word_1_126' title='bbox 843 1718 920 1786; x_wconf 87' lang='lat' dir='ltr'><strong>Cato</strong></span> <span class='ocrx_word' id='word_1_127' title='bbox 943 1724 972 1786; x_wconf 93' lang='lat' dir='ltr'><strong>in</strong></span> <span class='ocrx_word' id='word_1_128' title='bbox 990 1720 1094 1787; x_wconf 85' lang='lat' dir='ltr'><strong>Sicilia</strong></span> <span class='ocrx_word' id='word_1_129' title='bbox 1116 1743 1210 1788; x_wconf 89' lang='lat' dir='ltr'><strong>naues</strong></span> <span class='ocrx_word' id='word_1_130' title='bbox 1224 1724 1247 1789; x_wconf 78' lang='lat' dir='ltr'><strong>d</strong></span> 
     </span>
     <span class='ocr_line' id='line_1_16' title="bbox 37 1822 1212 1911; baseline 0 -21"><span class='ocrx_word' id='word_1_131' title='bbox 37 1837 70 1890; x_wconf 73' lang='lat' dir='ltr'><strong>tt</strong></span> <span class='ocrx_word' id='word_1_132' title='bbox 91 1826 198 1911; x_wconf 80' lang='lat' dir='ltr'><strong>longas</strong></span> <span class='ocrx_word' id='word_1_133' title='bbox 213 1834 334 1889; x_wconf 89' lang='lat' dir='ltr'><strong>ueteres</strong></span> <span class='ocrx_word' id='word_1_134' title='bbox 348 1822 517 1901; x_wconf 81' lang='lat' dir='ltr'><strong>reficiebat,</strong></span> <span class='ocrx_word' id='word_1_135' title='bbox 535 1843 629 1887; x_wconf 91' lang='lat' dir='ltr'><strong>nouas</strong></span> <span class='ocrx_word' id='word_1_136' title='bbox 645 1824 814 1888; x_wconf 87' lang='lat' dir='ltr'><strong>ciuitatibus</strong></span> <span class='ocrx_word' id='word_1_137' title='bbox 829 1823 1003 1909; x_wconf 86' lang='lat' dir='ltr'><strong>imperabat.</strong></span> <span class='ocrx_word' id='word_1_138' title='bbox 1049 1823 1134 1889; x_wconf 85' lang='lat' dir='ltr'><strong>llaec</strong></span> <span class='ocrx_word' id='word_1_139' title='bbox 1150 1847 1212 1890; x_wconf 87' lang='lat' dir='ltr'><strong>ma·</strong></span> 
     </span>
     <span class='ocr_line' id='line_1_17' title="bbox 92 1923 1212 2014; baseline 0 -23"><span class='ocrx_word' id='word_1_140' title='bbox 92 1948 153 2014; x_wconf 76' lang='lat' dir='ltr'><strong>gno</strong></span> <span class='ocrx_word' id='word_1_141' title='bbox 170 1927 270 1990; x_wconf 91' lang='lat' dir='ltr'><strong>studio</strong></span> <span class='ocrx_word' id='word_1_142' title='bbox 285 1925 403 2010; x_wconf 80' lang='lat' dir='ltr'><strong>agebat.</strong></span> <span class='ocrx_word' id='word_1_143' title='bbox 433 1924 470 1989; x_wconf 92' lang='lat' dir='ltr'><strong>ln</strong></span> <span class='ocrx_word' id='word_1_144' title='bbox 487 1923 620 1989; x_wconf 82' lang='lat' dir='ltr'><strong>Lucanis</strong></span> <span class='ocrx_word' id='word_1_145' title='bbox 635 1923 819 2007; x_wconf 79' lang='lat' dir='ltr'><strong>Bruttiisque</strong></span> <span class='ocrx_word' id='word_1_146' title='bbox 841 1928 1023 2011; x_wconf 81' lang='lat' dir='ltr'><strong>perlegatur</strong></span> <span class='ocrx_word' id='word_1_147' title='bbox 1045 1948 1117 1991; x_wconf 89' lang='lat' dir='ltr'><strong>suus</strong></span> <span class='ocrx_word' id='word_1_148' title='bbox 1139 1928 1212 1992; x_wconf 90' lang='lat' dir='ltr'><strong>ciui-</strong></span> 
     </span>
     <span class='ocr_line' id='line_1_18' title="bbox 94 2024 1212 2112; baseline 0.001 -19"><span class='ocrx_word' id='word_1_149' title='bbox 94 2050 147 2093; x_wconf 88' lang='lat' dir='ltr'><strong>um</strong></span> <span class='ocrx_word' id='word_1_150' title='bbox 156 2024 359 2092; x_wconf 70' lang='lat' dir='ltr'><strong>lio-nauum</strong></span> <span class='ocrx_word' id='word_1_151' title='bbox 375 2028 505 2093; x_wconf 87' lang='lat' dir='ltr'><strong>delectus</strong></span> <span class='ocrx_word' id='word_1_152' title='bbox 522 2027 660 2106; x_wconf 88' lang='lat' dir='ltr'><strong>babebat,</strong></span> <span class='ocrx_word' id='word_1_153' title='bbox 679 2028 810 2110; x_wconf 90' lang='lat' dir='ltr'><strong>equitum</strong></span> <span class='ocrx_word' id='word_1_154' title='bbox 826 2028 1013 2112; x_wconf 85' lang='lat' dir='ltr'><strong>peditumque</strong></span> <span class='ocrx_word' id='word_1_155' title='bbox 1028 2042 1141 2094; x_wconf 87' lang='lat' dir='ltr'><strong>eertum</strong></span> <span class='ocrx_word' id='word_1_156' title='bbox 1157 2052 1212 2094; x_wconf 91' lang='lat' dir='ltr'><strong>nu·</strong></span> 
     </span>
     <span class='ocr_line' id='line_1_19' title="bbox 94 2125 1247 2218; baseline 0.002 -23"><span class='ocrx_word' id='word_1_157' title='bbox 94 2152 209 2196; x_wconf 90' lang='lat' dir='ltr'><strong>merum</strong></span> <span class='ocrx_word' id='word_1_158' title='bbox 226 2150 243 2194; x_wconf 91' lang='lat' dir='ltr'><strong>a</strong></span> <span class='ocrx_word' id='word_1_159' title='bbox 258 2128 427 2194; x_wconf 86' lang='lat' dir='ltr'><strong>ciuitatibus</strong></span> <span class='ocrx_word' id='word_1_160' title='bbox 443 2126 566 2194; x_wconf 91' lang='lat' dir='ltr'><strong>Siciliae</strong></span> <span class='ocrx_word' id='word_1_161' title='bbox 581 2127 733 2211; x_wconf 80' lang='lat' dir='ltr'><strong>exigebat.</strong></span> <span class='ocrx_word' id='word_1_162' title='bbox 780 2125 897 2210; x_wconf 81' lang='lat' dir='ltr'><strong>Quibus</strong></span> <span class='ocrx_word' id='word_1_163' title='bbox 919 2132 1009 2194; x_wconf 90' lang='lat' dir='ltr'><strong>rebus</strong></span> <span class='ocrx_word' id='word_1_164' title='bbox 1035 2152 1129 2215; x_wconf 89' lang='lat' dir='ltr'><strong>paene</strong></span> <span class='ocrx_word' id='word_1_165' title='bbox 1146 2131 1247 2218; x_wconf 82' lang='lat' dir='ltr'><strong>per-5</strong></span> 
     </span>
     <span class='ocr_line' id='line_1_20' title="bbox 94 2226 1213 2316; baseline 0 -20"><span class='ocrx_word' id='word_1_166' title='bbox 94 2233 181 2298; x_wconf 82' lang='lat' dir='ltr'><strong>iestis</strong></span> <span class='ocrx_word' id='word_1_167' title='bbox 189 2233 320 2297; x_wconf 90' lang='lat' dir='ltr'><strong>aduentu</strong></span> <span class='ocrx_word' id='word_1_168' title='bbox 327 2226 471 2296; x_wconf 88' lang='lat' dir='ltr'><strong>Curionis</strong></span> <span class='ocrx_word' id='word_1_169' title='bbox 486 2232 751 2316; x_wconf 83' lang='lat' dir='ltr'><strong>cognitoqueritur</strong></span> <span class='ocrx_word' id='word_1_170' title='bbox 764 2230 795 2292; x_wconf 93' lang='lat' dir='ltr'><strong>in</strong></span> <span class='ocrx_word' id='word_1_171' title='bbox 810 2231 950 2295; x_wconf 86' lang='lat' dir='ltr'><strong>contione</strong></span> <span class='ocrx_word' id='word_1_172' title='bbox 965 2252 1033 2295; x_wconf 89' lang='lat' dir='ltr'><strong>sese</strong></span> <span class='ocrx_word' id='word_1_173' title='bbox 1048 2233 1213 2316; x_wconf 88' lang='lat' dir='ltr'><strong>proiectum</strong></span> 
     </span>
     <span class='ocr_line' id='line_1_21' title="bbox 35 2330 1213 2419; baseline -0.003 -18"><span class='ocrx_word' id='word_1_174' title='bbox 35 2347 72 2401; x_wconf 77' lang='lat'><strong>²⁰</strong></span> <span class='ocrx_word' id='word_1_175' title='bbox 93 2356 130 2400; x_wconf 84' lang='lat' dir='ltr'><strong>so</strong></span> <span class='ocrx_word' id='word_1_176' title='bbox 151 2336 297 2418; x_wconf 87' lang='lat' dir='ltr'><strong>proditum</strong></span> <span class='ocrx_word' id='word_1_177' title='bbox 319 2355 337 2398; x_wconf 91' lang='lat' dir='ltr'><strong>a</strong></span> <span class='ocrx_word' id='word_1_178' title='bbox 360 2330 421 2398; x_wconf 86' lang='lat' dir='ltr'><strong>Cn.</strong></span> <span class='ocrx_word' id='word_1_179' title='bbox 446 2332 607 2419; x_wconf 88' lang='lat' dir='ltr'><strong>Pompeio,</strong></span> <span class='ocrx_word' id='word_1_180' title='bbox 632 2332 681 2417; x_wconf 92' lang='lat' dir='ltr'><strong>qui</strong></span> <span class='ocrx_word' id='word_1_181' title='bbox 703 2333 841 2397; x_wconf 90' lang='lat' dir='ltr'><strong>omuibus</strong></span> <span class='ocrx_word' id='word_1_182' title='bbox 861 2331 950 2397; x_wconf 90' lang='lat' dir='ltr'><strong>rebus</strong></span> <span class='ocrx_word' id='word_1_183' title='bbox 974 2334 1213 2418; x_wconf 76' lang='lat' dir='ltr'><strong>imparatissimis</strong></span> 
     </span>
     <span class='ocr_line' id='line_1_22' title="bbox 95 2435 1213 2521; baseline 0.001 -21"><span class='ocrx_word' id='word_1_184' title='bbox 95 2456 158 2500; x_wconf 92' lang='lat' dir='ltr'><strong>non</strong></span> <span class='ocrx_word' id='word_1_185' title='bbox 173 2437 374 2501; x_wconf 87' lang='lat' dir='ltr'><strong>necessarium</strong></span> <span class='ocrx_word' id='word_1_186' title='bbox 391 2436 499 2501; x_wconf 91' lang='lat' dir='ltr'><strong>bellum</strong></span> <span class='ocrx_word' id='word_1_187' title='bbox 516 2436 698 2521; x_wconf 76' lang='lat' dir='ltr'><strong>suscepisset</strong></span> <span class='ocrx_word' id='word_1_188' title='bbox 718 2446 747 2498; x_wconf 90' lang='lat' dir='ltr'><strong>et</strong></span> <span class='ocrx_word' id='word_1_189' title='bbox 763 2435 799 2498; x_wconf 90' lang='lat' dir='ltr'><strong>ab</strong></span> <span class='ocrx_word' id='word_1_190' title='bbox 815 2456 849 2499; x_wconf 93' lang='lat' dir='ltr'><strong>se</strong></span> <span class='ocrx_word' id='word_1_191' title='bbox 863 2436 1045 2521; x_wconf 87' lang='lat' dir='ltr'><strong>reliquisque</strong></span> <span class='ocrx_word' id='word_1_192' title='bbox 1060 2437 1092 2500; x_wconf 96' lang='lat' dir='ltr'><strong>in</strong></span> <span class='ocrx_word' id='word_1_193' title='bbox 1107 2447 1213 2501; x_wconf 88' lang='lat' dir='ltr'><strong>senatu</strong></span> 
     </span>
     <span class='ocr_line' id='line_1_23' title="bbox 94 2538 1214 2626; baseline 0.004 -24"><span class='ocrx_word' id='word_1_194' title='bbox 94 2539 300 2622; x_wconf 80' lang='lat' dir='ltr'><strong>iuterrogatus</strong></span> <span class='ocrx_word' id='word_1_195' title='bbox 314 2539 415 2603; x_wconf 88' lang='lat' dir='ltr'><strong>omnia</strong></span> <span class='ocrx_word' id='word_1_196' title='bbox 430 2540 488 2603; x_wconf 91' lang='lat' dir='ltr'><strong>sibi</strong></span> <span class='ocrx_word' id='word_1_197' title='bbox 503 2560 570 2604; x_wconf 89' lang='lat' dir='ltr'><strong>esse</strong></span> <span class='ocrx_word' id='word_1_198' title='bbox 586 2540 622 2603; x_wconf 87' lang='lat' dir='ltr'><strong>ed</strong></span> <span class='ocrx_word' id='word_1_199' title='bbox 637 2538 746 2603; x_wconf 92' lang='lat' dir='ltr'><strong>bellum</strong></span> <span class='ocrx_word' id='word_1_200' title='bbox 762 2549 830 2622; x_wconf 88' lang='lat' dir='ltr'><strong>apta</strong></span> <span class='ocrx_word' id='word_1_201' title='bbox 844 2560 880 2604; x_wconf 85' lang='lat' dir='ltr'><strong>aa</strong></span> <span class='ocrx_word' id='word_1_202' title='bbox 895 2551 1000 2626; x_wconf 85' lang='lat' dir='ltr'><strong>parate</strong></span> <span class='ocrx_word' id='word_1_203' title='bbox 1009 2541 1214 2606; x_wconf 75' lang='lat' dir='ltr'><strong>confirmauia-</strong></span> 
     </span>
     <span class='ocr_line' id='line_1_24' title="bbox 95 2637 1269 2726; baseline 0.003 -22"><span class='ocrx_word' id='word_1_204' title='bbox 95 2650 154 2704; x_wconf 88' lang='lat' dir='ltr'><strong>set.</strong></span> <span class='ocrx_word' id='word_1_205' title='bbox 186 2637 271 2705; x_wconf 85' lang='lat' dir='ltr'><strong>llaec</strong></span> <span class='ocrx_word' id='word_1_206' title='bbox 286 2641 318 2705; x_wconf 94' lang='lat' dir='ltr'><strong>iu</strong></span> <span class='ocrx_word' id='word_1_207' title='bbox 333 2641 475 2706; x_wconf 89' lang='lat' dir='ltr'><strong>contione</strong></span> <span class='ocrx_word' id='word_1_208' title='bbox 489 2653 615 2724; x_wconf 89' lang='lat' dir='ltr'><strong>questus</strong></span> <span class='ocrx_word' id='word_1_209' title='bbox 631 2663 672 2706; x_wconf 88' lang='lat' dir='ltr'><strong>ex</strong></span> <span class='ocrx_word' id='word_1_210' title='bbox 687 2643 840 2726; x_wconf 86' lang='lat' dir='ltr'><strong>prouincia</strong></span> <span class='ocrx_word' id='word_1_211' title='bbox 856 2643 943 2725; x_wconf 79' lang='lat' dir='ltr'><strong>iugit.</strong></span> <span class='ocrx_word' id='word_1_212' title='bbox 989 2640 1081 2707; x_wconf 86' lang='lat' dir='ltr'><strong>Nacti</strong></span> <span class='ocrx_word' id='word_1_213' title='bbox 1099 2665 1211 2708; x_wconf 88' lang='lat' dir='ltr'><strong>uacuas</strong></span> <span class='ocrx_word' id='word_1_214' title='bbox 1227 2642 1269 2715; x_wconf 75' lang='grc'>31</span> 
     </span>
     <span class='ocr_line' id='line_1_25' title="bbox 95 2738 1215 2827; baseline 0.004 -22"><span class='ocrx_word' id='word_1_215' title='bbox 95 2742 133 2805; x_wconf 92' lang='lat' dir='ltr'><strong>ab</strong></span> <span class='ocrx_word' id='word_1_216' title='bbox 146 2742 280 2827; x_wconf 91' lang='lat' dir='ltr'><strong>imperiis</strong></span> <span class='ocrx_word' id='word_1_217' title='bbox 296 2738 467 2807; x_wconf 87' lang='lat' dir='ltr'><strong>Sardiniam</strong></span> <span class='ocrx_word' id='word_1_218' title='bbox 483 2743 644 2823; x_wconf 88' lang='lat' dir='ltr'><strong>Valerius,</strong></span> <span class='ocrx_word' id='word_1_219' title='bbox 668 2740 763 2808; x_wconf 88' lang='lat' dir='ltr'><strong>Curio</strong></span> <span class='ocrx_word' id='word_1_220' title='bbox 786 2741 919 2809; x_wconf 84' lang='lat' dir='ltr'><strong>Siciliam</strong></span> <span class='ocrx_word' id='word_1_221' title='bbox 942 2764 1008 2807; x_wconf 89' lang='lat' dir='ltr'><strong>oum</strong></span> <span class='ocrx_word' id='word_1_222' title='bbox 1032 2746 1215 2809; x_wconf 83' lang='lat' dir='ltr'><strong>exercitibus</strong></span> 
     </span>
     <span class='ocr_line' id='line_1_26' title="bbox 39 2843 1251 2929; baseline 0.003 -19"><span class='ocrx_word' id='word_1_223' title='bbox 39 2854 73 2910; x_wconf 72' lang='lat'><strong>2⁵</strong></span> <span class='ocrx_word' id='word_1_224' title='bbox 95 2865 133 2909; x_wconf 88' lang='lat' dir='ltr'><strong>eu</strong></span> <span class='ocrx_word' id='word_1_225' title='bbox 148 2845 336 2928; x_wconf 88' lang='lat' dir='ltr'><strong>perueniunt.</strong></span> <span class='ocrx_word' id='word_1_226' title='bbox 367 2843 503 2923; x_wconf 79' lang='lat' dir='ltr'><strong>Tubero,</strong></span> <span class='ocrx_word' id='word_1_227' title='bbox 521 2866 586 2910; x_wconf 89' lang='lat' dir='ltr'><strong>cum</strong></span> <span class='ocrx_word' id='word_1_228' title='bbox 602 2846 634 2910; x_wconf 93' lang='lat' dir='ltr'><strong>in</strong></span> <span class='ocrx_word' id='word_1_229' title='bbox 649 2847 784 2911; x_wconf 79' lang='lat' dir='ltr'><strong>Africam</strong></span> <span class='ocrx_word' id='word_1_230' title='bbox 801 2848 953 2923; x_wconf 89' lang='lat' dir='ltr'><strong>uenisset,</strong></span> <span class='ocrx_word' id='word_1_231' title='bbox 970 2845 1085 2909; x_wconf 91' lang='lat' dir='ltr'><strong>inuenit</strong></span> <span class='ocrx_word' id='word_1_232' title='bbox 1099 2846 1130 2908; x_wconf 94' lang='lat' dir='ltr'><strong>iu</strong></span> <span class='ocrx_word' id='word_1_233' title='bbox 1147 2848 1251 2929; x_wconf 73' lang='lat' dir='ltr'><strong>pro-2</strong></span> 
     </span>
     <span class='ocr_line' id='line_1_27' title="bbox 96 2946 1216 3032; baseline 0.003 -23"><span class='ocrx_word' id='word_1_234' title='bbox 96 2946 197 3010; x_wconf 86' lang='lat' dir='ltr'><strong>uincia</strong></span> <span class='ocrx_word' id='word_1_235' title='bbox 212 2968 278 3011; x_wconf 90' lang='lat' dir='ltr'><strong>cum</strong></span> <span class='ocrx_word' id='word_1_236' title='bbox 300 2947 427 3030; x_wconf 92' lang='lat' dir='ltr'><strong>imperio</strong></span> <span class='ocrx_word' id='word_1_237' title='bbox 442 2947 558 3011; x_wconf 80' lang='lat' dir='ltr'><strong>Attium</strong></span> <span class='ocrx_word' id='word_1_238' title='bbox 573 2947 708 3028; x_wconf 79' lang='lat' dir='ltr'><strong>Varum3</strong></span> <span class='ocrx_word' id='word_1_239' title='bbox 733 2950 782 3032; x_wconf 93' lang='lat' dir='ltr'><strong>qui</strong></span> <span class='ocrx_word' id='word_1_240' title='bbox 804 2949 840 3012; x_wconf 86' lang='lat' dir='ltr'><strong>ad</strong></span> <span class='ocrx_word' id='word_1_241' title='bbox 862 2947 1046 3024; x_wconf 82' lang='lat' dir='ltr'><strong>Auximum,</strong></span> <span class='ocrx_word' id='word_1_242' title='bbox 1071 2957 1216 3032; x_wconf 85' lang='lat' dir='ltr'><strong>utsupra</strong></span> 
     </span>
     <span class='ocr_line' id='line_1_28' title="bbox 98 3048 1215 3136; baseline 0.003 -25"><span class='ocrx_word' id='word_1_243' title='bbox 98 3048 385 3127; x_wconf 84' lang='lat' dir='ltr'><strong>demonstrauimus,</strong></span> <span class='ocrx_word' id='word_1_244' title='bbox 407 3051 526 3114; x_wconf 88' lang='lat' dir='ltr'><strong>amissis</strong></span> <span class='ocrx_word' id='word_1_245' title='bbox 549 3051 721 3116; x_wconf 88' lang='lat' dir='ltr'><strong>oobortibus</strong></span> <span class='ocrx_word' id='word_1_246' title='bbox 740 3051 877 3136; x_wconf 91' lang='lat' dir='ltr'><strong>protinus</strong></span> <span class='ocrx_word' id='word_1_247' title='bbox 892 3069 933 3113; x_wconf 81' lang='lat' dir='ltr'><strong>ex</strong></span> <span class='ocrx_word' id='word_1_248' title='bbox 948 3050 1018 3131; x_wconf 80' lang='lat' dir='ltr'><strong>iuga</strong></span> <span class='ocrx_word' id='word_1_249' title='bbox 1032 3049 1064 3114; x_wconf 96' lang='lat' dir='ltr'><strong>in</strong></span> <span class='ocrx_word' id='word_1_250' title='bbox 1079 3048 1215 3115; x_wconf 81' lang='lat' dir='ltr'><strong>Africam</strong></span> 
     </span>
    </p>
   </div>
   <div class='ocr_carea' id='block_1_3' title="bbox 76 3288 1221 4360">
    <p class='ocr_par' dir='ltr' id='par_1_3' title="bbox 97 3288 1218 3436">
     <span class='ocr_line' id='line_1_29' title="bbox 207 3288 1218 3359; baseline 0.001 -17"><span class='ocrx_word' id='word_1_251' title='bbox 207 3290 218 3342; x_wconf 90' lang='lat'>1</span> <span class='ocrx_word' id='word_1_252' title='bbox 235 3288 381 3359; x_wconf 75' lang='lat' dir='ltr'><strong>llyspauias</strong></span> <span class='ocrx_word' id='word_1_253' title='bbox 396 3308 422 3343; x_wconf 91' lang='lat' dir='ltr'><strong>a.</strong></span> <span class='ocrx_word' id='word_1_254' title='bbox 545 3294 631 3345; x_wconf 67' lang='lat' dir='ltr'><strong>terat</strong></span> <span class='ocrx_word' id='word_1_255' title='bbox 643 3292 726 3344; x_wconf 85' lang='lat' dir='ltr'><strong>altera</strong></span> <span class='ocrx_word' id='word_1_256' title='bbox 740 3308 756 3342; x_wconf 91' lang='lat' dir='ltr'><strong>a</strong></span> <span class='ocrx_word' id='word_1_257' title='bbox 768 3292 932 3358; x_wconf 73' lang='lat' dir='ltr'><strong>Stephanus,</strong></span> <span class='ocrx_word' id='word_1_258' title='bbox 946 3292 1031 3345; x_wconf 82' lang='lat' dir='ltr'><strong>altera</strong></span> <span class='ocrx_word' id='word_1_259' title='bbox 1044 3300 1101 3345; x_wconf 87' lang='lat' dir='ltr'><strong>crat</strong></span> <span class='ocrx_word' id='word_1_260' title='bbox 1113 3298 1218 3345; x_wconf 82' lang='lat' dir='ltr'><strong>eeteros</strong></span> 
     </span>
     <span class='ocr_line' id='line_1_30' title="bbox 97 3363 1216 3436; baseline 0.006 -22"><span class='ocrx_word' id='word_1_261' title='bbox 97 3363 157 3415; x_wconf 80' lang='lat' dir='ltr'><strong>edd.</strong></span> <span class='ocrx_word' id='word_1_262' title='bbox 295 3367 397 3435; x_wconf 86' lang='lat' dir='ltr'><strong>Pompei</strong></span> <span class='ocrx_word' id='word_1_263' title='bbox 409 3385 427 3419; x_wconf 92' lang='lat' dir='ltr'><strong>a</strong></span> <span class='ocrx_word' id='word_1_264' title='bbox 440 3372 468 3417; x_wconf 85' lang='lat' dir='ltr'><strong>et</strong></span> <span class='ocrx_word' id='word_1_265' title='bbox 479 3366 591 3435; x_wconf 88' lang='lat' dir='ltr'><strong>Pompeii</strong></span> <span class='ocrx_word' id='word_1_266' title='bbox 605 3369 665 3420; x_wconf 84' lang='lat' dir='ltr'><strong>edd.</strong></span> <span class='ocrx_word' id='word_1_267' title='bbox 680 3374 744 3419; x_wconf 91' lang='lat' dir='ltr'><strong>ante</strong></span> <span class='ocrx_word' id='word_1_268' title='bbox 756 3385 783 3431; x_wconf 85' lang='lat' dir='ltr'><strong>u,</strong></span> <span class='ocrx_word' id='word_1_269' title='bbox 797 3367 916 3436; x_wconf 87' lang='lat' dir='ltr'><strong>Pompeio</strong></span> <span class='ocrx_word' id='word_1_270' title='bbox 929 3373 987 3420; x_wconf 86' lang='lat' dir='ltr'><strong>sine</strong></span> <span class='ocrx_word' id='word_1_271' title='bbox 998 3374 1175 3422; x_wconf 77' lang='lat' dir='ltr'><strong>annotatione</strong></span> <span class='ocrx_word' id='word_1_272' title='bbox 1187 3385 1216 3421; x_wconf 84' lang='lat' dir='ltr'><strong>u.</strong></span> 
     </span>
    </p>

    <p class='ocr_par' dir='ltr' id='par_1_4' title="bbox 98 3441 1218 3591">
     <span class='ocr_line' id='line_1_31' title="bbox 207 3441 1218 3514; baseline 0.003 -21"><span class='ocrx_word' id='word_1_273' title='bbox 207 3442 222 3493; x_wconf 81' lang='grc'>1</span> <span class='ocrx_word' id='word_1_274' title='bbox 237 3441 378 3511; x_wconf 80' lang='lat' dir='ltr'><strong>Pompeia.</strong></span> <span class='ocrx_word' id='word_1_275' title='bbox 495 3445 620 3510; x_wconf 87' lang='lat' dir='ltr'><strong>sequendi</strong></span> <span class='ocrx_word' id='word_1_276' title='bbox 634 3462 660 3510; x_wconf 92' lang='lat' dir='ltr'><strong>a,</strong></span> <span class='ocrx_word' id='word_1_277' title='bbox 675 3446 747 3511; x_wconf 89' lang='lat' dir='ltr'><strong>sequi</strong></span> <span class='ocrx_word' id='word_1_278' title='bbox 762 3447 792 3507; x_wconf 88' lang='lat' dir='ltr'><strong>b,·</strong></span> <span class='ocrx_word' id='word_1_279' title='bbox 808 3445 959 3511; x_wconf 87' lang='lat' dir='ltr'><strong>insequendi</strong></span> <span class='ocrx_word' id='word_1_280' title='bbox 972 3462 999 3498; x_wconf 82' lang='lat' dir='ltr'><strong>a.</strong></span> <span class='ocrx_word' id='word_1_281' title='bbox 1117 3446 1218 3514; x_wconf 74' lang='lat' dir='ltr'><strong>llysps·</strong></span> 
     </span>
     <span class='ocr_line' id='line_1_32' title="bbox 98 3518 1214 3591; baseline 0.004 -22"><span class='ocrx_word' id='word_1_282' title='bbox 98 3518 169 3569; x_wconf 84' lang='lat' dir='ltr'><strong>uiam</strong></span> <span class='ocrx_word' id='word_1_283' title='bbox 180 3532 209 3568; x_wconf 88' lang='lat' dir='ltr'><strong>a.</strong></span> <span class='ocrx_word' id='word_1_284' title='bbox 346 3524 420 3589; x_wconf 73' lang='lat' dir='ltr'><strong>spru</strong></span> <span class='ocrx_word' id='word_1_285' title='bbox 434 3528 555 3588; x_wconf 80' lang='lat' dir='ltr'><strong>praetore</strong></span> <span class='ocrx_word' id='word_1_286' title='bbox 568 3523 737 3574; x_wconf 76' lang='lat' dir='ltr'><strong>Patauinum</strong></span> <span class='ocrx_word' id='word_1_287' title='bbox 744 3560 753 3585; x_wconf 91' lang='lat'><strong>,</strong></span> <span class='ocrx_word' id='word_1_288' title='bbox 775 3537 848 3589; x_wconf 89' lang='lat' dir='ltr'><strong>prop.</strong></span> <span class='ocrx_word' id='word_1_289' title='bbox 862 3522 893 3574; x_wconf 88' lang='lat' dir='ltr'><strong>ll.</strong></span> <span class='ocrx_word' id='word_1_290' title='bbox 906 3524 962 3587; x_wconf 78' lang='lat' dir='ltr'><strong>ab3</strong></span> <span class='ocrx_word' id='word_1_291' title='bbox 982 3530 1174 3591; x_wconf 81' lang='lat' dir='ltr'><strong>propraetorem</strong></span> <span class='ocrx_word' id='word_1_292' title='bbox 1187 3538 1214 3574; x_wconf 83' lang='lat' dir='ltr'><strong>u.</strong></span> 
     </span>
    </p>

    <p class='ocr_par' dir='ltr' id='par_1_5' title="bbox 97 3596 1218 3896">
     <span class='ocr_line' id='line_1_33' title="bbox 208 3596 1218 3663; baseline 0.003 -17"><span class='ocrx_word' id='word_1_293' title='bbox 208 3612 247 3646; x_wconf 91' lang='grc' dir='ltr'>ιιιι</span> <span class='ocrx_word' id='word_1_294' title='bbox 260 3596 403 3662; x_wconf 69' lang='lat' dir='ltr'><strong>Davisius,</strong></span> <span class='ocrx_word' id='word_1_295' title='bbox 417 3615 445 3648; x_wconf 87' lang='grc' dir='ltr'><strong>ιιι</strong></span> <span class='ocrx_word' id='word_1_296' title='bbox 459 3597 536 3649; x_wconf 84' lang='lat' dir='ltr'><strong>codd.</strong></span> <span class='ocrx_word' id='word_1_297' title='bbox 551 3598 616 3650; x_wconf 84' lang='lat' dir='ltr'><strong>Vid.</strong></span> <span class='ocrx_word' id='word_1_298' title='bbox 629 3600 666 3663; x_wconf 84' lang='lat'><strong>11,</strong></span> <span class='ocrx_word' id='word_1_299' title='bbox 680 3599 723 3662; x_wconf 75' lang='grc'><strong>23,</strong></span> <span class='ocrx_word' id='word_1_300' title='bbox 738 3599 763 3650; x_wconf 85' lang='lat' dir='ltr'><strong>l.</strong></span> <span class='ocrx_word' id='word_1_301' title='bbox 777 3596 821 3661; x_wconf 77' lang='lat' dir='ltr'><strong>il,</strong></span> <span class='ocrx_word' id='word_1_302' title='bbox 835 3598 861 3649; x_wconf 85' lang='grc'><strong>4.</strong></span> <span class='ocrx_word' id='word_1_303' title='bbox 1000 3598 1119 3651; x_wconf 75' lang='grc' dir='ltr'>1Δ1Ὴοι</span> <span class='ocrx_word' id='word_1_304' title='bbox 1132 3606 1218 3649; x_wconf 86' lang='lat' dir='ltr'><strong>traus-</strong></span> 
     </span>
     <span class='ocr_line' id='line_1_34' title="bbox 97 3674 1217 3744; baseline 0.004 -21"><span class='ocrx_word' id='word_1_305' title='bbox 97 3674 193 3725; x_wconf 85' lang='lat' dir='ltr'><strong>ducere</strong></span> <span class='ocrx_word' id='word_1_306' title='bbox 205 3689 232 3725; x_wconf 90' lang='lat' dir='ltr'><strong>a.</strong></span> <span class='ocrx_word' id='word_1_307' title='bbox 340 3676 372 3728; x_wconf 85' lang='lat' dir='ltr'><strong>ld</strong></span> <span class='ocrx_word' id='word_1_308' title='bbox 385 3675 465 3726; x_wconf 82' lang='lat' dir='ltr'><strong>Cocta</strong></span> <span class='ocrx_word' id='word_1_309' title='bbox 479 3692 505 3726; x_wconf 92' lang='lat' dir='ltr'><strong>a.</strong></span> <span class='ocrx_word' id='word_1_310' title='bbox 612 3678 646 3731; x_wconf 77' lang='grc'>12</span> <span class='ocrx_word' id='word_1_311' title='bbox 657 3676 802 3744; x_wconf 81' lang='lat' dir='ltr'><strong>proiectum</strong></span> <span class='ocrx_word' id='word_1_312' title='bbox 815 3676 841 3727; x_wconf 86' lang='lat' dir='ltr'><strong>b.</strong></span> <span class='ocrx_word' id='word_1_313' title='bbox 964 3676 1065 3728; x_wconf 72' lang='lat' dir='ltr'><strong>Cotta!</strong></span> <span class='ocrx_word' id='word_1_314' title='bbox 1079 3692 1112 3727; x_wconf 87' lang='lat' dir='ltr'><strong>ex</strong></span> <span class='ocrx_word' id='word_1_315' title='bbox 1125 3676 1217 3743; x_wconf 77' lang='lat' dir='ltr'><strong>oppido</strong></span> 
     </span>
     <span class='ocr_line' id='line_1_35' title="bbox 97 3750 1217 3821; baseline 0.005 -20"><span class='ocrx_word' id='word_1_316' title='bbox 97 3764 115 3801; x_wconf 90' lang='lat' dir='ltr'><strong>a</strong></span> <span class='ocrx_word' id='word_1_317' title='bbox 128 3750 293 3817; x_wconf 71' lang='lat' dir='ltr'><strong>Stephanae,</strong></span> <span class='ocrx_word' id='word_1_318' title='bbox 306 3770 339 3804; x_wconf 89' lang='lat' dir='ltr'><strong>cx</strong></span> <span class='ocrx_word' id='word_1_319' title='bbox 352 3754 444 3821; x_wconf 91' lang='lat' dir='ltr'><strong>oppido</strong></span> <span class='ocrx_word' id='word_1_320' title='bbox 458 3753 559 3805; x_wconf 79' lang='lat' dir='ltr'><strong>coru·</strong></span> <span class='ocrx_word' id='word_1_321' title='bbox 572 3759 679 3806; x_wconf 80' lang='lat' dir='ltr'><strong>ceierae</strong></span> <span class='ocrx_word' id='word_1_322' title='bbox 690 3755 752 3806; x_wconf 76' lang='lat' dir='ltr'><strong>edd.</strong></span> <span class='ocrx_word' id='word_1_323' title='bbox 905 3754 936 3806; x_wconf 74' lang='grc'>13</span> <span class='ocrx_word' id='word_1_324' title='bbox 949 3754 1120 3818; x_wconf 63' lang='lat' dir='ltr'><strong>intellegebat</strong></span> <span class='ocrx_word' id='word_1_325' title='bbox 1131 3770 1148 3804; x_wconf 97' lang='lat' dir='ltr'><strong>a</strong></span> <span class='ocrx_word' id='word_1_326' title='bbox 1161 3755 1217 3807; x_wconf 69' lang='lat' dir='ltr'><strong>sti</strong></span> 
     </span>
     <span class='ocr_line' id='line_1_36' title="bbox 97 3825 1217 3896; baseline 0.004 -19"><span class='ocrx_word' id='word_1_327' title='bbox 97 3825 178 3892; x_wconf 74' lang='lat' dir='ltr'><strong>aare,</strong></span> <span class='ocrx_word' id='word_1_328' title='bbox 193 3828 362 3895; x_wconf 67' lang='lat' dir='ltr'><strong>intellegeret</strong></span> <span class='ocrx_word' id='word_1_329' title='bbox 375 3847 392 3882; x_wconf 84' lang='lat' dir='ltr'><strong>u</strong></span> <span class='ocrx_word' id='word_1_330' title='bbox 404 3831 579 3895; x_wconf 65' lang='lat' dir='ltr'><strong>(intellegere,</strong></span> <span class='ocrx_word' id='word_1_331' title='bbox 594 3847 648 3882; x_wconf 81' lang='lat' dir='ltr'><strong>noer</strong></span> <span class='ocrx_word' id='word_1_332' title='bbox 662 3831 823 3895; x_wconf 87' lang='lat' dir='ltr'><strong>intelligere,</strong></span> <span class='ocrx_word' id='word_1_333' title='bbox 836 3829 937 3896; x_wconf 85' lang='lat' dir='ltr'><strong>ubique</strong></span> <span class='ocrx_word' id='word_1_334' title='bbox 946 3830 987 3896; x_wconf 87' lang='lat' dir='ltr'><strong>a).</strong></span> <span class='ocrx_word' id='word_1_335' title='bbox 1093 3833 1124 3885; x_wconf 74' lang='lat' dir='ltr'><strong>ll</strong></span> <span class='ocrx_word' id='word_1_336' title='bbox 1136 3831 1184 3883; x_wconf 85' lang='lat' dir='ltr'><strong>boo</strong></span> <span class='ocrx_word' id='word_1_337' title='bbox 1193 3833 1217 3883; x_wconf 74' lang='lat' dir='ltr'><strong>t.</strong></span> 
     </span>
    </p>

    <p class='ocr_par' dir='ltr' id='par_1_6' title="bbox 95 3907 1221 4284">
     <span class='ocr_line' id='line_1_37' title="bbox 205 3907 1220 3979; baseline 0.008 -21"><span class='ocrx_word' id='word_1_338' title='bbox 205 3907 237 3958; x_wconf 83' lang='lat' dir='ltr'><strong>ld</strong></span> <span class='ocrx_word' id='word_1_339' title='bbox 248 3907 398 3972; x_wconf 85' lang='lat' dir='ltr'><strong>brutiisque</strong></span> <span class='ocrx_word' id='word_1_340' title='bbox 410 3922 426 3957; x_wconf 87' lang='lat' dir='ltr'><strong>a</strong></span> <span class='ocrx_word' id='word_1_341' title='bbox 440 3913 468 3958; x_wconf 91' lang='lat' dir='ltr'><strong>et</strong></span> <span class='ocrx_word' id='word_1_342' title='bbox 479 3911 579 3959; x_wconf 87' lang='lat' dir='ltr'><strong>omissa</strong></span> <span class='ocrx_word' id='word_1_343' title='bbox 592 3909 722 3974; x_wconf 84' lang='lat' dir='ltr'><strong>copulae.</strong></span> <span class='ocrx_word' id='word_1_344' title='bbox 827 3908 859 3959; x_wconf 84' lang='grc'><strong>11</strong></span> <span class='ocrx_word' id='word_1_345' title='bbox 873 3908 984 3960; x_wconf 87' lang='lat' dir='ltr'><strong>dilectus</strong></span> <span class='ocrx_word' id='word_1_346' title='bbox 996 3924 1024 3959; x_wconf 86' lang='lat' dir='ltr'><strong>a.</strong></span> <span class='ocrx_word' id='word_1_347' title='bbox 1131 3911 1163 3964; x_wconf 83' lang='lat' dir='ltr'><strong>te</strong></span> <span class='ocrx_word' id='word_1_348' title='bbox 1174 3928 1220 3979; x_wconf 84' lang='lat' dir='ltr'><strong>pa·</strong></span> 
     </span>
     <span class='ocr_line' id='line_1_38' title="bbox 96 3983 1221 4053; baseline 0.007 -23"><span class='ocrx_word' id='word_1_349' title='bbox 96 3994 129 4030; x_wconf 91' lang='lat' dir='ltr'><strong>ue</strong></span> <span class='ocrx_word' id='word_1_350' title='bbox 141 3997 169 4032; x_wconf 88' lang='lat' dir='ltr'><strong>a.</strong></span> <span class='ocrx_word' id='word_1_351' title='bbox 290 3984 320 4035; x_wconf 81' lang='grc'><strong>11</strong></span> <span class='ocrx_word' id='word_1_352' title='bbox 333 3985 458 4034; x_wconf 84' lang='lat' dir='ltr'><strong>concione</strong></span> <span class='ocrx_word' id='word_1_353' title='bbox 471 3984 522 4048; x_wconf 87' lang='lat' dir='ltr'><strong>(a).</strong></span> <span class='ocrx_word' id='word_1_354' title='bbox 638 3985 671 4039; x_wconf 85' lang='lat'><strong>2⁰</strong></span> <span class='ocrx_word' id='word_1_355' title='bbox 685 3983 894 4049; x_wconf 83' lang='lat' dir='ltr'><strong>imparatissimis</strong></span> <span class='ocrx_word' id='word_1_356' title='bbox 906 4000 923 4035; x_wconf 93' lang='lat' dir='ltr'><strong>a</strong></span> <span class='ocrx_word' id='word_1_357' title='bbox 936 3986 972 4050; x_wconf 85' lang='lat' dir='ltr'><strong>(is</strong></span> <span class='ocrx_word' id='word_1_358' title='bbox 984 3986 1089 4053; x_wconf 87' lang='lat' dir='ltr'><strong>imper.)</strong></span> <span class='ocrx_word' id='word_1_359' title='bbox 1104 3988 1177 4040; x_wconf 70' lang='lat' dir='ltr'><strong>‘nasa</strong></span> <span class='ocrx_word' id='word_1_360' title='bbox 1191 3994 1221 4038; x_wconf 90' lang='lat' dir='ltr'><strong>et</strong></span> 
     </span>
     <span class='ocr_line' id='line_1_39' title="bbox 95 4058 1218 4133; baseline 0.007 -25"><span class='ocrx_word' id='word_1_361' title='bbox 95 4058 157 4109; x_wconf 77' lang='lat' dir='ltr'><strong>aaa.</strong></span> <span class='ocrx_word' id='word_1_362' title='bbox 171 4059 256 4125; x_wconf 61' lang='lat' dir='ltr'><strong>qaid),</strong></span> <span class='ocrx_word' id='word_1_363' title='bbox 271 4061 487 4127; x_wconf 87' lang='lat' dir='ltr'><strong>imparatissimus</strong></span> <span class='ocrx_word' id='word_1_364' title='bbox 500 4076 527 4111; x_wconf 84' lang='lat' dir='ltr'><strong>u.</strong></span> <span class='ocrx_word' id='word_1_365' title='bbox 655 4062 686 4117; x_wconf 74' lang='grc'><strong>11</strong></span> <span class='ocrx_word' id='word_1_366' title='bbox 702 4061 855 4127; x_wconf 85' lang='lat' dir='ltr'><strong>reliquisset</strong></span> <span class='ocrx_word' id='word_1_367' title='bbox 866 4063 892 4113; x_wconf 88' lang='lat' dir='ltr'><strong>iu</strong></span> <span class='ocrx_word' id='word_1_368' title='bbox 907 4072 1025 4117; x_wconf 84' lang='lat' dir='ltr'><strong>senatum</strong></span> <span class='ocrx_word' id='word_1_369' title='bbox 1037 4080 1097 4117; x_wconf 83' lang='lat' dir='ltr'><strong>eune</strong></span> <span class='ocrx_word' id='word_1_370' title='bbox 1109 4070 1218 4133; x_wconf 79' lang='lat' dir='ltr'><strong>punctis</strong></span> 
     </span>
     <span class='ocr_line' id='line_1_40' title="bbox 95 4136 1219 4211; baseline 0.006 -27"><span class='ocrx_word' id='word_1_371' title='bbox 95 4136 145 4184; x_wconf 83' lang='lat' dir='ltr'><strong>sub</strong></span> <span class='ocrx_word' id='word_1_372' title='bbox 159 4142 199 4185; x_wconf 89' lang='lat' dir='ltr'><strong>set</strong></span> <span class='ocrx_word' id='word_1_373' title='bbox 211 4141 240 4185; x_wconf 84' lang='lat' dir='ltr'><strong>et</strong></span> <span class='ocrx_word' id='word_1_374' title='bbox 252 4151 374 4203; x_wconf 81' lang='lat' dir='ltr'><strong>suprase.</strong></span> <span class='ocrx_word' id='word_1_375' title='bbox 390 4151 478 4201; x_wconf 91' lang='lat' dir='ltr'><strong>quea.</strong></span> <span class='ocrx_word' id='word_1_376' title='bbox 584 4137 617 4190; x_wconf 78' lang='lat'><strong>2³</strong></span> <span class='ocrx_word' id='word_1_377' title='bbox 630 4139 753 4189; x_wconf 88' lang='lat' dir='ltr'><strong>eoueioue</strong></span> <span class='ocrx_word' id='word_1_378' title='bbox 767 4139 817 4203; x_wconf 89' lang='lat' dir='ltr'><strong>(a).</strong></span> <span class='ocrx_word' id='word_1_379' title='bbox 929 4142 1103 4211; x_wconf 68' lang='lat' dir='ltr'><strong>uituperare]</strong></span> <span class='ocrx_word' id='word_1_380' title='bbox 1116 4143 1219 4209; x_wconf 87' lang='lat' dir='ltr'><strong>prouin-</strong></span> 
     </span>
     <span class='ocr_line' id='line_1_41' title="bbox 96 4215 1219 4284; baseline 0.003 -19"><span class='ocrx_word' id='word_1_381' title='bbox 96 4216 229 4269; x_wconf 82' lang='lat' dir='ltr'><strong>eiasadd.</strong></span> <span class='ocrx_word' id='word_1_382' title='bbox 245 4217 271 4268; x_wconf 88' lang='lat' dir='ltr'><strong>b.</strong></span> <span class='ocrx_word' id='word_1_383' title='bbox 375 4215 499 4283; x_wconf 76' lang='lat' dir='ltr'><strong>syciliam</strong></span> <span class='ocrx_word' id='word_1_384' title='bbox 511 4232 538 4266; x_wconf 92' lang='lat' dir='ltr'><strong>a.</strong></span> <span class='ocrx_word' id='word_1_385' title='bbox 644 4218 677 4273; x_wconf 73' lang='lat' dir='ltr'><strong>td</strong></span> <span class='ocrx_word' id='word_1_386' title='bbox 691 4233 747 4268; x_wconf 89' lang='lat' dir='ltr'><strong>oum</strong></span> <span class='ocrx_word' id='word_1_387' title='bbox 761 4215 934 4284; x_wconf 80' lang='lat' dir='ltr'><strong>imperiumn.</strong></span> <span class='ocrx_word' id='word_1_388' title='bbox 951 4221 976 4271; x_wconf 89' lang='lat' dir='ltr'><strong>b.</strong></span> <span class='ocrx_word' id='word_1_389' title='bbox 1082 4219 1219 4270; x_wconf 81' lang='lat' dir='ltr'><strong>auaruili·</strong></span> 
     </span>
    </p>

    <p class='ocr_par' dir='ltr' id='par_1_7' title="bbox 76 4307 285 4360">
     <span class='ocr_line' id='line_1_42' title="bbox 76 4307 285 4360; baseline 0 -16"><span class='ocrx_word' id='word_1_390' title='bbox 76 4307 285 4360; x_wconf 67' lang='lat' dir='ltr'><strong>⁴marsupiam</strong></span> 
     </span>
    </p>
   </div>
   <div class='ocr_carea' id='block_1_4' title="bbox 0 0 1351 4688">
    <p class='ocr_par' dir='ltr' id='par_1_8' title="bbox 0 0 1351 4688">
     <span class='ocr_line' id='line_1_43' title="bbox 0 0 1351 4688; baseline 0 0"><span class='ocrx_word' id='word_1_391' title='bbox 0 0 1351 4688; x_wconf 95' lang='lat' dir='ltr'><strong> </strong></span> 
     </span>
    </p>
   </div>
  </div>
 </body>
</html>
