2692 4688
486 159 807 227 ...ιω-

85 339 256 407 reeordatio
270 348 318 402 ost
332 336 458 413 laetior,
482 334 560 418 qnod
583 333 712 399 uietoria
734 334 830 399 faoilia
853 354 896 399 ex
915 330 1094 397 diffioillimis
1116 331 1210 399 etna

84 442 257 509 aeeiderat’.

169 643 248 710 Bell.
259 644 329 709 Aa.
348 644 383 722 2,
397 643 419 709 4
434 645 478 708 sio
493 644 620 728 scripsi:
641 642 699 707 ‘lta
715 654 807 708 uento
821 653 906 707 oerto
922 643 1073 724 oelerique
1086 642 1212 725 nauigio

84 758 190 812 neotus
205 758 275 832 post
289 748 365 811 diem
375 759 510 830 quartum
521 769 586 810 eum
596 747 694 830 longis
709 746 811 830 paucis
827 746 954 809 nauibus
969 745 999 807 in
1016 753 1212 827 conspeetura

84 850 208 915 Airiuae
223 850 326 915 uenit:
344 871 472 932 namque
486 849 645 913 onerariae
661 849 851 931 reliquaeque
866 856 986 931 praeter
996 867 1107 930 pausas
1119 857 1212 912 uento

85 953 238 1036 dispersae
261 962 353 1034 atque
383 951 571 1015 errabundae
597 951 717 1014 diuersa
741 950 807 1013 loos
830 949 1007 1033 petiernut’.
1053 946 1214 1013 lddeltntor

87 1055 257 1119 ‘onerariae
276 1053 412 1135 reliquae
434 1064 555 1138 praeter
575 1054 715 1136 pauoas',
745 1051 830 1134 quasi
859 1051 967 1134 longae
988 1071 1083 1116 naues
1104 1072 1212 1117 oannes

85 1178 152 1220 euna
169 1152 303 1221 Caesare
319 1156 457 1220 luissent.
497 1156 558 1221 Sed
579 1166 611 1219 et
625 1174 736 1239 paucas
752 1175 818 1216 ourn
834 1173 872 1215 eo
887 1153 981 1217 fuisso
996 1153 1085 1217 modo
1099 1152 1213 1219 niatu

85 1269 168 1336 erat,
194 1269 225 1322 et
239 1259 394 1342 longarum
411 1278 528 1340 quoquo
543 1269 657 1342 partem
674 1255 863 1320 deerrauisse
878 1275 918 1319 ex
934 1276 963 1319 e.
985 1254 1020 1333 7,
1044 1253 1066 1318 3
1087 1266 1212 1340 apparet

86 1360 203 1424 ‘eodem
219 1381 313 1423 naues
329 1361 486 1423 onerariae
502 1371 532 1423 et
546 1361 653 1444 longae
670 1356 830 1422 nonnullae
847 1378 919 1420 casu
934 1357 1143 1421 aduenerant‘.

168 1458 289 1525 Initium
299 1459 358 1523 o.3
373 1461 404 1524 in
420 1461 537 1544 optimis
553 1463 619 1525 sine
635 1461 733 1543 potius
749 1460 887 1524 omnibus
904 1459 990 1523 oodd.
1007 1460 1049 1523 ita
1065 1460 1212 1545 scriptun

85 1573 149 1628 esta
184 1559 362 1645 ‘Postquam
378 1560 576 1628 Adrumetuun
592 1563 735 1638 accessit,
761 1562 809 1625 ubi
826 1560 1004 1644 praesidium
1021 1571 1089 1627 erat
1102 1562 1213 1627 aduer-

83 1663 245 1740 sariorum,
264 1664 311 1727 oui
327 1674 466 1748 praeerat
481 1658 518 1727 C.
538 1661 712 1741 Considius,
731 1675 761 1728 et
776 1685 792 1729 a
809 1659 932 1747 Clupeis
947 1662 1111 1727 seeundum
1125 1684 1211 1729 oran

82 1765 261 1829 maritimam
285 1787 350 1830 oum
374 1767 507 1848 equitatu
527 1765 723 1830 Adrumetum
746 1762 805 1830 Cn.
831 1763 922 1842 Piso,
945 1787 1011 1829 eum
1033 1762 1213 1833 mauman

29 1942 32 1947 Ι
84 1868 206 1931 circiter
220 1864 267 1931 ΙΙΙ
288 1866 426 1945 milibus,
451 1868 602 1952 apparuit,
628 1869 667 1931 ibi
690 1869 839 1951 paulisper
861 1864 977 1931 Caesar
998 1878 1070 1933 aute
1092 1878 1213 1952 portum

83 1981 296 2046 commoratus,
314 1971 381 2033 dum
397 1972 531 2053 reliquae
541 1991 633 2034 naues
644 1971 853 2047 conuenirent,
871 1970 998 2053 exponit
1012 1969 1210 2035 exeruitttut'a

83 2070 139 2133 nisi
156 2071 232 2153 quod
249 2068 478 2157 Oudendorpius
494 2094 535 2137 ex
550 2073 685 2137 omnibus
700 2073 786 2136 eodd.
806 2073 904 2156 posuit
921 2069 1075 2149 ‘Mauris',
1091 2082 1127 2137 ut
1140 2082 1214 2139 auls

83 2167 270 2257 Scaligerum
286 2175 439 2239 edebatur.
471 2170 533 2239 Sed
554 2185 636 2239 reete
659 2175 737 2238 laune
765 2173 963 2239 ‘lllaurorum'
982 2174 1121 2258 posuisse
1133 2171 1211 2241 Par.

83 2295 143 2339 seo.
176 2276 379 2352 demonstrat,
408 2278 439 2339 in
467 2297 524 2358 quo
553 2277 663 2360 legitur
693 2274 852 2340 ‘lllauro’.
899 2273 1013 2341 Cetera
1041 2277 1213 2345 raetiam

83 2376 204 2442 hahent.
237 2380 266 2440 Α
282 2376 406 2462 Clupeis
426 2378 621 2442 Adrumetum
643 2376 715 2441 Piso
738 2378 911 2462 apparuisse
932 2376 1060 2456 dieitur,
1085 2379 1143 2445 ltoo
1164 2390 1214 2445 eat

82 2478 143 2553 ita,
167 2489 199 2541 ut
219 2477 416 2543 Adrumetum
439 2491 566 2562 peteret.
613 2478 719 2562 Neque
744 2481 822 2544 enim
846 2480 1094 2545 Adrumeticum
1120 2500 1213 2567 appa·

81 2578 191 2655 ruisse,
210 2590 243 2644 ut
254 2581 365 2655 editur,
383 2581 451 2645 inde
461 2582 650 2665 perspicitur,
668 2583 746 2665 quod
763 2583 843 2647 nulla
859 2584 998 2666 deinceps
1014 2585 1129 2648 mentio
1143 2584 1212 2653 eitra

82 2679 223 2745 infertur.
255 2680 357 2748 Verba
375 2691 454 2747 ‘uuor
469 2682 647 2748 Maurorum
663 2685 783 2749 oiroiter
797 2683 843 2749 lll
859 2684 993 2749 milibus'
1016 2706 1071 2769 per
1092 2685 1213 2770 apposi-

84 2783 193 2849 tionem
215 2786 406 2869 superaddita
427 2797 499 2850 sunt
513 2787 717 2869 superioribus
741 2794 827 2853 ‘oum
843 2789 998 2871 equitatu’z
1023 2808 1121 2872 neque
1136 2788 1211 2855 daeo

82 2887 201 2952 duriora
218 2898 288 2952 sunt
303 2909 389 2970 quana
414 2899 548 2952 extrema
565 2887 632 2952 ao
655 2887 777 2972 ‘ltaque
797 2909 834 2954 eo
857 2891 904 2955 die
926 2901 1028 2955 eastra
1051 2890 1153 2976 posuit
1172 2890 1211 2955 ad

82 2988 218 3072 oppidum
236 2989 415 3074 Ruspinam,
438 2987 505 3055 Cal.
523 2988 601 3055 lan.'

167 3088 205 3157 C.
223 3092 257 3169 o,
274 3092 295 3156 3
312 3094 430 3157 haeein
447 3094 533 3158 oodd.
551 3094 708 3177 leguntura
736 3095 868 3159 ‘Aeeidit
888 3114 938 3159 res
958 3095 1161 3173 incredibilis,
1176 3104 1210 3159 ut

82 3193 197 3273 equites
213 3194 310 3256 miuus
325 3192 425 3258 XXX
441 3192 520 3259 Galli
535 3195 712 3261 Maurorum
735 3197 866 3279 equiturn
888 3198 946 3260 duo
968 3196 1047 3261 milia
1063 3197 1133 3261 looo
1147 3196 1211 3283 pal-

82 3292 180 3359 lerent
203 3295 400 3379 fugerentque
423 3297 454 3360 in
476 3300 641 3382 oppidum'.
679 3298 794 3364 Verum
818 3300 951 3382 equitum
975 3297 1133 3364 Gallorum
1154 3322 1210 3367 nu·

83 3408 298 3461 metueremus
315 3419 374 3460 non
390 3409 447 3463 est.
493 3396 570 3463 Cum
586 3402 664 3465 enim
681 3397 878 3466 Caesareum
895 3403 1033 3466 omnibns
1049 3402 1146 3486 oopiia
1161 3422 1211 3469 es·

81 3506 130 3561 set
145 3497 175 3563 in
190 3499 318 3573 itinere,
335 3502 359 3563 si
377 3502 476 3585 plores
492 3505 606 3586 equites
622 3524 709 3586 qnam
725 3503 846 3586 triginta
864 3503 986 3581 habuit,
1009 3514 1147 3588 apertum
1163 3512 1212 3573 eal

82 3618 150 3662 eum
166 3621 227 3664 non
242 3612 301 3665 tam
322 3604 467 3687 exiguum
488 3626 643 3670 numerum
660 3604 772 3668 duobus
789 3605 918 3668 hostium
935 3607 1054 3671 milibus
1071 3606 1211 3673 sommia·

81 3720 183 3765 aurum
200 3702 306 3769 luisse.
338 3709 431 3789 Atqui
447 3729 537 3793 supra
554 3730 581 3771 e.
606 3710 646 3784 3,
668 3706 689 3769 2
712 3728 777 3771 eum
799 3717 917 3771 eentum
942 3719 971 3772 et
994 3709 1212 3793 quinquaginta

82 3803 231 3883 equitibus
247 3801 412 3873 Caesarem
428 3811 458 3873 in
471 3811 605 3875 Alrioam
622 3811 796 3892 peruenisse
811 3809 937 3873 relatum
954 3821 1014 3873 est.
1038 3808 1147 3895 ltaque
1162 3809 1211 3877 ltlo

83 3907 210 3986 ponendi
225 3920 295 3973 sunt
313 3913 440 3994 ‘equites
456 3913 552 3977 minus
569 3909 623 3977 CC
641 3912 742 3977 (ialli'.
768 3910 838 3975 Nisi
855 3934 882 3975 o.
901 3912 934 3986 3,
950 3913 971 3976 2
994 3914 1127 3996 ‘equites
1141 3908 1211 3981 Cla'

82 4026 187 4071 errore
202 4012 305 4093 seripti
320 4025 390 4077 sorrt
406 4036 458 4098 pro
476 4012 582 4083 ‘CCL’
599 4026 631 4079 et
646 4016 692 4080 lrio
710 4013 855 4098 ‘triginta'
872 4036 925 4098 pro
944 4016 1125 4080 ‘tieoerrtis'.

167 4106 203 4173 ln
220 4112 278 4177 stne
300 4140 329 4179 e.
353 4114 532 4199 iquaedam
549 4120 654 4185 deesse
670 4118 732 4203 ipsa
749 4118 893 4182 orationis
909 4118 1005 4181 lorma
1021 4118 1135 4183 indicio
1148 4130 1210 4189 est.

81 4207 240 4295 Loquetur
254 4214 295 4280 ibi
311 4219 401 4285 haee:
421 4219 575 4306 ‘llemiges
590 4221 723 4297 interim,
742 4221 791 4302 qui
807 4231 948 4302 aquatum
967 4240 984 4283 e
1000 4221 1128 4289 nauibus
1143 4223 1213 4289 oxi·
