2692 4688
487 189 790 257 ..98-

84 367 193 453 quibus
207 375 339 444 tacetur,
361 363 572 440 consentiant,
595 359 685 427 Laida
701 381 776 425 uero
791 380 838 444 pr.
856 358 1042 422 demonstret
1056 358 1087 421 iu
1102 378 1140 422 eo
1156 379 1208 423 co-

85 472 167 549 dice,
190 469 269 533 unde
283 467 451 551 descriptus
466 477 532 542 est,
556 465 744 548 integrorum
760 461 938 546 scripturum
958 481 978 524 e
1000 461 1095 544 prima
1117 482 1209 526 mauu

85 573 212 658 positam
227 570 335 646 luisse,
353 589 414 631 son
428 576 529 651 potest
543 566 661 630 dubium
678 565 793 638 uideri,
814 564 886 645 quin
899 562 1037 626 omuibus
1052 563 1149 627 tribus
1163 565 1209 627 lo-

85 676 131 740 cis
145 671 257 757 integri
270 671 389 735 codices
404 667 549 753 sequendi
563 666 641 744 sint,
658 665 732 730 licet
745 687 771 728 c.
787 663 842 740 tu,
861 664 878 728 1
896 666 1025 750 optimus
1041 662 1140 749 Bosg.
1160 686 1208 750 pr.

85 776 123 841 ab
136 775 176 840 iis
191 775 336 839 discedat.
366 769 495 837 lletinni
514 779 614 834 auteur
635 765 852 845 Melodunum,
869 769 948 850 quud
962 789 990 831 c.
1007 767 1069 846 58,
1090 763 1210 832 tioudi·

84 898 151 943 cum
166 875 346 941 testimoniis
369 874 445 938 satis
468 873 617 936 firmatum
631 871 764 948 uidetur,
780 871 841 935 etsi
856 873 931 956 apud
946 869 1036 934 medii
1051 870 1119 934 aeui
1132 870 1211 934 scri·

84 990 204 1064 ptores,
227 998 353 1061 quorum
375 975 434 1039 loci
458 974 576 1038 collecti
591 983 662 1036 sunt
675 994 694 1037 a
707 971 867 1057 Rouqueto
882 973 914 1037 in
928 971 1077 1036 indicibus
1099 972 1162 1036 uol.
1179 968 1212 1036 ll

85 1093 117 1147 ct
129 1079 176 1145 Ill
191 1079 371 1164 scriptorum
386 1098 489 1141 rerum
505 1073 689 1141 Gallicarum
704 1087 737 1140 et
750 1074 986 1153 Frenuiearum,
1008 1073 1097 1137 buius
1111 1073 1212 1160 oppidi

85 1204 196 1248 nomen
215 1181 323 1246 iisdem
342 1182 408 1243 lere
430 1179 641 1263 discrepentiis
661 1188 752 1260 atque
771 1179 848 1262 apud
862 1174 1027 1242 Caesarem
1043 1177 1215 1242 obnoxium

85 1286 153 1351 luit.
183 1281 221 1348 In
237 1283 337 1347 itiner.
347 1282 423 1346 Ant.
440 1303 470 1364 p.
487 1278 551 1345 383
568 1278 752 1345 ‘Mecletum’
767 1280 946 1364 appellatur,
963 1279 995 1341 in
1011 1277 1113 1343 tabula
1127 1277 1211 1344 Pea-

86 1388 163 1471 ὡς.
181 1383 351 1467 ‘Metegl0’.
384 1382 471 1447 Haec
486 1383 702 1466 praemittenda
717 1392 823 1457 erant,
849 1401 907 1463 qno
922 1380 1036 1444 rectius
1051 1381 1086 1443 de
1102 1393 1211 1447 extre-

85 1489 142 1553 mis
163 1487 264 1550 uerbis
286 1509 314 1547 c.
335 1482 375 1547 61
407 1484 628 1556 indicaremus,
652 1484 703 1546 nbi
725 1485 756 1546 iu
776 1481 876 1565 Boug.
901 1503 947 1564 pr.
970 1493 1001 1545 et
1019 1482 1212 1565 interpolatis

86 1588 224 1654 omuibus
237 1594 489 1649 commemoratur
501 1582 739 1660 ‘Metiosedum',
757 1585 788 1648 iu
805 1580 1134 1666 ‘aliis'Oudcndorpius
1150 1583 1212 1669 legi

84 1691 128 1754 ait
143 1687 344 1763 ‘Etlosedunn
359 1684 548 1766 Eliusedum,
566 1686 741 1759 Glosedum
758 1683 920 1751 Iusedunr'r
938 1685 970 1748 in
980 1681 1054 1748 Par.
1071 1707 1117 1769 pr.
1134 1688 1212 1752 seri·

84 1803 167 1878 ptum
181 1801 229 1855 est
253 1787 474 1855 ‘Metlosedum
482 1790 501 1851 ’.
539 1787 619 1872 Quid
640 1790 678 1855 de
693 1790 749 1852 boc
764 1790 885 1852 nomine
899 1789 1091 1851 statuendum
1106 1789 1211 1853 uidea-

85 1906 147 1969 tur,
163 1892 366 1977 intellegetur,
385 1912 472 1969 cum,
489 1912 565 1973 quae
579 1891 845 1976 superioribusce.
863 1901 1045 1965 narrantur,
1070 1891 1211 1956 conside-

85 1996 265 2062 raueriurus.
295 1991 451 2058 Labienus
465 1993 601 2078 Agedico
616 1992 791 2072 Lutetiam,
815 1994 892 2075 quud
913 2002 980 2057 erat
1001 1992 1137 2076 oppidum
1154 1989 1212 2059 Ss-

85 2119 196 2164 nouum
213 2098 340 2182 positum
355 2097 503 2162 ininsula
517 2093 689 2180 Sequanae,
706 2096 841 2161 secundo
857 2096 976 2160 llumiue
991 2096 1157 2174 contendit,
1176 2108 1213 2161 ut

86 2223 104 2267 o
119 2201 243 2287 regium
256 2200 324 2265 eius
340 2200 437 2284 oppidi
453 2201 563 2263 llumen
578 2199 718 2263 traiceret
739 2199 823 2262 etad
838 2198 959 2271 hostes,
981 2197 1032 2280 qui
1047 2197 1087 2260 ibi
1103 2218 1211 2264 conae·

86 2306 205 2382 derant,
223 2303 406 2388 perueniret.
422 2299 586 2384 Postquam
602 2302 631 2364 id
648 2302 685 2363 ob
701 2301 850 2383 paludem,
866 2320 943 2382 quoe
958 2299 1039 2384 ripas
1051 2296 1211 2384 Sequanae

86 2404 276 2488 impediebat,
294 2406 415 2468 edicere
429 2424 490 2467 non
507 2412 637 2484 poterat,
654 2403 770 2475 eudem,
787 2424 845 2484 quo
860 2413 998 2478 uenerat,
1016 2403 1125 2467 itinere
1139 2402 1212 2469 bic·

85 2507 227 2569 lodnuum
242 2506 392 2585 peruenit,
408 2504 489 2585 quod
501 2505 636 2586 oppidum
654 2504 748 2586 ipsum
761 2525 879 2587 quoque
894 2505 926 2568 in
940 2504 1039 2568 insule
1051 2501 1212 2588 Sequsuee

86 2606 214 2690 positum
229 2614 315 2681 erut,
337 2604 436 2686 ibique
452 2604 644 2688 deprebensis
659 2605 785 2668 nauibus
806 2605 915 2670 llumen
935 2608 1057 2675 uansiit
1071 2618 1103 2672 et
1115 2606 1212 2673 Lute-

88 2706 160 2771 tiam
174 2706 337 2770 sostendit.
353 2704 468 2770 Hostes
483 2726 520 2771 eo
532 2708 638 2791 oppido
653 2709 777 2772 incenso
792 2728 826 2772 se
840 2709 872 2771 in
887 2708 1012 2772 alteram
1024 2710 1122 2793 ripam
1136 2732 1212 2775 oon·

86 2809 221 2875 tulerunt
235 2813 280 2886 (c.
296 2807 338 2872 57
353 2818 386 2873 ct
400 2805 468 2887 58).
500 2804 562 2873 Sed
577 2809 695 2873 iuterim
712 2808 868 2875 Labienus
883 2812 921 2876 ad
935 2808 1089 2875 Lutetiam
1107 2813 1144 2876 de
1158 2813 1212 2879 de·

86 2912 215 2976 lectione
229 2910 425 2977 Haeduorum
436 2907 638 2996 Caesarisque
653 2912 876 2977 difficultatibus
892 2913 1006 2978 certior
1020 2916 1117 2979 lactus
1125 2913 1212 2999 Age·

86 3015 203 3093 dicum,
228 3015 278 3079 ubi
297 3013 507 3099 impedimenta
530 3014 683 3078 exereitus
699 3015 882 3098 reliqueret,
905 3018 1018 3081 reuerti
1040 3017 1207 3081 constituit.

86 3112 192 3199 ltaque
207 3138 275 3181 eun
290 3117 318 3183 ei
332 3138 441 3182 rursus
457 3114 597 3199 Sequana
613 3120 797 3183 uanseunda
813 3129 916 3196 essct,
940 3129 973 3182 ut
994 3118 1051 3182 boc
1073 3129 1157 3183 tutus
1170 3119 1211 3182 ab

85 3216 215 3279 bostium
229 3218 342 3300 impetu
358 3220 502 3295 ediceret,
520 3219 598 3282 benc
612 3221 761 3286 rationem
775 3222 855 3299 iniit,
872 3241 949 3304 quae
964 3242 992 3283 c.
1007 3218 1052 3283 ou
1063 3223 1208 3287 refertur.

87 3313 166 3381 ‘Sub
178 3338 338 3400 uesperum
350 3322 475 3385 consilio
487 3333 652 3385 urnnocatu
662 3324 850 3401 cohortatus,
863 3333 957 3400 ntea,
974 3343 1051 3406 quae
1064 3324 1210 3406 imperes-

84 3429 144 3492 set,
161 3419 322 3503 diligenter
336 3420 541 3502 industrieque
555 3423 814 3501 administrarent,
831 3445 937 3499 naues,
955 3446 1030 3507 quas
1044 3422 1210 3488 Meluduno

85 3520 272 3596 deduxerat,
289 3519 422 3603 singrrlm
438 3521 587 3602 equitibus
602 3522 749 3588 lloruauis
764 3525 901 3588 attribuit
915 3537 947 3589 et
961 3528 1055 3610 prima
1071 3529 1210 3591 conlecta

84 3621 186 3704 uigilia
207 3617 253 3688 lv
276 3623 355 3687 milia
378 3643 517 3706 prssrmm
539 3624 670 3689 secundo
693 3626 813 3690 llumiue
836 3629 975 3713 progredi
991 3630 1089 3713 ibique
1105 3648 1139 3693 se
1154 3648 1211 3692 es·

84 3724 200 3806 peotari
214 3723 307 3789 iubet.
341 3721 480 3807 Quinque
495 3725 653 3809 cobortes,
670 3749 744 3811 ques
760 3730 881 3794 minime
896 3733 997 3796 firmas
1012 3734 1049 3796 nd
1065 3732 1210 3795 ‹limicen-

84 3826 151 3888 dum
168 3847 237 3890 esse
252 3826 455 3905 existimabat,
472 3828 580 3893 castris
593 3832 741 3912 praesidio
753 3832 912 3917 relinquit:
931 3837 1061 3918 quinque
1075 3833 1210 3897 eiusdem

83 3927 211 4010 legions
226 3928 359 4012 reliquas
381 3930 417 3993 de
439 3931 535 3995 medie
559 3943 647 3998 nocte
668 3955 736 3999 curu
761 3937 898 4000 omnibus
923 3935 1141 4020 impedimentis
1157 3934 1210 3996 ad·

84 4048 173 4093 uerau
187 4029 309 4096 flumine
324 4052 433 4115 magno
448 4033 576 4097 tumultu
591 4038 737 4117 proticisci
752 4037 891 4122 imperet.
941 4036 1102 4118 Conquirit
1116 4036 1207 4099 etium

82 4131 206 4197 lintres:
231 4134 286 4196 lraa
308 4156 417 4218 niagno
439 4137 540 4200 souitu
562 4157 712 4203 remorum
737 4141 876 4205 incitatas
898 4143 929 4204 in
950 4139 1074 4203 candem
1091 4148 1206 4220 purteur

82 4235 183 4301 mittit.
201 4232 270 4320 lpse
285 4248 352 4322 post
367 4240 454 4322 paulu
469 4240 590 4305 silentio
605 4262 748 4324 egressus
764 4265 830 4307 eum
846 4243 939 4306 tribus
954 4240 1121 4324 legionibus
1138 4261 1205 4304 euru
