<?xml version="1.0" encoding="UTF-8"?>
<!DOCTYPE html PUBLIC "-//W3C//DTD XHTML 1.0 Transitional//EN"
    "http://www.w3.org/TR/xhtml1/DTD/xhtml1-transitional.dtd">
<html xmlns="http://www.w3.org/1999/xhtml" xml:lang="en" lang="en">
 <head>
  <title>
</title>
<meta http-equiv="Content-Type" content="text/html;charset=utf-8" />
  <meta name='ocr-system' content='tesseract 3.04.00' />
  <meta name='ocr-capabilities' content='ocr_page ocr_carea ocr_par ocr_line ocrx_word'/>
</head>
<body>
  <div class='ocr_page' id='page_1' title='image "./civliicaesarisc02hirtgoog_0091.png"; bbox 0 0 2692 4688; ppageno 0'>
   <div class='ocr_carea' id='block_1_1' title="bbox 494 228 793 294">
    <p class='ocr_par' dir='ltr' id='par_1_1' title="bbox 494 228 793 294">
     <span class='ocr_line' id='line_1_1' title="bbox 494 228 793 294; baseline -0.003 -14"><span class='ocrx_word' id='word_1_1' title='bbox 494 228 793 294; x_wconf 75' lang='lat'>...84-</span> 
     </span>
    </p>
   </div>
   <div class='ocr_carea' id='block_1_2' title="bbox 82 398 1215 4352">
    <p class='ocr_par' dir='ltr' id='par_1_2' title="bbox 82 398 1215 4352">
     <span class='ocr_line' id='line_1_2' title="bbox 84 398 1211 485; baseline -0.004 -18"><span class='ocrx_word' id='word_1_2' title='bbox 84 424 122 467; x_wconf 90' lang='lat' dir='ltr'>ne</span> <span class='ocrx_word' id='word_1_3' title='bbox 148 402 221 467; x_wconf 92' lang='lat' dir='ltr'>nibil</span> <span class='ocrx_word' id='word_1_4' title='bbox 243 411 343 465; x_wconf 91' lang='lat' dir='ltr'>aetum</span> <span class='ocrx_word' id='word_1_5' title='bbox 365 400 519 465; x_wconf 89' lang='lat' dir='ltr'>censeret&#39;</span> <span class='ocrx_word' id='word_1_6' title='bbox 542 412 616 465; x_wconf 86' lang='lat' dir='ltr'>cett.</span> <span class='ocrx_word' id='word_1_7' title='bbox 647 399 691 464; x_wconf 81' lang='lat' dir='ltr'>At</span> <span class='ocrx_word' id='word_1_8' title='bbox 705 420 751 474; x_wconf 87' lang='lat' dir='ltr'>ea,</span> <span class='ocrx_word' id='word_1_9' title='bbox 775 419 850 483; x_wconf 91' lang='lat' dir='ltr'>quae</span> <span class='ocrx_word' id='word_1_10' title='bbox 865 399 951 462; x_wconf 91' lang='lat' dir='ltr'>initio</span> <span class='ocrx_word' id='word_1_11' title='bbox 973 398 1061 462; x_wconf 92' lang='lat' dir='ltr'>huius</span> <span class='ocrx_word' id='word_1_12' title='bbox 1077 399 1211 485; x_wconf 86' lang='lat' dir='ltr'>disputa-</span> 
     </span>
     <span class='ocr_line' id='line_1_3' title="bbox 84 500 1208 587; baseline -0.004 -18"><span class='ocrx_word' id='word_1_13' title='bbox 84 506 174 570; x_wconf 88' lang='lat' dir='ltr'>tionis</span> <span class='ocrx_word' id='word_1_14' title='bbox 190 526 228 568; x_wconf 84' lang='lat' dir='ltr'>ert</span> <span class='ocrx_word' id='word_1_15' title='bbox 246 504 331 568; x_wconf 92' lang='lat' dir='ltr'>codd.</span> <span class='ocrx_word' id='word_1_16' title='bbox 350 503 448 587; x_wconf 92' lang='lat' dir='ltr'>posui,</span> <span class='ocrx_word' id='word_1_17' title='bbox 473 503 529 567; x_wconf 91' lang='lat' dir='ltr'>soli</span> <span class='ocrx_word' id='word_1_18' title='bbox 552 503 762 586; x_wconf 76' lang='lat' dir='ltr'>neglegentiae</span> <span class='ocrx_word' id='word_1_19' title='bbox 783 501 940 586; x_wconf 89' lang='lat' dir='ltr'>scriptoris</span> <span class='ocrx_word' id='word_1_20' title='bbox 961 500 1053 565; x_wconf 90' lang='lat' dir='ltr'>tribui</span> <span class='ocrx_word' id='word_1_21' title='bbox 1068 514 1208 586; x_wconf 75' lang='lat' dir='ltr'><strong>possunt,</strong></span> 
     </span>
     <span class='ocr_line' id='line_1_4' title="bbox 84 600 1209 690; baseline -0.001 -20"><span class='ocrx_word' id='word_1_22' title='bbox 84 608 230 690; x_wconf 83' lang='lat' dir='ltr'>similique</span> <span class='ocrx_word' id='word_1_23' title='bbox 245 605 277 670; x_wconf 88' lang='lat' dir='ltr'>in</span> <span class='ocrx_word' id='word_1_24' title='bbox 293 627 381 670; x_wconf 89' lang='lat' dir='ltr'>eausa</span> <span class='ocrx_word' id='word_1_25' title='bbox 398 606 472 669; x_wconf 90' lang='lat' dir='ltr'>haec</span> <span class='ocrx_word' id='word_1_26' title='bbox 486 616 572 670; x_wconf 83' lang='lat' dir='ltr'>sunt:</span> <span class='ocrx_word' id='word_1_27' title='bbox 597 604 689 670; x_wconf 80' lang='lat' dir='ltr'>Caes.</span> <span class='ocrx_word' id='word_1_28' title='bbox 707 604 737 667; x_wconf 92' lang='lat' dir='ltr'>b.</span> <span class='ocrx_word' id='word_1_29' title='bbox 756 601 835 668; x_wconf 85' lang='lat' dir='ltr'>Gall.</span> <span class='ocrx_word' id='word_1_30' title='bbox 848 600 922 681; x_wconf 88' lang='lat' dir='ltr'><strong>VII,</strong></span> <span class='ocrx_word' id='word_1_31' title='bbox 940 600 994 681; x_wconf 80' lang='lat'>86,</span> <span class='ocrx_word' id='word_1_32' title='bbox 1011 602 1033 665; x_wconf 77' lang='grc'>2</span> <span class='ocrx_word' id='word_1_33' title='bbox 1056 603 1209 688; x_wconf 64' lang='lat' dir='ltr'>imperat,</span> 
     </span>
     <span class='ocr_line' id='line_1_5' title="bbox 83 704 1210 792; baseline 0 -21"><span class='ocrx_word' id='word_1_34' title='bbox 83 709 110 772; x_wconf 94' lang='lat' dir='ltr'>si</span> <span class='ocrx_word' id='word_1_35' title='bbox 132 709 280 772; x_wconf 77' lang='lat' dir='ltr'>sushaere</span> <span class='ocrx_word' id='word_1_36' title='bbox 303 729 364 771; x_wconf 95' lang='lat' dir='ltr'>non</span> <span class='ocrx_word' id='word_1_37' title='bbox 387 707 499 792; x_wconf 84' lang='lat' dir='ltr'>possit,</span> <span class='ocrx_word' id='word_1_38' title='bbox 524 707 659 772; x_wconf 87' lang='lat' dir='ltr'>deductis</span> <span class='ocrx_word' id='word_1_39' title='bbox 675 704 848 769; x_wconf 78' lang='lat' dir='ltr'>cohortibus</span> <span class='ocrx_word' id='word_1_40' title='bbox 864 705 1021 789; x_wconf 89' lang='lat' dir='ltr'>eruptione</span> <span class='ocrx_word' id='word_1_41' title='bbox 1042 717 1210 789; x_wconf 78' lang='lat' dir='ltr'>pugnareta</span> 
     </span>
     <span class='ocr_line' id='line_1_6' title="bbox 82 804 1211 891; baseline 0 -17"><span class='ocrx_word' id='word_1_42' title='bbox 82 810 113 874; x_wconf 93' lang='lat' dir='ltr'>id</span> <span class='ocrx_word' id='word_1_43' title='bbox 128 809 186 873; x_wconf 87' lang='lat' dir='ltr'>nisi</span> <span class='ocrx_word' id='word_1_44' title='bbox 202 809 376 874; x_wconf 85' lang='lat' dir='ltr'>necessario</span> <span class='ocrx_word' id='word_1_45' title='bbox 392 830 430 873; x_wconf 91' lang='lat' dir='ltr'>ue</span> <span class='ocrx_word' id='word_1_46' title='bbox 446 808 559 887; x_wconf 88' lang='lat' dir='ltr'>laeiat&#39;,</span> <span class='ocrx_word' id='word_1_47' title='bbox 576 805 665 885; x_wconf 90' lang='lat' dir='ltr'><strong>VIII,</strong></span> <span class='ocrx_word' id='word_1_48' title='bbox 683 806 737 887; x_wconf 86' lang='grc'>34,</span> <span class='ocrx_word' id='word_1_49' title='bbox 753 808 776 871; x_wconf 93' lang='grc'><strong>4</strong></span> <span class='ocrx_word' id='word_1_50' title='bbox 799 814 900 891; x_wconf 84' lang='lat' dir='ltr'>‘quana</span> <span class='ocrx_word' id='word_1_51' title='bbox 916 806 953 870; x_wconf 95' lang='lat' dir='ltr'>ob</span> <span class='ocrx_word' id='word_1_52' title='bbox 970 805 1137 873; x_wconf 83' lang='lat' dir='ltr'>eausamC.</span> <span class='ocrx_word' id='word_1_53' title='bbox 1148 804 1211 874; x_wconf 87' lang='lat' dir='ltr'>Ca·</span> 
     </span>
     <span class='ocr_line' id='line_1_7' title="bbox 84 910 1211 996; baseline 0.001 -21"><span class='ocrx_word' id='word_1_54' title='bbox 84 911 186 975; x_wconf 91' lang='lat' dir='ltr'>ninius</span> <span class='ocrx_word' id='word_1_55' title='bbox 208 920 270 973; x_wconf 91' lang='lat' dir='ltr'>toto</span> <span class='ocrx_word' id='word_1_56' title='bbox 294 911 400 996; x_wconf 90' lang='lat' dir='ltr'>oppido</span> <span class='ocrx_word' id='word_1_57' title='bbox 423 911 606 976; x_wconf 75' lang='lat' dir='ltr'>munitiones</span> <span class='ocrx_word' id='word_1_58' title='bbox 629 910 817 975; x_wconf 87' lang='lat' dir='ltr'>circumdare</span> <span class='ocrx_word' id='word_1_59' title='bbox 839 921 986 989; x_wconf 90' lang='lat' dir='ltr'>moratur,</span> <span class='ocrx_word' id='word_1_60' title='bbox 1013 931 1052 975; x_wconf 93' lang='lat' dir='ltr'>ne</span> <span class='ocrx_word' id='word_1_61' title='bbox 1067 921 1120 975; x_wconf 87' lang='lat' dir='ltr'>aut</span> <span class='ocrx_word' id='word_1_62' title='bbox 1135 932 1211 996; x_wconf 91' lang='lat' dir='ltr'>opus</span> 
     </span>
     <span class='ocr_line' id='line_1_8' title="bbox 84 1011 1212 1097; baseline 0.001 -20"><span class='ocrx_word' id='word_1_63' title='bbox 84 1014 220 1077; x_wconf 86' lang='lat' dir='ltr'>ellectum</span> <span class='ocrx_word' id='word_1_64' title='bbox 244 1012 323 1077; x_wconf 91' lang='lat' dir='ltr'>tueri</span> <span class='ocrx_word' id='word_1_65' title='bbox 354 1033 414 1074; x_wconf 93' lang='lat' dir='ltr'>non</span> <span class='ocrx_word' id='word_1_66' title='bbox 430 1023 531 1096; x_wconf 89' lang='lat' dir='ltr'>posset</span> <span class='ocrx_word' id='word_1_67' title='bbox 551 1022 603 1075; x_wconf 89' lang='lat' dir='ltr'>aut</span> <span class='ocrx_word' id='word_1_68' title='bbox 624 1011 756 1095; x_wconf 89' lang='lat' dir='ltr'>pluribus</span> <span class='ocrx_word' id='word_1_69' title='bbox 786 1012 818 1075; x_wconf 93' lang='lat' dir='ltr'>in</span> <span class='ocrx_word' id='word_1_70' title='bbox 839 1011 914 1077; x_wconf 89' lang='lat' dir='ltr'>locis</span> <span class='ocrx_word' id='word_1_71' title='bbox 936 1011 1053 1075; x_wconf 86' lang='lat' dir='ltr'>infirma</span> <span class='ocrx_word' id='word_1_72' title='bbox 1073 1013 1212 1097; x_wconf 77' lang='lat' dir='ltr'>disponat</span> 
     </span>
     <span class='ocr_line' id='line_1_9' title="bbox 83 1108 1212 1199; baseline 0.002 -21"><span class='ocrx_word' id='word_1_73' title='bbox 83 1113 243 1199; x_wconf 87' lang='lat' dir='ltr'>praesidia&#39;</span> <span class='ocrx_word' id='word_1_74' title='bbox 267 1115 350 1199; x_wconf 89' lang='lat' dir='ltr'>(nam</span> <span class='ocrx_word' id='word_1_75' title='bbox 366 1108 510 1178; x_wconf 87' lang='lat' dir='ltr'>Caesaris</span> <span class='ocrx_word' id='word_1_76' title='bbox 525 1114 593 1177; x_wconf 94' lang='lat' dir='ltr'>loeo</span> <span class='ocrx_word' id='word_1_77' title='bbox 617 1113 752 1198; x_wconf 83' lang='lat' dir='ltr'>‘pugnet&#39;</span> <span class='ocrx_word' id='word_1_78' title='bbox 768 1126 798 1177; x_wconf 91' lang='lat' dir='ltr'>et</span> <span class='ocrx_word' id='word_1_79' title='bbox 813 1112 907 1179; x_wconf 84' lang='lat' dir='ltr'>Hirtii</span> <span class='ocrx_word' id='word_1_80' title='bbox 932 1113 1048 1198; x_wconf 88' lang='lat' dir='ltr'>‘possit&#39;</span> <span class='ocrx_word' id='word_1_81' title='bbox 1070 1114 1102 1177; x_wconf 93' lang='lat' dir='ltr'>in</span> <span class='ocrx_word' id='word_1_82' title='bbox 1115 1117 1212 1181; x_wconf 87' lang='lat' dir='ltr'>inter·</span> 
     </span>
     <span class='ocr_line' id='line_1_10' title="bbox 84 1211 1212 1302; baseline 0.002 -22"><span class='ocrx_word' id='word_1_83' title='bbox 84 1217 192 1301; x_wconf 88' lang='lat' dir='ltr'>polatis</span> <span class='ocrx_word' id='word_1_84' title='bbox 216 1226 331 1279; x_wconf 86' lang='lat' dir='ltr'>tantum</span> <span class='ocrx_word' id='word_1_85' title='bbox 353 1215 439 1279; x_wconf 83' lang='lat' dir='ltr'>codd.</span> <span class='ocrx_word' id='word_1_86' title='bbox 465 1216 642 1302; x_wconf 85' lang='lat' dir='ltr'>leguntur);</span> <span class='ocrx_word' id='word_1_87' title='bbox 667 1211 734 1280; x_wconf 78' lang='lat' dir='ltr'>cie.</span> <span class='ocrx_word' id='word_1_88' title='bbox 760 1237 814 1300; x_wconf 91' lang='lat' dir='ltr'>pro</span> <span class='ocrx_word' id='word_1_89' title='bbox 837 1214 919 1279; x_wconf 89' lang='lat' dir='ltr'>Mur.</span> <span class='ocrx_word' id='word_1_90' title='bbox 950 1215 1004 1294; x_wconf 87' lang='grc'>41,</span> <span class='ocrx_word' id='word_1_91' title='bbox 1021 1213 1064 1280; x_wconf 77' lang='lat'>89</span> <span class='ocrx_word' id='word_1_92' title='bbox 1088 1224 1212 1300; x_wconf 81' lang='lat' dir='ltr'>‘quanta</span> 
     </span>
     <span class='ocr_line' id='line_1_11' title="bbox 84 1315 1211 1411; baseline -0.001 -28"><span class='ocrx_word' id='word_1_93' title='bbox 84 1330 183 1383; x_wconf 89' lang='lat' dir='ltr'>autem</span> <span class='ocrx_word' id='word_1_94' title='bbox 199 1317 385 1402; x_wconf 79' lang='lat' dir='ltr'>perturbatio</span> <span class='ocrx_word' id='word_1_95' title='bbox 400 1319 539 1382; x_wconf 76' lang='lat' dir='ltr'>somnone</span> <span class='ocrx_word' id='word_1_96' title='bbox 554 1329 643 1400; x_wconf 90' lang='lat' dir='ltr'>atque</span> <span class='ocrx_word' id='word_1_97' title='bbox 657 1315 825 1411; x_wconf 79' lang='lat' dir='ltr'>sermonis,</span> <span class='ocrx_word' id='word_1_98' title='bbox 850 1318 945 1400; x_wconf 91' lang='lat' dir='ltr'>quod,</span> <span class='ocrx_word' id='word_1_99' title='bbox 968 1318 1073 1400; x_wconf 90' lang='lat' dir='ltr'>quibus</span> <span class='ocrx_word' id='word_1_100' title='bbox 1088 1318 1211 1382; x_wconf 79' lang='lat' dir='ltr'>inlotis</span> 
     </span>
     <span class='ocr_line' id='line_1_12' title="bbox 84 1415 1212 1506; baseline -0.003 -20"><span class='ocrx_word' id='word_1_101' title='bbox 84 1421 186 1506; x_wconf 86' lang='lat' dir='ltr'>paucis</span> <span class='ocrx_word' id='word_1_102' title='bbox 202 1429 273 1483; x_wconf 92' lang='lat' dir='ltr'>ante</span> <span class='ocrx_word' id='word_1_103' title='bbox 289 1419 392 1482; x_wconf 90' lang='lat' dir='ltr'>diebus</span> <span class='ocrx_word' id='word_1_104' title='bbox 408 1422 517 1482; x_wconf 88' lang='lat' dir='ltr'>laetum</span> <span class='ocrx_word' id='word_1_105' title='bbox 534 1438 602 1482; x_wconf 85' lang='lat' dir='ltr'>esse</span> <span class='ocrx_word' id='word_1_106' title='bbox 617 1418 767 1481; x_wconf 87' lang='lat' dir='ltr'>consulem</span> <span class='ocrx_word' id='word_1_107' title='bbox 785 1415 943 1482; x_wconf 86' lang='lat' dir='ltr'>Murenam</span> <span class='ocrx_word' id='word_1_108' title='bbox 960 1419 1055 1482; x_wconf 91' lang='lat' dir='ltr'>nuntii</span> <span class='ocrx_word' id='word_1_109' title='bbox 1078 1419 1212 1483; x_wconf 88' lang='lat' dir='ltr'>litterae·</span> 
     </span>
     <span class='ocr_line' id='line_1_13' title="bbox 85 1519 1212 1606; baseline -0.002 -19"><span class='ocrx_word' id='word_1_110' title='bbox 85 1545 142 1606; x_wconf 93' lang='lat' dir='ltr'>qne</span> <span class='ocrx_word' id='word_1_111' title='bbox 158 1522 360 1586; x_wconf 79' lang='lat' dir='ltr'>celebrassent</span> <span class='ocrx_word' id='word_1_112' title='bbox 381 1533 411 1585; x_wconf 91' lang='lat' dir='ltr'>et</span> <span class='ocrx_word' id='word_1_113' title='bbox 431 1520 509 1585; x_wconf 92' lang='lat' dir='ltr'>unde</span> <span class='ocrx_word' id='word_1_114' title='bbox 525 1520 656 1603; x_wconf 87' lang='lat' dir='ltr'>hospites</span> <span class='ocrx_word' id='word_1_115' title='bbox 679 1530 769 1601; x_wconf 88' lang='lat' dir='ltr'>atque</span> <span class='ocrx_word' id='word_1_116' title='bbox 784 1519 869 1582; x_wconf 90' lang='lat' dir='ltr'>amici</span> <span class='ocrx_word' id='word_1_117' title='bbox 886 1520 1065 1603; x_wconf 79' lang='lat' dir='ltr'>gratulatum</span> <span class='ocrx_word' id='word_1_118' title='bbox 1081 1519 1212 1585; x_wconf 85' lang='lat' dir='ltr'>Romam</span> 
     </span>
     <span class='ocr_line' id='line_1_14' title="bbox 84 1619 1209 1706; baseline -0.001 -19"><span class='ocrx_word' id='word_1_119' title='bbox 84 1625 304 1700; x_wconf 83' lang='lat' dir='ltr'>concurrerint,</span> <span class='ocrx_word' id='word_1_120' title='bbox 322 1643 359 1686; x_wconf 92' lang='lat' dir='ltr'>eo</span> <span class='ocrx_word' id='word_1_121' title='bbox 374 1623 498 1685; x_wconf 88' lang='lat' dir='ltr'>accedat</span> <span class='ocrx_word' id='word_1_122' title='bbox 511 1620 575 1706; x_wconf 90' lang='lat' dir='ltr'>ipse</span> <span class='ocrx_word' id='word_1_123' title='bbox 591 1619 712 1683; x_wconf 90' lang='lat' dir='ltr'>nuntius</span> <span class='ocrx_word' id='word_1_124' title='bbox 727 1640 799 1683; x_wconf 92' lang='lat' dir='ltr'>suae</span> <span class='ocrx_word' id='word_1_125' title='bbox 814 1620 1013 1700; x_wconf 78' lang='lat' dir='ltr'>calamitatis&#39;3</span> <span class='ocrx_word' id='word_1_126' title='bbox 1031 1620 1100 1686; x_wconf 84' lang='lat' dir='ltr'>Liu.</span> <span class='ocrx_word' id='word_1_127' title='bbox 1114 1621 1209 1701; x_wconf 88' lang='lat' dir='ltr'><strong>XXI,</strong></span> 
     </span>
     <span class='ocr_line' id='line_1_15' title="bbox 84 1721 1211 1809; baseline -0.002 -20"><span class='ocrx_word' id='word_1_128' title='bbox 84 1722 127 1790; x_wconf 82' lang='grc'>30</span> <span class='ocrx_word' id='word_1_129' title='bbox 140 1734 223 1789; x_wconf 85' lang='lat' dir='ltr'>extr.</span> <span class='ocrx_word' id='word_1_130' title='bbox 250 1724 386 1808; x_wconf 84' lang='lat' dir='ltr'>‘proinde</span> <span class='ocrx_word' id='word_1_131' title='bbox 408 1735 461 1787; x_wconf 90' lang='lat' dir='ltr'>aut</span> <span class='ocrx_word' id='word_1_132' title='bbox 482 1724 623 1786; x_wconf 91' lang='lat' dir='ltr'>cederent</span> <span class='ocrx_word' id='word_1_133' title='bbox 638 1721 737 1783; x_wconf 89' lang='lat' dir='ltr'>animo</span> <span class='ocrx_word' id='word_1_134' title='bbox 753 1730 841 1804; x_wconf 88' lang='lat' dir='ltr'>atque</span> <span class='ocrx_word' id='word_1_135' title='bbox 856 1723 968 1788; x_wconf 91' lang='lat' dir='ltr'>uirtute</span> <span class='ocrx_word' id='word_1_136' title='bbox 983 1723 1064 1809; x_wconf 90' lang='lat' dir='ltr'>genti</span> <span class='ocrx_word' id='word_1_137' title='bbox 1088 1744 1142 1808; x_wconf 90' lang='lat' dir='ltr'>per</span> <span class='ocrx_word' id='word_1_138' title='bbox 1157 1745 1211 1788; x_wconf 91' lang='lat' dir='ltr'>eos</span> 
     </span>
     <span class='ocr_line' id='line_1_16' title="bbox 84 1819 1212 1911; baseline 0 -20"><span class='ocrx_word' id='word_1_139' title='bbox 84 1828 147 1891; x_wconf 89' lang='lat' dir='ltr'>dies</span> <span class='ocrx_word' id='word_1_140' title='bbox 165 1828 276 1891; x_wconf 88' lang='lat' dir='ltr'>totiens</span> <span class='ocrx_word' id='word_1_141' title='bbox 292 1825 329 1888; x_wconf 90' lang='lat' dir='ltr'>ab</span> <span class='ocrx_word' id='word_1_142' title='bbox 343 1846 377 1888; x_wconf 90' lang='lat' dir='ltr'>se</span> <span class='ocrx_word' id='word_1_143' title='bbox 393 1825 503 1902; x_wconf 89' lang='lat' dir='ltr'>uictae,</span> <span class='ocrx_word' id='word_1_144' title='bbox 520 1835 573 1888; x_wconf 91' lang='lat' dir='ltr'>aut</span> <span class='ocrx_word' id='word_1_145' title='bbox 587 1819 707 1888; x_wconf 88' lang='lat' dir='ltr'>itineris</span> <span class='ocrx_word' id='word_1_146' title='bbox 723 1822 810 1884; x_wconf 78' lang='lat' dir='ltr'>sanem</span> <span class='ocrx_word' id='word_1_147' title='bbox 825 1837 947 1907; x_wconf 88' lang='lat' dir='ltr'>sperent</span> <span class='ocrx_word' id='word_1_148' title='bbox 966 1849 1099 1911; x_wconf 80' lang='lat' dir='ltr'>carupum</span> <span class='ocrx_word' id='word_1_149' title='bbox 1116 1827 1212 1891; x_wconf 89' lang='lat' dir='ltr'>iuter·</span> 
     </span>
     <span class='ocr_line' id='line_1_17' title="bbox 82 1922 1211 2006; baseline -0.001 -14"><span class='ocrx_word' id='word_1_150' title='bbox 82 1930 228 1992; x_wconf 89' lang='lat' dir='ltr'>iacentem</span> <span class='ocrx_word' id='word_1_151' title='bbox 249 1925 353 1991; x_wconf 81' lang='lat' dir='ltr'>Tiberi</span> <span class='ocrx_word' id='word_1_152' title='bbox 375 1947 411 1990; x_wconf 89' lang='lat' dir='ltr'>ac</span> <span class='ocrx_word' id='word_1_153' title='bbox 433 1926 586 1989; x_wconf 89' lang='lat' dir='ltr'>moenibus</span> <span class='ocrx_word' id='word_1_154' title='bbox 612 1922 765 1988; x_wconf 85' lang='lat' dir='ltr'>Romanis&#39;</span> <span class='ocrx_word' id='word_1_155' title='bbox 789 1935 821 1988; x_wconf 94' lang='lat' dir='ltr'>et</span> <span class='ocrx_word' id='word_1_156' title='bbox 848 1923 1043 2006; x_wconf 82' lang='lat' dir='ltr'>XXXllI‚h</span> <span class='ocrx_word' id='word_1_157' title='bbox 1067 1935 1132 1991; x_wconf 86' lang='lat' dir='ltr'>‘eos</span> <span class='ocrx_word' id='word_1_158' title='bbox 1149 1929 1211 1991; x_wconf 87' lang='lat' dir='ltr'>lra-</span> 
     </span>
     <span class='ocr_line' id='line_1_18' title="bbox 86 2027 1211 2113; baseline -0.003 -17"><span class='ocrx_word' id='word_1_159' title='bbox 86 2030 178 2096; x_wconf 89' lang='lat' dir='ltr'>menti</span> <span class='ocrx_word' id='word_1_160' title='bbox 194 2028 251 2093; x_wconf 92' lang='lat' dir='ltr'>sibi</span> <span class='ocrx_word' id='word_1_161' title='bbox 268 2039 385 2092; x_wconf 87' lang='lat' dir='ltr'>eentum</span> <span class='ocrx_word' id='word_1_162' title='bbox 402 2027 483 2091; x_wconf 90' lang='lat' dir='ltr'>milia</span> <span class='ocrx_word' id='word_1_163' title='bbox 497 2027 683 2113; x_wconf 81' lang='lat' dir='ltr'>imperasse:</span> <span class='ocrx_word' id='word_1_164' title='bbox 702 2028 791 2109; x_wconf 87' lang='lat' dir='ltr'>quod,</span> <span class='ocrx_word' id='word_1_165' title='bbox 809 2049 987 2111; x_wconf 88' lang='lat' dir='ltr'>quamquam</span> <span class='ocrx_word' id='word_1_166' title='bbox 1003 2029 1134 2092; x_wconf 88' lang='lat' dir='ltr'>sterilem</span> <span class='ocrx_word' id='word_1_167' title='bbox 1150 2039 1211 2094; x_wconf 90' lang='lat' dir='ltr'>ter·</span> 
     </span>
     <span class='ocr_line' id='line_1_19' title="bbox 86 2128 1209 2215; baseline -0.003 -18"><span class='ocrx_word' id='word_1_168' title='bbox 86 2155 149 2197; x_wconf 88' lang='lat' dir='ltr'>ram</span> <span class='ocrx_word' id='word_1_169' title='bbox 172 2144 261 2197; x_wconf 85' lang='lat' dir='ltr'>arent</span> <span class='ocrx_word' id='word_1_170' title='bbox 281 2132 421 2215; x_wconf 90' lang='lat' dir='ltr'>ipsosque</span> <span class='ocrx_word' id='word_1_171' title='bbox 445 2128 532 2194; x_wconf 87' lang='lat' dir='ltr'>etiam</span> <span class='ocrx_word' id='word_1_172' title='bbox 555 2139 694 2214; x_wconf 81' lang='lat' dir='ltr'>agrestes</span> <span class='ocrx_word' id='word_1_173' title='bbox 722 2129 879 2212; x_wconf 88' lang='lat' dir='ltr'>peregrino</span> <span class='ocrx_word' id='word_1_174' title='bbox 902 2131 1049 2193; x_wconf 78' lang='lat' dir='ltr'>frumento</span> <span class='ocrx_word' id='word_1_175' title='bbox 1080 2131 1209 2208; x_wconf 89' lang='lat' dir='ltr'>alerent,</span> 
     </span>
     <span class='ocr_line' id='line_1_20' title="bbox 86 2226 1212 2319; baseline -0.003 -19"><span class='ocrx_word' id='word_1_176' title='bbox 86 2246 197 2314; x_wconf 85' lang='lat' dir='ltr'>tamen,</span> <span class='ocrx_word' id='word_1_177' title='bbox 223 2253 260 2299; x_wconf 94' lang='lat' dir='ltr'>ne</span> <span class='ocrx_word' id='word_1_178' title='bbox 277 2233 400 2297; x_wconf 87' lang='lat' dir='ltr'>dessent</span> <span class='ocrx_word' id='word_1_179' title='bbox 414 2232 522 2308; x_wconf 88' lang='lat' dir='ltr'>officio,</span> <span class='ocrx_word' id='word_1_180' title='bbox 540 2230 729 2309; x_wconf 73' lang='lat' dir='ltr'>coniecisse&#39;a</span> <span class='ocrx_word' id='word_1_181' title='bbox 753 2228 877 2295; x_wconf 91' lang='lat' dir='ltr'>Vitrun.</span> <span class='ocrx_word' id='word_1_182' title='bbox 894 2226 936 2309; x_wconf 93' lang='lat' dir='ltr'>II,</span> <span class='ocrx_word' id='word_1_183' title='bbox 955 2230 986 2309; x_wconf 90' lang='lat'>1,</span> <span class='ocrx_word' id='word_1_184' title='bbox 1004 2227 1025 2293; x_wconf 89' lang='grc'><strong>6</strong></span> <span class='ocrx_word' id='word_1_185' title='bbox 1042 2239 1120 2295; x_wconf 86' lang='lat' dir='ltr'>‘cnm</span> <span class='ocrx_word' id='word_1_186' title='bbox 1136 2253 1212 2319; x_wconf 86' lang='lat' dir='ltr'>ergo</span> 
     </span>
     <span class='ocr_line' id='line_1_21' title="bbox 87 2332 1210 2417; baseline -0.001 -17"><span class='ocrx_word' id='word_1_187' title='bbox 87 2338 160 2402; x_wconf 87' lang='lat' dir='ltr'>haee</span> <span class='ocrx_word' id='word_1_188' title='bbox 180 2336 225 2400; x_wconf 89' lang='lat' dir='ltr'>ita</span> <span class='ocrx_word' id='word_1_189' title='bbox 245 2335 356 2398; x_wconf 84' lang='lat' dir='ltr'>luerint</span> <span class='ocrx_word' id='word_1_190' title='bbox 371 2334 465 2417; x_wconf 89' lang='lat' dir='ltr'>primo</span> <span class='ocrx_word' id='word_1_191' title='bbox 482 2332 664 2410; x_wconf 89' lang='lat' dir='ltr'>constituta,</span> <span class='ocrx_word' id='word_1_192' title='bbox 688 2343 719 2396; x_wconf 91' lang='lat' dir='ltr'>et</span> <span class='ocrx_word' id='word_1_193' title='bbox 740 2342 847 2396; x_wconf 89' lang='lat' dir='ltr'>natura</span> <span class='ocrx_word' id='word_1_194' title='bbox 867 2353 928 2395; x_wconf 92' lang='lat' dir='ltr'>non</span> <span class='ocrx_word' id='word_1_195' title='bbox 949 2334 1046 2397; x_wconf 90' lang='lat' dir='ltr'>solum</span> <span class='ocrx_word' id='word_1_196' title='bbox 1070 2335 1210 2399; x_wconf 85' lang='lat' dir='ltr'>sensibus</span> 
     </span>
     <span class='ocr_line' id='line_1_22' title="bbox 86 2432 1213 2519; baseline 0 -18"><span class='ocrx_word' id='word_1_197' title='bbox 86 2437 259 2501; x_wconf 89' lang='lat' dir='ltr'>ornauisset</span> <span class='ocrx_word' id='word_1_198' title='bbox 274 2447 393 2519; x_wconf 87' lang='lat' dir='ltr'>gentes,</span> <span class='ocrx_word' id='word_1_199' title='bbox 419 2433 471 2498; x_wconf 87' lang='lat' dir='ltr'>sed</span> <span class='ocrx_word' id='word_1_200' title='bbox 487 2433 575 2495; x_wconf 90' lang='lat' dir='ltr'>etiam</span> <span class='ocrx_word' id='word_1_201' title='bbox 592 2432 824 2515; x_wconf 84' lang='lat' dir='ltr'>cogitationibus</span> <span class='ocrx_word' id='word_1_202' title='bbox 840 2444 869 2497; x_wconf 92' lang='lat' dir='ltr'>et</span> <span class='ocrx_word' id='word_1_203' title='bbox 885 2434 1018 2499; x_wconf 88' lang='lat' dir='ltr'>consiliis</span> <span class='ocrx_word' id='word_1_204' title='bbox 1033 2437 1213 2501; x_wconf 90' lang='lat' dir='ltr'>armauisset</span> 
     </span>
     <span class='ocr_line' id='line_1_23' title="bbox 89 2535 1212 2620; baseline 0 -18"><span class='ocrx_word' id='word_1_205' title='bbox 89 2549 205 2602; x_wconf 89' lang='lat' dir='ltr'>mentes</span> <span class='ocrx_word' id='word_1_206' title='bbox 221 2547 252 2599; x_wconf 89' lang='lat' dir='ltr'>et</span> <span class='ocrx_word' id='word_1_207' title='bbox 274 2536 450 2600; x_wconf 88' lang='lat' dir='ltr'>subiecisset</span> <span class='ocrx_word' id='word_1_208' title='bbox 472 2545 572 2599; x_wconf 89' lang='lat' dir='ltr'>cetera</span> <span class='ocrx_word' id='word_1_209' title='bbox 597 2535 736 2598; x_wconf 92' lang='lat' dir='ltr'>animalia</span> <span class='ocrx_word' id='word_1_210' title='bbox 760 2535 815 2599; x_wconf 88' lang='lat' dir='ltr'>sub</span> <span class='ocrx_word' id='word_1_211' title='bbox 838 2546 1004 2620; x_wconf 89' lang='lat' dir='ltr'>potestate,</span> <span class='ocrx_word' id='word_1_212' title='bbox 1029 2548 1091 2601; x_wconf 90' lang='lat' dir='ltr'>tum</span> <span class='ocrx_word' id='word_1_213' title='bbox 1107 2558 1212 2602; x_wconf 90' lang='lat' dir='ltr'>neroe</span> 
     </span>
     <span class='ocr_line' id='line_1_24' title="bbox 86 2636 1214 2723; baseline 0.003 -21"><span class='ocrx_word' id='word_1_214' title='bbox 86 2638 331 2702; x_wconf 81' lang='lat' dir='ltr'>fabricationibus</span> <span class='ocrx_word' id='word_1_215' title='bbox 348 2636 549 2702; x_wconf 84' lang='lat' dir='ltr'>aedificiorum</span> <span class='ocrx_word' id='word_1_216' title='bbox 565 2637 709 2720; x_wconf 85' lang='lat' dir='ltr'>gradatim</span> <span class='ocrx_word' id='word_1_217' title='bbox 727 2638 878 2723; x_wconf 91' lang='lat' dir='ltr'>progressi</span> <span class='ocrx_word' id='word_1_218' title='bbox 895 2638 931 2700; x_wconf 94' lang='lat' dir='ltr'>ad</span> <span class='ocrx_word' id='word_1_219' title='bbox 947 2649 1064 2703; x_wconf 87' lang='lat' dir='ltr'>ceteras</span> <span class='ocrx_word' id='word_1_220' title='bbox 1084 2650 1166 2704; x_wconf 91' lang='lat' dir='ltr'>artes</span> <span class='ocrx_word' id='word_1_221' title='bbox 1181 2651 1214 2705; x_wconf 87' lang='lat' dir='ltr'>et</span> 
     </span>
     <span class='ocr_line' id='line_1_25' title="bbox 84 2739 1213 2826; baseline 0.003 -22"><span class='ocrx_word' id='word_1_222' title='bbox 84 2740 257 2826; x_wconf 87' lang='lat' dir='ltr'>disciplinas</span> <span class='ocrx_word' id='word_1_223' title='bbox 279 2758 296 2803; x_wconf 88' lang='lat' dir='ltr'>e</span> <span class='ocrx_word' id='word_1_224' title='bbox 318 2741 383 2806; x_wconf 84' lang='lat' dir='ltr'>Iera</span> <span class='ocrx_word' id='word_1_225' title='bbox 403 2739 572 2825; x_wconf 85' lang='lat' dir='ltr'>agrestique</span> <span class='ocrx_word' id='word_1_226' title='bbox 595 2740 657 2803; x_wconf 89' lang='lat' dir='ltr'>uita</span> <span class='ocrx_word' id='word_1_227' title='bbox 672 2740 708 2802; x_wconf 93' lang='lat' dir='ltr'>ad</span> <span class='ocrx_word' id='word_1_228' title='bbox 723 2750 909 2804; x_wconf 88' lang='lat' dir='ltr'>mansuetam</span> <span class='ocrx_word' id='word_1_229' title='bbox 933 2741 1137 2826; x_wconf 77' lang='lat' dir='ltr'>perduxerunt</span> <span class='ocrx_word' id='word_1_230' title='bbox 1158 2742 1213 2807; x_wconf 91' lang='lat' dir='ltr'>hu·</span> 
     </span>
     <span class='ocr_line' id='line_1_26' title="bbox 86 2840 1213 2926; baseline 0.003 -20"><span class='ocrx_word' id='word_1_231' title='bbox 86 2843 269 2907; x_wconf 89' lang='lat' dir='ltr'>manitatem‘</span> <span class='ocrx_word' id='word_1_232' title='bbox 291 2854 322 2906; x_wconf 92' lang='lat' dir='ltr'>et</span> <span class='ocrx_word' id='word_1_233' title='bbox 344 2865 372 2907; x_wconf 90' lang='lat' dir='ltr'>e.</span> <span class='ocrx_word' id='word_1_234' title='bbox 396 2843 429 2918; x_wconf 78' lang='grc'>2,</span> <span class='ocrx_word' id='word_1_235' title='bbox 446 2840 465 2904; x_wconf 78' lang='lat'><strong>2</strong></span> <span class='ocrx_word' id='word_1_236' title='bbox 484 2848 536 2904; x_wconf 85' lang='lat' dir='ltr'>‘cx</span> <span class='ocrx_word' id='word_1_237' title='bbox 561 2841 606 2904; x_wconf 91' lang='lat' dir='ltr'>bis</span> <span class='ocrx_word' id='word_1_238' title='bbox 622 2863 695 2924; x_wconf 90' lang='lat' dir='ltr'>ergo</span> <span class='ocrx_word' id='word_1_239' title='bbox 711 2841 945 2926; x_wconf 86' lang='lat' dir='ltr'>congruentibus</span> <span class='ocrx_word' id='word_1_240' title='bbox 961 2865 1026 2908; x_wconf 91' lang='lat' dir='ltr'>eum</span> <span class='ocrx_word' id='word_1_241' title='bbox 1042 2864 1092 2907; x_wconf 82' lang='lat' dir='ltr'>res</span> <span class='ocrx_word' id='word_1_242' title='bbox 1108 2862 1213 2909; x_wconf 83' lang='lat' dir='ltr'>omues</span> 
     </span>
     <span class='ocr_line' id='line_1_27' title="bbox 86 2943 1213 3029; baseline 0.002 -22"><span class='ocrx_word' id='word_1_243' title='bbox 86 2947 169 3010; x_wconf 90' lang='lat' dir='ltr'>coire</span> <span class='ocrx_word' id='word_1_244' title='bbox 185 2946 327 3029; x_wconf 90' lang='lat' dir='ltr'>nascique</span> <span class='ocrx_word' id='word_1_245' title='bbox 343 2944 502 3009; x_wconf 92' lang='lat' dir='ltr'>uideantur</span> <span class='ocrx_word' id='word_1_246' title='bbox 517 2954 548 3007; x_wconf 93' lang='lat' dir='ltr'>et</span> <span class='ocrx_word' id='word_1_247' title='bbox 563 2963 617 3007; x_wconf 90' lang='lat' dir='ltr'>eae</span> <span class='ocrx_word' id='word_1_248' title='bbox 632 2943 663 3006; x_wconf 91' lang='lat' dir='ltr'>iu</span> <span class='ocrx_word' id='word_1_249' title='bbox 679 2943 803 3008; x_wconf 88' lang='lat' dir='ltr'>infinitis</span> <span class='ocrx_word' id='word_1_250' title='bbox 819 2945 977 3027; x_wconf 88' lang='lat' dir='ltr'>generibus</span> <span class='ocrx_word' id='word_1_251' title='bbox 993 2966 1092 3009; x_wconf 88' lang='lat' dir='ltr'>rerum</span> <span class='ocrx_word' id='word_1_252' title='bbox 1106 2957 1213 3009; x_wconf 89' lang='lat' dir='ltr'>natura</span> 
     </span>
     <span class='ocr_line' id='line_1_28' title="bbox 87 3046 1214 3132; baseline 0.001 -22"><span class='ocrx_word' id='word_1_253' title='bbox 87 3060 190 3112; x_wconf 86' lang='lat' dir='ltr'>essent</span> <span class='ocrx_word' id='word_1_254' title='bbox 205 3048 386 3132; x_wconf 86' lang='lat' dir='ltr'>disparatae,</span> <span class='ocrx_word' id='word_1_255' title='bbox 404 3047 505 3130; x_wconf 87' lang='lat' dir='ltr'>putaui</span> <span class='ocrx_word' id='word_1_256' title='bbox 521 3056 662 3130; x_wconf 84' lang='lat' dir='ltr'>oportere</span> <span class='ocrx_word' id='word_1_257' title='bbox 678 3048 714 3111; x_wconf 93' lang='lat' dir='ltr'>de</span> <span class='ocrx_word' id='word_1_258' title='bbox 730 3047 927 3111; x_wconf 88' lang='lat' dir='ltr'>uarietatibus</span> <span class='ocrx_word' id='word_1_259' title='bbox 943 3058 974 3110; x_wconf 89' lang='lat' dir='ltr'>et</span> <span class='ocrx_word' id='word_1_260' title='bbox 993 3046 1214 3112; x_wconf 88' lang='lat' dir='ltr'>discriminibus</span> 
     </span>
     <span class='ocr_line' id='line_1_29' title="bbox 87 3145 1215 3233; baseline 0 -21"><span class='ocrx_word' id='word_1_261' title='bbox 87 3171 159 3213; x_wconf 88' lang='lat' dir='ltr'>usus</span> <span class='ocrx_word' id='word_1_262' title='bbox 175 3171 278 3216; x_wconf 84' lang='lat' dir='ltr'>aarum</span> <span class='ocrx_word' id='word_1_263' title='bbox 295 3146 470 3233; x_wconf 85' lang='lat' dir='ltr'>exponere&#39;.</span> <span class='ocrx_word' id='word_1_264' title='bbox 509 3145 594 3211; x_wconf 88' lang='lat' dir='ltr'>IIaee</span> <span class='ocrx_word' id='word_1_265' title='bbox 611 3170 671 3212; x_wconf 89' lang='lat' dir='ltr'>non</span> <span class='ocrx_word' id='word_1_266' title='bbox 687 3149 787 3214; x_wconf 89' lang='lat' dir='ltr'>omnia</span> <span class='ocrx_word' id='word_1_267' title='bbox 802 3149 991 3213; x_wconf 89' lang='lat' dir='ltr'>librariorum</span> <span class='ocrx_word' id='word_1_268' title='bbox 1006 3149 1133 3213; x_wconf 88' lang='lat' dir='ltr'>ludibria</span> <span class='ocrx_word' id='word_1_269' title='bbox 1148 3149 1215 3212; x_wconf 82' lang='lat' dir='ltr'>exi·</span> 
     </span>
     <span class='ocr_line' id='line_1_30' title="bbox 89 3248 1215 3334; baseline 0 -21"><span class='ocrx_word' id='word_1_270' title='bbox 89 3251 237 3313; x_wconf 88' lang='lat' dir='ltr'>stimanda</span> <span class='ocrx_word' id='word_1_271' title='bbox 260 3270 328 3313; x_wconf 87' lang='lat' dir='ltr'>esse</span> <span class='ocrx_word' id='word_1_272' title='bbox 357 3251 563 3314; x_wconf 88' lang='lat' dir='ltr'>demonstrant</span> <span class='ocrx_word' id='word_1_273' title='bbox 591 3271 697 3315; x_wconf 87' lang='lat' dir='ltr'>uersus</span> <span class='ocrx_word' id='word_1_274' title='bbox 727 3250 855 3334; x_wconf 85' lang='lat' dir='ltr'>Vergilii</span> <span class='ocrx_word' id='word_1_275' title='bbox 877 3250 958 3314; x_wconf 78' lang='lat' dir='ltr'>Aen.</span> <span class='ocrx_word' id='word_1_276' title='bbox 983 3248 1010 3328; x_wconf 92' lang='lat' dir='ltr'>I,</span> <span class='ocrx_word' id='word_1_277' title='bbox 1033 3249 1096 3315; x_wconf 79' lang='lat'>297</span> <span class='ocrx_word' id='word_1_278' title='bbox 1128 3251 1215 3314; x_wconf 87' lang='lat' dir='ltr'>‘haee</span> 
     </span>
     <span class='ocr_line' id='line_1_31' title="bbox 86 3347 1214 3436; baseline -0.001 -20"><span class='ocrx_word' id='word_1_279' title='bbox 86 3353 130 3416; x_wconf 91' lang='lat' dir='ltr'>ait</span> <span class='ocrx_word' id='word_1_280' title='bbox 152 3361 182 3415; x_wconf 90' lang='lat' dir='ltr'>et</span> <span class='ocrx_word' id='word_1_281' title='bbox 204 3347 308 3414; x_wconf 86' lang='lat' dir='ltr'>Maiae</span> <span class='ocrx_word' id='word_1_282' title='bbox 328 3353 459 3435; x_wconf 91' lang='lat' dir='ltr'>genitum</span> <span class='ocrx_word' id='word_1_283' title='bbox 484 3352 614 3414; x_wconf 87' lang='lat' dir='ltr'>demittit</span> <span class='ocrx_word' id='word_1_284' title='bbox 629 3352 665 3414; x_wconf 91' lang='lat' dir='ltr'>ab</span> <span class='ocrx_word' id='word_1_285' title='bbox 682 3354 755 3429; x_wconf 90' lang='lat' dir='ltr'>alto,</span> <span class='ocrx_word' id='word_1_286' title='bbox 779 3363 812 3415; x_wconf 91' lang='lat' dir='ltr'>ut</span> <span class='ocrx_word' id='word_1_287' title='bbox 828 3363 926 3416; x_wconf 90' lang='lat' dir='ltr'>terrae</span> <span class='ocrx_word' id='word_1_288' title='bbox 944 3364 1033 3434; x_wconf 89' lang='lat' dir='ltr'>utque</span> <span class='ocrx_word' id='word_1_289' title='bbox 1049 3372 1147 3416; x_wconf 89' lang='lat' dir='ltr'>nonae</span> <span class='ocrx_word' id='word_1_290' title='bbox 1163 3374 1214 3436; x_wconf 90' lang='lat' dir='ltr'>pa·</span> 
     </span>
     <span class='ocr_line' id='line_1_32' title="bbox 87 3451 1215 3536; baseline -0.002 -19"><span class='ocrx_word' id='word_1_291' title='bbox 87 3465 172 3517; x_wconf 91' lang='lat' dir='ltr'>teant</span> <span class='ocrx_word' id='word_1_292' title='bbox 188 3451 380 3535; x_wconf 85' lang='lat' dir='ltr'>Carthaginis</span> <span class='ocrx_word' id='word_1_293' title='bbox 394 3475 480 3517; x_wconf 88' lang='lat' dir='ltr'>arces</span> <span class='ocrx_word' id='word_1_294' title='bbox 496 3452 625 3536; x_wconf 90' lang='lat' dir='ltr'>hospitio</span> <span class='ocrx_word' id='word_1_295' title='bbox 642 3451 789 3517; x_wconf 88' lang='lat' dir='ltr'>Teneris:</span> <span class='ocrx_word' id='word_1_296' title='bbox 815 3476 853 3518; x_wconf 94' lang='lat' dir='ltr'>ne</span> <span class='ocrx_word' id='word_1_297' title='bbox 869 3454 921 3517; x_wconf 86' lang='lat' dir='ltr'>lati</span> <span class='ocrx_word' id='word_1_298' title='bbox 937 3455 1037 3519; x_wconf 91' lang='lat' dir='ltr'>nescia</span> <span class='ocrx_word' id='word_1_299' title='bbox 1055 3452 1132 3517; x_wconf 80' lang='lat' dir='ltr'>Ilido</span> <span class='ocrx_word' id='word_1_300' title='bbox 1148 3454 1215 3516; x_wconf 86' lang='lat' dir='ltr'>hui·</span> 
     </span>
     <span class='ocr_line' id='line_1_33' title="bbox 86 3552 1215 3639; baseline 0.002 -23"><span class='ocrx_word' id='word_1_301' title='bbox 86 3554 141 3617; x_wconf 89' lang='lat' dir='ltr'>bus</span> <span class='ocrx_word' id='word_1_302' title='bbox 156 3552 297 3618; x_wconf 86' lang='lat' dir='ltr'>arceret&#39;.</span> <span class='ocrx_word' id='word_1_303' title='bbox 338 3553 555 3620; x_wconf 85' lang='lat' dir='ltr'>Verumtamen</span> <span class='ocrx_word' id='word_1_304' title='bbox 571 3573 646 3635; x_wconf 88' lang='lat' dir='ltr'>quae</span> <span class='ocrx_word' id='word_1_305' title='bbox 662 3575 703 3617; x_wconf 79' lang='lat' dir='ltr'>ex</span> <span class='ocrx_word' id='word_1_306' title='bbox 719 3553 800 3618; x_wconf 84' lang='lat' dir='ltr'>IIirt.</span> <span class='ocrx_word' id='word_1_307' title='bbox 818 3555 906 3633; x_wconf 91' lang='lat' dir='ltr'><strong>VIII,</strong></span> <span class='ocrx_word' id='word_1_308' title='bbox 924 3556 977 3629; x_wconf 85' lang='grc'>34,</span> <span class='ocrx_word' id='word_1_309' title='bbox 995 3556 1014 3619; x_wconf 88' lang='grc'><strong>4</strong></span> <span class='ocrx_word' id='word_1_310' title='bbox 1031 3555 1129 3639; x_wconf 90' lang='lat' dir='ltr'>posui,</span> <span class='ocrx_word' id='word_1_311' title='bbox 1154 3567 1215 3619; x_wconf 88' lang='lat' dir='ltr'>tam</span> 
     </span>
     <span class='ocr_line' id='line_1_34' title="bbox 85 3653 1215 3741; baseline 0.002 -22"><span class='ocrx_word' id='word_1_312' title='bbox 85 3657 203 3719; x_wconf 88' lang='lat' dir='ltr'>ineerta</span> <span class='ocrx_word' id='word_1_313' title='bbox 217 3667 307 3734; x_wconf 88' lang='lat' dir='ltr'>snut,</span> <span class='ocrx_word' id='word_1_314' title='bbox 326 3667 359 3720; x_wconf 91' lang='lat' dir='ltr'>nt</span> <span class='ocrx_word' id='word_1_315' title='bbox 372 3656 412 3720; x_wconf 93' lang='lat' dir='ltr'>ibi</span> <span class='ocrx_word' id='word_1_316' title='bbox 438 3653 554 3740; x_wconf 82' lang='lat' dir='ltr'>‘possit&#39;</span> <span class='ocrx_word' id='word_1_317' title='bbox 577 3676 689 3738; x_wconf 88' lang='lat' dir='ltr'>ponere</span> <span class='ocrx_word' id='word_1_318' title='bbox 705 3658 840 3741; x_wconf 88' lang='lat' dir='ltr'>equidem</span> <span class='ocrx_word' id='word_1_319' title='bbox 858 3680 918 3722; x_wconf 93' lang='lat' dir='ltr'>nou</span> <span class='ocrx_word' id='word_1_320' title='bbox 934 3658 1112 3722; x_wconf 80' lang='lat' dir='ltr'>dubitarim:</span> <span class='ocrx_word' id='word_1_321' title='bbox 1133 3666 1215 3740; x_wconf 87' lang='lat' dir='ltr'>‘pos-</span> 
     </span>
     <span class='ocr_line' id='line_1_35' title="bbox 86 3757 1215 3847; baseline 0.004 -28"><span class='ocrx_word' id='word_1_322' title='bbox 86 3758 135 3819; x_wconf 85' lang='lat' dir='ltr'>sit&#39;</span> <span class='ocrx_word' id='word_1_323' title='bbox 152 3757 232 3820; x_wconf 90' lang='lat' dir='ltr'>enim</span> <span class='ocrx_word' id='word_1_324' title='bbox 247 3768 279 3820; x_wconf 91' lang='lat' dir='ltr'>et</span> <span class='ocrx_word' id='word_1_325' title='bbox 295 3759 418 3840; x_wconf 86' lang='lat' dir='ltr'>‘posset&#39;</span> <span class='ocrx_word' id='word_1_326' title='bbox 435 3759 509 3823; x_wconf 91' lang='lat' dir='ltr'>adeo</span> <span class='ocrx_word' id='word_1_327' title='bbox 524 3759 587 3821; x_wconf 87' lang='lat' dir='ltr'>lero</span> <span class='ocrx_word' id='word_1_328' title='bbox 602 3778 721 3843; x_wconf 86' lang='lat' dir='ltr'>semper</span> <span class='ocrx_word' id='word_1_329' title='bbox 744 3761 775 3823; x_wconf 95' lang='lat' dir='ltr'>in</span> <span class='ocrx_word' id='word_1_330' title='bbox 797 3762 915 3847; x_wconf 88' lang='lat' dir='ltr'>optimis</span> <span class='ocrx_word' id='word_1_331' title='bbox 939 3761 1024 3822; x_wconf 88' lang='lat' dir='ltr'>codd.</span> <span class='ocrx_word' id='word_1_332' title='bbox 1043 3770 1215 3843; x_wconf 89' lang='lat' dir='ltr'>permutan-</span> 
     </span>
     <span class='ocr_line' id='line_1_36' title="bbox 87 3859 1212 3944; baseline 0.005 -25"><span class='ocrx_word' id='word_1_333' title='bbox 87 3868 155 3935; x_wconf 91' lang='lat' dir='ltr'>tur,</span> <span class='ocrx_word' id='word_1_334' title='bbox 183 3869 217 3921; x_wconf 93' lang='lat' dir='ltr'>nt</span> <span class='ocrx_word' id='word_1_335' title='bbox 245 3879 347 3923; x_wconf 90' lang='lat' dir='ltr'>eorum</span> <span class='ocrx_word' id='word_1_336' title='bbox 378 3860 457 3923; x_wconf 91' lang='lat' dir='ltr'>nulla</span> <span class='ocrx_word' id='word_1_337' title='bbox 485 3861 516 3924; x_wconf 92' lang='lat' dir='ltr'>in</span> <span class='ocrx_word' id='word_1_338' title='bbox 538 3862 593 3923; x_wconf 89' lang='lat' dir='ltr'>hae</span> <span class='ocrx_word' id='word_1_339' title='bbox 616 3881 649 3924; x_wconf 90' lang='lat' dir='ltr'>re</span> <span class='ocrx_word' id='word_1_340' title='bbox 672 3864 834 3928; x_wconf 87' lang='lat' dir='ltr'>auctoritas</span> <span class='ocrx_word' id='word_1_341' title='bbox 857 3863 916 3942; x_wconf 75' lang='lat' dir='ltr'>sit,</span> <span class='ocrx_word' id='word_1_342' title='bbox 947 3863 1017 3925; x_wconf 87' lang='lat' dir='ltr'>item</span> <span class='ocrx_word' id='word_1_343' title='bbox 1039 3862 1116 3944; x_wconf 92' lang='lat' dir='ltr'>apud</span> <span class='ocrx_word' id='word_1_344' title='bbox 1138 3859 1212 3925; x_wconf 89' lang='lat' dir='ltr'>Liu.</span> 
     </span>
     <span class='ocr_line' id='line_1_37' title="bbox 87 3955 1215 4048; baseline 0.006 -29"><span class='ocrx_word' id='word_1_345' title='bbox 87 3955 245 4036; x_wconf 83' lang='lat' dir='ltr'><strong>XXXIII,</strong></span> <span class='ocrx_word' id='word_1_346' title='bbox 263 3957 285 4021; x_wconf 86' lang='lat' dir='ltr'>li</span> <span class='ocrx_word' id='word_1_347' title='bbox 308 3959 465 4022; x_wconf 87' lang='lat' dir='ltr'>‘ararent&#39;</span> <span class='ocrx_word' id='word_1_348' title='bbox 489 3974 519 4025; x_wconf 90' lang='lat' dir='ltr'>ct</span> <span class='ocrx_word' id='word_1_349' title='bbox 533 3965 609 4047; x_wconf 90' lang='lat' dir='ltr'>apud</span> <span class='ocrx_word' id='word_1_350' title='bbox 626 3959 804 4028; x_wconf 86' lang='lat' dir='ltr'>Ciceronem</span> <span class='ocrx_word' id='word_1_351' title='bbox 822 3987 875 4048; x_wconf 93' lang='lat' dir='ltr'>pro</span> <span class='ocrx_word' id='word_1_352' title='bbox 889 3962 973 4028; x_wconf 86' lang='lat' dir='ltr'>lllur.</span> <span class='ocrx_word' id='word_1_353' title='bbox 991 3959 1045 4037; x_wconf 88' lang='grc'>41,</span> <span class='ocrx_word' id='word_1_354' title='bbox 1063 3960 1105 4024; x_wconf 76' lang='grc'>81)</span> <span class='ocrx_word' id='word_1_355' title='bbox 1130 3969 1215 4027; x_wconf 89' lang='lat' dir='ltr'>‘con-</span> 
     </span>
     <span class='ocr_line' id='line_1_38' title="bbox 86 4060 1215 4150; baseline 0.007 -29"><span class='ocrx_word' id='word_1_356' title='bbox 86 4060 252 4122; x_wconf 81' lang='lat' dir='ltr'>currerent&#39;</span> <span class='ocrx_word' id='word_1_357' title='bbox 276 4074 398 4146; x_wconf 88' lang='lat' dir='ltr'>propter</span> <span class='ocrx_word' id='word_1_358' title='bbox 413 4064 526 4126; x_wconf 89' lang='lat' dir='ltr'>erroris</span> <span class='ocrx_word' id='word_1_359' title='bbox 543 4065 715 4129; x_wconf 80' lang='lat' dir='ltr'>facilitatem</span> <span class='ocrx_word' id='word_1_360' title='bbox 732 4066 926 4150; x_wconf 82' lang='lat' dir='ltr'>praeferenda</span> <span class='ocrx_word' id='word_1_361' title='bbox 947 4064 1090 4128; x_wconf 88' lang='lat' dir='ltr'>arbitror.</span> <span class='ocrx_word' id='word_1_362' title='bbox 1130 4062 1215 4129; x_wconf 81' lang='lat' dir='ltr'>Ileli·</span> 
     </span>
     <span class='ocr_line' id='line_1_39' title="bbox 87 4160 1215 4251; baseline 0.004 -27"><span class='ocrx_word' id='word_1_363' title='bbox 87 4182 146 4245; x_wconf 89' lang='lat' dir='ltr'>qua</span> <span class='ocrx_word' id='word_1_364' title='bbox 169 4164 315 4227; x_wconf 89' lang='lat' dir='ltr'>mouenda</span> <span class='ocrx_word' id='word_1_365' title='bbox 337 4184 397 4226; x_wconf 94' lang='lat' dir='ltr'>non</span> <span class='ocrx_word' id='word_1_366' title='bbox 413 4174 494 4226; x_wconf 88' lang='lat' dir='ltr'>sant.</span> <span class='ocrx_word' id='word_1_367' title='bbox 533 4160 592 4229; x_wconf 89' lang='lat' dir='ltr'>Sed</span> <span class='ocrx_word' id='word_1_368' title='bbox 608 4168 683 4251; x_wconf 90' lang='lat' dir='ltr'>apud</span> <span class='ocrx_word' id='word_1_369' title='bbox 700 4164 791 4231; x_wconf 86' lang='lat' dir='ltr'>Caes.</span> <span class='ocrx_word' id='word_1_370' title='bbox 810 4167 839 4230; x_wconf 93' lang='lat' dir='ltr'>b.</span> <span class='ocrx_word' id='word_1_371' title='bbox 858 4165 937 4230; x_wconf 84' lang='lat' dir='ltr'>Gall.</span> <span class='ocrx_word' id='word_1_372' title='bbox 955 4162 1027 4241; x_wconf 90' lang='lat' dir='ltr'><strong>VII,</strong></span> <span class='ocrx_word' id='word_1_373' title='bbox 1045 4162 1099 4241; x_wconf 80' lang='lat'>86,</span> <span class='ocrx_word' id='word_1_374' title='bbox 1124 4163 1215 4250; x_wconf 66' lang='lat' dir='ltr'>Ipo-</span> 
     </span>
     <span class='ocr_line' id='line_1_40' title="bbox 88 4264 1214 4352; baseline 0.006 -26"><span class='ocrx_word' id='word_1_375' title='bbox 88 4264 216 4328; x_wconf 87' lang='lat' dir='ltr'>uendum</span> <span class='ocrx_word' id='word_1_376' title='bbox 228 4274 276 4329; x_wconf 91' lang='lat' dir='ltr'>est</span> <span class='ocrx_word' id='word_1_377' title='bbox 298 4266 336 4330; x_wconf 85' lang='lat' dir='ltr'>‘si</span> <span class='ocrx_word' id='word_1_378' title='bbox 351 4264 500 4330; x_wconf 89' lang='lat' dir='ltr'>sustinere</span> <span class='ocrx_word' id='word_1_379' title='bbox 516 4289 574 4330; x_wconf 93' lang='lat' dir='ltr'>non</span> <span class='ocrx_word' id='word_1_380' title='bbox 591 4271 714 4352; x_wconf 88' lang='lat' dir='ltr'>posset&#39;.</span> <span class='ocrx_word' id='word_1_381' title='bbox 746 4268 893 4335; x_wconf 80' lang='lat' dir='ltr'>Omnibus</span> <span class='ocrx_word' id='word_1_382' title='bbox 912 4268 989 4331; x_wconf 88' lang='lat' dir='ltr'>enim</span> <span class='ocrx_word' id='word_1_383' title='bbox 1001 4266 1087 4345; x_wconf 90' lang='lat' dir='ltr'>loeis,</span> <span class='ocrx_word' id='word_1_384' title='bbox 1106 4267 1214 4350; x_wconf 87' lang='lat' dir='ltr'>quibus</span> 
     </span>
    </p>
   </div>
   <div class='ocr_carea' id='block_1_3' title="bbox 0 0 1355 4688">
    <p class='ocr_par' dir='ltr' id='par_1_3' title="bbox 0 0 1355 4688">
     <span class='ocr_line' id='line_1_41' title="bbox 0 0 1355 4688; baseline 0 0"><span class='ocrx_word' id='word_1_385' title='bbox 0 0 1355 4688; x_wconf 95' lang='lat' dir='ltr'> </span> 
     </span>
    </p>
   </div>
  </div>
 </body>
</html>
