2692 4688
491 199 813 264 -138—

89 378 198 441 desunt
211 378 243 440 in
257 373 328 440 Par.
346 393 410 439 sec.
429 383 460 438 et
474 384 544 436 octo
560 373 645 436 codd.
664 368 881 455 Oudendorpii.
913 368 1158 455 supplementum
1173 375 1212 437 ad

88 478 267 543 sententiam
290 488 405 541 rectum
430 486 486 541 est.
524 474 604 539 Nam
626 487 655 539 et
670 485 734 538 tres
747 472 901 538 exercitus
922 473 1110 560 significandi
1125 487 1211 555 sunt,

87 592 118 647 et
136 581 291 645 Afranium
308 591 370 644 tres
385 580 519 663 legiones
535 578 678 642 babuisse
698 598 738 641 ex
753 599 782 641 c.
799 574 843 640 39
865 587 981 640 certum
997 587 1055 641 est.
1096 574 1159 643 Sed
1175 578 1213 643 ad

88 685 212 748 formam
234 683 381 748 orationis
403 681 697 768 perspiciendamque
718 680 850 743 delectus
872 700 992 743 cansam
1007 679 1120 744 metius
1136 680 1213 746 baec

88 786 130 849 ita
139 786 380 851 constituuntur:
397 793 620 869 ‘quornmanus
631 783 804 866 Hispaniam
820 783 990 846 citeriorem
1006 784 1214 870 mtueegtn

88 889 193 968 nidus,
210 890 295 954 alter
307 891 487 954 ulteriorem
503 910 521 953 a
536 889 615 952 saltn
631 882 848 950 Castulonensi
863 885 899 948 ad
914 884 1014 948 Anam
1030 885 1147 951 duabus
1170 888 1214 951 le·

86 989 244 1074 gionibns‚
268 992 377 1056 tertius
401 991 438 1055 ab
466 990 537 1055 Ana
556 988 720 1056 Vettonum
750 1010 856 1072 agrum
876 986 1124 1072 Lusitaniamque
1147 989 1216 1075 puri

88 1114 213 1158 numero
228 1095 376 1179 legionum
393 1094 568 1156 obtinebat’.

173 1191 428 1276 Quemadmodum
443 1197 480 1261 de
494 1196 595 1260 multis
610 1195 685 1260 locis
699 1193 916 1278 desperandum
931 1194 1023 1259 estin
1045 1194 1092 1259 bis
1111 1194 1213 1273 libris,

87 1299 137 1381 qni
152 1299 183 1361 in
198 1299 272 1363 solis
286 1299 473 1383 interpolatis
489 1299 574 1363 codd.
593 1300 706 1363 seruati
721 1307 803 1375 sunt,
828 1297 872 1361 ita
886 1296 1005 1375 omnia,
1030 1318 1107 1381 quae
1120 1318 1152 1363 e.
1168 1296 1214 1365 39

88 1402 240 1485 legantur,
263 1402 399 1486 grauiter
420 1412 559 1486 corrupta
575 1411 657 1464 sunt.
695 1398 796 1482 Atque
811 1400 899 1463 initio
920 1399 1037 1482 quidem
1052 1400 1119 1465 eius
1140 1420 1209 1487 cap.

88 1503 162 1566 baec
177 1503 287 1587 scripta
302 1514 393 1566 sunt:
414 1501 541 1576 ‘Erant‚
567 1513 600 1566 at
623 1523 713 1585 supra
734 1503 967 1566 demonstratum
982 1512 1048 1578 est,
1074 1502 1212 1586 legiones

87 1604 207 1670 Afranii
223 1617 297 1685 tres,
315 1603 426 1670 Petreii
441 1605 529 1684 duae,
546 1615 705 1689 praeterea
720 1615 855 1667 scutatae
870 1604 1022 1669 citerioris
1037 1604 1214 1689 prouinciae

88 1718 118 1772 et
133 1719 269 1774 cetratae
283 1710 436 1774 ulterioris
452 1707 617 1792 Hispaniae
632 1708 772 1771 cohortes
788 1707 910 1770 circiter
921 1703 1050 1770 LXXX
1062 1708 1214 1791 equimu-

88 1830 144 1893 que
160 1812 313 1896 utriusque
328 1813 500 1897 prouinciae
515 1811 639 1875 circiter
652 1808 794 1873 Vmilia'.
833 1807 1026 1874 Scumtarum
1042 1810 1213 1877 cohortium

87 1913 157 1976 alibi
182 1906 300 1978 Caesar
313 1915 492 1978 mentionem
516 1936 578 1978 nnn
600 1913 690 1976 lacit:
708 1923 841 1977 aetratae
856 1932 950 1986 nero,
975 1933 1042 1975 cum
1056 1911 1106 1975 bie
1120 1914 1213 1979 auius

87 2015 239 2080 ulterioris
255 2015 418 2100 Hispaniae
434 2017 588 2094 dieantur,
609 2027 709 2080 minen
725 2037 753 2079 c.
770 2014 825 2094 48,
842 2014 1074 2079 praeteriere
1090 2016 1213 2100 prouin-

88 2120 134 2182 eia
150 2130 420 2184 commemorantur
435 2131 523 2203 atque
538 2121 593 2196 ita,
612 2131 645 2182 ut
660 2140 747 2182 error
760 2119 885 2182 subesse
900 2138 960 2181 uon
981 2118 1088 2201 possit.
1125 2116 1212 2185 Haec

87 2222 164 2285 enim
181 2221 221 2285 ibi
237 2224 394 2307 leguntur:
414 2224 481 2286 ‘bos
505 2222 581 2287 leuis
603 2231 771 2285 armaturae
787 2220 926 2284 Lusitani
944 2220 1091 2303 peritique
1105 2242 1211 2289 earum

88 2325 254 2408 regionum'
277 2327 429 2408 (nimirum
454 2326 535 2389 cirea
559 2322 699 2406 ilerdam)
725 2325 846 2387 ‘cetrati
873 2323 1024 2388 citerioris
1045 2322 1211 2409 Hispaniae

87 2427 362 2493 consectabantur'.
386 2426 503 2492 Deinde
518 2428 640 2490 omuino
651 2426 764 2490 auxilia
779 2446 821 2488 ex
835 2425 978 2489 ulteriore
986 2423 1133 2509 Hispania
1148 2448 1211 2493 uon

87 2532 231 2606 aderant,
256 2550 343 2613 quam
366 2530 549 2613 prouinciam
572 2528 617 2592 M.
636 2527 737 2593 Varro
758 2528 932 2602 obtinebat,
956 2529 1004 2611 qni
1027 2529 1114 2593 buius
1140 2531 1211 2596 belli

87 2635 167 2697 circa
190 2630 318 2696 Ilerdam
341 2634 419 2715 gesti
442 2633 590 2717 particeps
614 2653 673 2695 non
698 2632 766 2694 luit.
793 2629 855 2696 Sed
871 2642 904 2694 ut
918 2632 1015 2695 minus
1031 2644 1209 2698 accuratos

86 2732 221 2802 Caesare
235 2735 407 2799 ulteriorem
423 2734 598 2820 Hispaniam
614 2756 668 2818 pro
683 2733 843 2798 Lusitania
858 2735 1040 2798 nominatam
1062 2736 1211 2801 conceda·

85 2861 163 2918 mus,
181 2838 253 2903 illud
269 2837 442 2916 discrimen,
460 2838 543 2920 qnasi
560 2836 710 2900 citerioris
726 2837 898 2920 prouinciae
913 2837 1096 2902 anxiliaalio
1111 2860 1211 2905 arm*

85 2954 172 3007 turae
180 2960 293 3029 genere
303 2939 349 3004 asi
358 2950 462 3004 essent
475 2948 563 3023 atque
570 2938 724 3013 Lusitani,
741 2941 832 3004 inane
846 2951 904 3004 est.
920 2938 1002 3004 Nam
1017 2940 1111 3019 arte,
1129 2940 1210 3009 tice·

85 3054 180 3108 matos
195 3044 346 3108 citerioris
363 3043 527 3127 Hispaniae
542 3044 769 3108 commemorari
783 3044 928 3117 uidimus,
951 3043 995 3106 ita
1008 3043 1064 3122 75,
1081 3044 1104 3107 2
1122 3064 1210 3129 prae-

83 3147 189 3210 toriam
206 3148 358 3211 cohortem
374 3157 555 3211 cetratorum
570 3144 681 3211 Petreii
696 3147 834 3232 legimus.
871 3144 913 3210 Et
927 3142 1085 3225 Celtiberi,
1103 3148 1211 3231 quitus

83 3269 111 3309 e.
130 3246 183 3323 38,
201 3246 221 3309 3
246 3250 283 3311 ab
297 3246 424 3312 Afranio
440 3250 553 3314 auxilia
571 3249 715 3333 imperata
730 3270 800 3314 esse
815 3249 942 3314 relatum
959 3258 1023 3326 est,
1041 3250 1118 3334 apud
1134 3249 1207 3315 Liu.

83 3345 240 3428 XXVlll,
255 3349 277 3414 2
292 3360 323 3414 et
336 3353 439 3436 grands
455 3365 625 3418 armaturae
640 3353 748 3417 milites
763 3361 898 3418 scutatos
915 3351 1054 3414 babuisse
1070 3352 1212 3433 dicuntur

83 3463 115 3515 et
129 3452 204 3516 lenis
220 3464 403 3529 armaturae,
421 3455 552 3539 quisine
568 3454 657 3517 dnbio
673 3456 779 3519 cetrati
796 3457 927 3519 luerunt.
957 3451 990 3516 ld
1007 3455 1086 3519 enim
1102 3476 1211 3520 uerum

84 3566 132 3618 est
155 3554 310 3639 utriusque
334 3568 502 3622 armaturae
518 3556 690 3620 discrimen.
729 3555 834 3641 ltaque
850 3558 942 3623 uerba
960 3558 1124 3621 ‘citerioris
1139 3578 1210 3641 pro·

83 3657 211 3721 nineiae’
227 3668 258 3721 et
273 3660 439 3723 ‘ulterioris
456 3658 628 3744 Hispaniae'
644 3662 744 3744 spuria
760 3661 918 3726 indicanda
933 3672 1015 3724 sunt.
1034 3659 1118 3723 llaec
1133 3680 1210 3724 nero

83 3759 171 3823 etiam
192 3759 336 3824 inferiora
362 3762 529 3846 ‘utriusque
552 3764 736 3846 prouinciae'
759 3764 893 3827 trabunt,
929 3763 1010 3827 Nam
1035 3763 1151 3846 equites
1167 3782 1211 3827 ex

82 3872 209 3945 emaque
224 3863 379 3946 prouincia
393 3867 516 3931 uenisse
532 3876 592 3930 tum
608 3866 722 3929 demum
739 3876 821 3930 recte
837 3867 1059 3944 declararetur,
1077 3866 1103 3929 si
1119 3865 1211 3950 petle-

82 3964 158 4029 stria
173 3965 288 4029 auxilia
303 3986 342 4030 ex
358 3968 535 4032 alterautra
551 3968 689 4032 luissent.

169 4064 420 4134 Commemoratis
436 4071 678 4136 aduersariorum
695 4071 788 4156 copiis
804 4072 841 4134 de
856 4073 919 4137 suis
936 4067 1054 4137 Caesar
1068 4071 1207 4153 exponit.

81 4168 119 4236 In
134 4192 192 4256 qua
207 4191 241 4236 re
256 4173 285 4256 ξ.
303 4171 323 4235 3
339 4174 413 4237 haec
427 4175 586 4257 legunturr
605 4172 766 4238 ‘Audierat
785 4173 961 4259 Pompeium
984 4195 1039 4259 per
1057 4170 1211 4239 Maurita-

82 4276 163 4345 niam
185 4296 254 4343 oum
276 4275 446 4363 legionibus
467 4275 527 4342 iter
544 4277 577 4341 in
591 4275 769 4362 Hispaniam
784 4278 887 4342 lucere
901 4279 1118 4363 confestimque
1139 4296 1210 4343 esse
