2692 4688
67 202 132 271 268
463 196 520 265 1111
542 194 686 264 sunto
710 189 900 262 canuno

126 375 192 458 ipsc
207 373 374 458 intellegat,
392 391 467 456 quae
482 370 589 434 ciuitas
605 381 760 453 queratur,
778 366 936 452 proponit3
964 375 1077 444 mouet,
1103 375 1136 428 ut
1150 366 1182 429 in
1196 386 1247 430 rs·

127 477 238 559 liquum
261 487 375 561 ternpus
396 494 501 538 omnes
523 471 709 555 suspiciones
730 470 825 547 uitet3
856 467 1019 553 praeterita
1040 487 1074 531 ue
1096 464 1248 531 Diuitiucc

127 579 213 643 lutri
229 578 400 641 condonare
414 577 497 640 dicit.
527 571 703 658 Dumnorigi
719 572 859 637 custodes
875 570 977 656 ponit,
996 581 1046 649 ut,
1063 590 1140 653 quae
1155 581 1246 655 agat,

128 679 302 763 quibuscum
325 680 475 769 loquatur,
492 677 571 741 scire
587 676 692 759 possit.

70 798 112 869 21
212 796 327 863 Eodem
343 798 391 861 die
406 796 443 859 ab
458 793 697 879 exploratoribus
714 794 826 858 certior
840 794 937 858 lactus
953 794 1055 858 hostes
1077 792 1248 860 submonte
1270 808 1286 857 s

129 900 300 964 consedisse
317 897 398 961 milia
413 919 551 982 passuum
567 897 603 960 ab
619 897 713 980 ipsius
729 897 838 961 eastris
850 907 931 970 octo,
948 895 1044 978 qualis
1052 907 1250 962 essetnatura

91 1002 237 1069 2moutis
253 1013 283 1066 et
299 1002 394 1085 qualis
409 1001 440 1064 in
450 1000 577 1063 circuitu
587 1020 745 1087 ascensus,
763 999 813 1082 qui
821 1008 1052 1083 cognoscerent,
1069 999 1163 1063 misit.
1186 997 1251 1064 tte·

129 1105 297 1171 nuntiatum
319 1114 366 1168 est
386 1103 502 1167 facilem
525 1122 606 1166 esse.
644 1098 692 1165 tte
715 1102 805 1165 tertia
826 1101 928 1184 uigilia
942 1097 1044 1165 Titum
1065 1096 1250 1181 Labienum,

128 1208 258 1292 legatum
274 1226 327 1290 pro
343 1216 494 1291 praetore,
518 1225 584 1268 cum
607 1203 720 1268 duabus
741 1204 910 1289 legionibus
933 1214 964 1267 ct
978 1203 1015 1266 iis
1030 1203 1173 1283 duobus,
1198 1205 1250 1288 qui

128 1314 188 1375 lter
203 1319 428 1394 cognouerant,
452 1328 598 1371 summum
619 1306 718 1390 iugum
744 1307 854 1370 montis
870 1306 1034 1371 ascendere
1048 1306 1150 1384 iubet3
1176 1306 1250 1389 quid
1276 1318 1309 1371 tc

93 1412 176 1479 boui
192 1411 310 1476 consilii
326 1411 378 1491 sit,
395 1410 537 1474 ostendit.
562 1406 630 1493 lpse
646 1409 682 1472 de
698 1419 802 1491 quarta
820 1408 920 1492 uigilia
938 1408 1040 1472 eodem
1052 1410 1173 1486 itincre,
1190 1428 1251 1493 quo

129 1517 231 1579 hostes
246 1514 356 1592 ierant,
373 1513 410 1576 ad
425 1533 478 1576 eos
497 1511 652 1575 contendit
666 1512 886 1594 equitatumque
896 1532 1013 1575 omnem
1021 1520 1135 1576 autesc
1144 1510 1249 1576 mittit.

94 1615 168 1682 dP.
181 1614 357 1693 Considius,
375 1616 424 1697 qui
441 1614 485 1678 rei
502 1613 640 1677 militaris
655 1612 854 1697 peritissimus
869 1612 1035 1678 habebatur
1056 1624 1088 1680 et
1109 1613 1141 1677 in
1158 1634 1254 1678 excr-

129 1719 189 1783 citu
209 1716 250 1782 L.
269 1714 370 1782 Sullae
386 1726 417 1781 et
432 1726 535 1801 postea
549 1715 580 1778 in
596 1711 641 1778 M.
661 1710 767 1778 Crassi
783 1716 899 1794 lucrat,
917 1737 983 1779 cum
1006 1714 1252 1802 exploratoribus

70 1822 114 1894 22
127 1820 340 1907 praemittitur.
364 1816 466 1883 Prima
482 1820 559 1897 luce,
577 1840 643 1882 cum
659 1838 792 1880 summus
808 1838 893 1881 moos
907 1815 1070 1882 aLabieno
1079 1827 1250 1901 teneretur,
1275 1830 1309 1883 ts

128 1925 194 2010 ipse
215 1923 252 1987 ab
275 1922 404 1987 bostium
427 1923 535 1986 eastris
558 1942 618 1985 uon
641 1919 760 2003 longius
782 1920 861 1984 mille
882 1932 912 1985 et
927 1921 1097 2004 quingentis
1113 1920 1254 2007 passibus

131 2027 262 2103 abesset,
280 2045 390 2107 neque,
407 2034 440 2087 ut
454 2033 558 2108 postea
570 2044 612 2087 ex
621 2023 747 2108 captiuis
756 2024 911 2107 comperit,
929 2035 980 2087 aut
994 2025 1088 2109 ipsius
1103 2024 1253 2090 aduentus

94 2128 182 2194 2uut
195 2125 325 2192 Labieni
346 2127 483 2213 cognitus
500 2137 593 2205 esset,
618 2122 779 2190 Considius
802 2148 878 2209 cquo
900 2127 1030 2190 admisso
1052 2126 1089 2191 ud
1110 2147 1179 2192 enm
1200 2148 1254 2193 uc·

130 2231 243 2310 currit,
261 2229 333 2294 dicit
348 2242 496 2309 montem,
511 2251 595 2313 quem
605 2251 623 2292 a
635 2226 773 2292 Labieno
789 2229 928 2312 occupari
945 2230 1087 2305 uoluerit,
1104 2229 1143 2294 ab
1158 2230 1254 2295 bosti-

131 2334 187 2397 bus
209 2333 326 2397 teneri:
354 2333 383 2395 id
408 2354 442 2397 se
469 2330 627 2397 aGallicis
650 2331 741 2395 armis
762 2342 850 2413 atque
873 2331 1041 2416 insignibus
1057 2332 1254 2415 cognouisse.
1274 2344 1314 2399 2⁰

95 2433 116 2498 3
131 2431 249 2500 Caesar
264 2455 335 2497 suas
352 2434 452 2518 copias
468 2434 499 2497 in
515 2434 684 2519 proximum
700 2435 805 2498 collem
822 2434 978 2514 subducit,
1004 2437 1098 2498 aciem
1114 2434 1250 2499 iustruit.

132 2534 299 2613 Labienus,
316 2546 350 2599 ut
363 2548 430 2599 erat
444 2537 472 2600 ei
489 2546 676 2621 praeceptum
692 2557 710 2598 a
725 2530 879 2616 Caesare,
904 2558 941 2601 ne
957 2539 1101 2621 proelium
1117 2538 1253 2602 commit·

133 2649 225 2717 teret,
243 2639 300 2701 nisi
315 2638 408 2721 ipsius
424 2639 527 2722 copiae
543 2660 633 2723 prope
651 2638 778 2701 bostium
794 2649 893 2704 castra
908 2641 992 2704 uisae
1008 2651 1124 2719 essent,
1147 2649 1182 2704 ut
1195 2660 1253 2704 un·

131 2740 220 2824 dique
235 2761 294 2805 uno
310 2750 443 2824 tempore
457 2741 489 2804 in
502 2740 604 2804 hostes
613 2740 741 2825 impetus
752 2742 847 2819 lieret,
866 2753 1119 2826 monteoccupato
1130 2752 1254 2807 nosuos

96 2843 313 2930 despectabat
328 2843 499 2927 proelioque
515 2842 692 2906 abstinebat.
726 2840 824 2907 Multo
840 2844 966 2927 denique
982 2844 1030 2907 die
1042 2865 1097 2929 per
1110 2845 1253 2930 explora·
1273 2854 1309 2909 att

131 2958 215 3012 tores
231 2944 347 3012 Caesar
362 2946 504 3030 cognouit
518 2954 549 3008 et
564 2955 694 3007 montem
710 2964 726 3007 a
743 2946 806 3009 suis
823 2948 919 3010 teneri
935 2957 965 3009 ct
980 2944 1136 3011 Heluetios
1152 2958 1254 3013 casm

132 3049 264 3115 mouisse
280 3061 311 3114 et
326 3045 501 3113 Considium
518 3049 623 3113 timore
639 3049 842 3132 perterritum,
861 3049 936 3131 quod
953 3071 1013 3113 nou
1028 3050 1173 3128 uidisset,
1198 3070 1252 3136 pec

97 3151 198 3216 buiso
214 3152 273 3216 sibi
287 3150 488 3216 renuntiasse.
525 3148 575 3215 Eo
596 3151 643 3214 die
658 3171 717 3234 quo
732 3162 894 3215 consuerat
908 3151 1067 3216 interuallo
1082 3152 1188 3217 bootes
1204 3172 1254 3217 ss·

75 3253 122 3325 28
133 3256 235 3338 quitur
249 3266 280 3317 et
295 3254 374 3319 milia
390 3273 530 3340 passuum
546 3253 605 3317 tria
619 3254 656 3317 ab
672 3273 775 3317 eorum
788 3254 1108 3341 castriacustraponit.
1135 3252 1254 3320 Postri-

131 3357 180 3422 die
195 3355 260 3421 eius
275 3357 354 3435 diei,
378 3357 453 3439 quod
475 3357 595 3419 omnino
610 3356 730 3421 biduum
746 3369 922 3440 supererat,
939 3380 1007 3422 cum
1022 3359 1173 3425 exercitui
1189 3359 1252 3424 lm·
1274 3368 1311 3423 20

242 3567 258 3620 2
271 3564 406 3616 Decitiuco
419 3571 484 3616 anda
496 3581 567 3616 corr.
580 3568 614 3616 B.
717 3565 733 3619 7
746 3581 870 3617 ascensus
884 3572 911 3617 ct
926 3567 955 3619 10
968 3568 1112 3619 ascendere
1125 3570 1159 3619 B.

133 3640 149 3694 1
169 3650 340 3706 cognosceret
361 3645 435 3693 ‘maa
452 3644 490 3695 ts·
503 3643 558 3693 AB
567 3643 588 3693 C
594 3643 620 3694 1>
629 3643 705 3708 Eos.
792 3645 809 3695 8
826 3643 912 3693 Titum
930 3646 985 3697 AB
996 3644 1109 3709 CDEJ,
1122 3643 1154 3695 ’1.
1165 3660 1193 3695 ιι.

134 3719 207 3771 t‘iia
220 3719 265 3769 uel
276 3719 316 3770 bis
330 3721 354 3770 A
365 3720 427 3783 Cb',
442 3721 482 3771 bis
495 3720 683 3785 BOEJusU).
790 3720 819 3771 ll
836 3720 968 3771 hostendit
979 3726 1044 3771 uate
1056 3723 1170 3773 eorr.B.

134 3793 166 3848 13
178 3794 208 3846 Ρ.
221 3797 262 3859 A,
281 3812 333 3848 oro.
345 3798 370 3846 B
382 3801 411 3847 at
421 3796 591 3863 reliqutsara
603 3814 703 3848 omncs.
838 3798 868 3848 l5
881 3812 896 3847 a
909 3797 1024 3848 Labieno
1037 3813 1096 3863 ego,
1121 3802 1147 3849 ‘a
1159 3799 1190 3851 l..
1205 3801 1253 3851 uel

132 3871 214 3924 Lucio
229 3873 343 3925 Labieno
356 3892 419 3927 mss.
432 3877 575 3942 pleriqua’,
590 3891 604 3925 a
617 3875 698 3925 Lucio
710 3872 836 3924 Labienio
850 3877 889 3938 B,-
909 3891 924 3925 a
939 3875 970 3926 Τ.
985 3875 1102 3927 Labieno
1115 3892 1145 3927 u.

135 3947 166 4001 17
180 3949 301 4016 ax]aD.
419 3946 681 4004 tsadcumom.0.
795 3950 980 4003 succutitis
994 3952 1256 4021 (B)CDEbcs,e

134 4023 242 4078 Gallicis
254 4029 294 4092 A,
309 4037 354 4080 aut
367 4026 476 4078 Gallicis
489 4040 512 4074 a.
628 4025 659 4076 21
675 4022 778 4075 seducit
791 4026 816 4075 b.
932 4031 967 4083 21
979 4038 1091 4081 montem
1104 4039 1216 4099 occupat
1227 4034 1254 4083 b.

189 4108 222 4160 25
235 4106 391 4173 aspectabat
402 4106 459 4170 (B).
530 4101 571 4152 die
585 4110 677 4153 exacto
690 4103 784 4170 peril.
854 4106 887 4157 lb
901 4106 999 4173 castra]
1015 4115 1105 4158 contra
1117 4124 1154 4159 aa.
1161 4125 1209 4175 pr.
1218 4112 1256 4161 A.

240 4186 272 4237 27
286 4185 390 4251 prouisa
402 4183 437 4244 B,
451 4196 483 4231 ex
497 4179 628 4244 inprouiso
641 4180 677 4231 D.
778 4182 812 4235 28
826 4185 1038 4247 pronuntiauisse
1052 4185 1087 4236 1).
1186 4187 1257 4238 insc-

133 4261 221 4324 quitur
233 4263 257 4309 b.
362 4256 395 4307 311
408 4257 551 4308 exercitum
567 4258 606 4321 C,
620 4259 769 4324 exercitus
779 4264 853 4310 ‘mea
869 4258 902 4309 b'.
