2692 4688
55 218 120 287 756
571 207 783 277 causatus

115 388 279 455 Praeterea
292 385 409 451 Caesar
423 385 552 448 declinat
568 385 652 468 pubis
668 382 805 468 puberis3
823 381 955 464 quidam,
968 391 999 443 nt
1008 377 1138 459 Probus,
1149 384 1247 466 pubes

114 492 246 576 puberis,
264 490 380 572 quidam
397 487 491 570 puber
505 488 636 571 puberis.

201 591 288 655 Idem
307 613 341 674 p.
359 586 440 652 708:
474 587 557 651 Haec
579 589 664 673 pollis
688 587 818 670 pollinis.
850 583 902 649 Sic
925 582 1096 651 Charisius.
1120 587 1243 655 Probus

115 706 214 759 autern
231 702 262 756 et
278 689 393 755 Caesar
409 691 464 753 boc
480 689 576 772 pollen
593 689 711 772 pollinis
727 689 962 751 declinaueront.

204 793 330 859 ctam.
344 816 377 877 p.
393 790 453 854 117
470 790 506 853 P.
520 817 527 851 ι
545 787 650 854 Turbo
665 788 828 867 Turbonis,
843 791 868 853 si
885 792 1033 875 proprium
1051 792 1240 858 sithominis
1262 808 1276 857 t

115 917 243 975 nomen3
268 893 414 969 turbinis,
438 893 463 954 si
480 892 639 974 procellam
661 893 844 955 uoluerimus
860 893 1049 975 exprimere,
1073 906 1126 957 aut
1140 896 1172 958 in
1191 918 1240 972 co,

114 999 210 1082 inquit
224 996 360 1073 Plinius,
378 995 426 1076 qui
443 1004 489 1057 est
504 997 533 1056 in
551 993 617 1056 lusu
633 1014 804 1076 puerorum.
837 991 899 1057 Sed
917 993 1034 1059 Caesar
1049 997 1085 1060 de
1100 980 1242 1083 arialogia

114 1098 246 1163 secundo
270 1097 445 1172 turbonem,
471 1116 531 1158 non
548 1097 693 1159 turbinem
711 1097 801 1159 etiam
816 1096 847 1158 in
863 1108 1039 1181 tempestate
1054 1098 1112 1161 diei
1129 1101 1241 1164 debere

114 1200 167 1277 ait,
185 1211 217 1261 ut
232 1195 311 1263 Cato
328 1195 468 1274 Catonis,
487 1218 547 1260 non
563 1208 595 1260 ιιι
611 1198 698 1260 bomo
715 1197 855 1260 hominis.

204 1301 310 1382 Qarint.
325 1300 354 1375 l,
372 1296 475 1373 5‚63:
502 1297 577 1362 Mihi
594 1301 692 1382 placet
700 1296 840 1362 Latinam
856 1299 1002 1363 rationem
1019 1303 1116 1384 sequi,
1127 1324 1241 1385 quous·
1264 1315 1294 1369 n

113 1424 170 1486 que
186 1403 296 1486 patitur
311 1401 413 1464 decor.
444 1399 552 1483 Neque
569 1402 647 1463 enim
664 1401 721 1464 inm
738 1397 938 1486 Calypsonem
956 1402 1082 1464 dixerim
1099 1415 1132 1466 ut
1146 1401 1240 1469 Iuno·

112 1525 192 1581 nem,
211 1524 384 1585 quamquam
402 1513 522 1566 secutus
538 1504 675 1584 antiquos
692 1498 729 1566 C.
739 1501 856 1567 Caesar
872 1504 966 1567 utitor
981 1504 1036 1567 bac
1052 1505 1172 1570 ratione
1188 1508 1240 1571 de-

113 1604 255 1668 elinandi.

201 1705 329 1770 Charis.
342 1727 376 1790 p.
392 1703 435 1769 98
450 1703 508 1768 P.:
533 1703 585 1769 Ne
608 1706 659 1770 illa
681 1708 799 1789 quidem
818 1707 895 1770 ratio
917 1717 1039 1789 recepta
1056 1717 1122 1786 est,
1148 1731 1237 1792 quem

112 1802 151 1871 C.
162 1804 280 1871 Caesar
294 1808 377 1891 ponit
391 1809 422 1871 in
439 1808 602 1886 femininis,
615 1819 648 1871 ut
663 1808 956 1894 puppi,rcsti,pelui.
974 1806 1041 1872 lloc
1057 1811 1136 1873 enim
1149 1812 1235 1875 modo
1262 1823 1294 1875 te

113 1920 144 1974 et
159 1910 196 1972 ab
213 1911 267 1973 bac
284 1909 350 1971 cani
367 1909 498 1973 dicemus
515 1922 546 1974 et
562 1913 598 1975 ab
614 1912 670 1974 boc
686 1933 772 1975 cane.

198 2011 282 2073 Idem
299 2011 395 2073 ibid:
421 2011 561 2077 Omnium
578 2015 747 2092 nominum,
770 2035 846 2095 quae
868 2027 939 2078 sunt
955 2014 1048 2078 neutri
1064 2014 1188 2094 generis
1205 2026 1237 2078 et

112 2113 143 2179 in
158 2135 176 2178 e
191 2113 408 2192 terminantur,
434 2116 476 2178 ait
491 2113 605 2179 Plinius
621 2112 784 2178 Caesarem
801 2118 895 2181 scisse
912 2118 1029 2180 eosdem
1043 2132 1110 2177 esse
1125 2113 1233 2176 ablati-

112 2237 181 2295 uos,
199 2216 301 2298 quales
316 2227 387 2277 sunt
402 2217 493 2279 datini
509 2218 692 2300 singulares.

197 2317 283 2381 Idem
294 2340 328 2403 p.
344 2316 406 2380 952
437 2316 554 2381 Plinius
572 2317 728 2382 &nundus
744 2317 876 2398 animal,
902 2343 960 2384 non
977 2319 1103 2384 animale
1119 2320 1162 2382 ait
1177 2319 1237 2383 dici
1260 2333 1294 2385 ao

110 2423 231 2486 debere.
257 2414 295 2481 C.
308 2413 434 2493 Caesar,
451 2421 536 2502 quasi
552 2421 745 2484 indiscretum
762 2422 819 2484 hoc
834 2425 885 2501 sit,
903 2426 946 2486 ait
961 2426 970 2486 l
985 2425 1084 2488 littera
1098 2422 1237 2485 nomina-

109 2522 173 2586 tino
196 2518 341 2601 singulari
368 2533 474 2583 neutra
499 2523 579 2585 linita
601 2524 721 2585 nomina
743 2524 866 2586 eandem
892 2527 1094 2588 definitionem
1111 2545 1234 2608 capere,

109 2645 197 2710 quam
221 2623 339 2706 cupiant
361 2644 376 2685 e
393 2624 492 2686 littera
508 2626 683 2688 terminata:
709 2625 777 2689 huic
793 2626 911 2689 animali
928 2637 958 2689 et
973 2625 1010 2688 ab
1026 2626 1082 2687 boc
1097 2626 1235 2704 animali,

110 2727 177 2789 huic
193 2725 301 2807 puteali
319 2736 348 2788 ct
364 2725 399 2788 ab
416 2728 471 2789 boc
488 2728 608 2810 puteali.

194 2827 278 2890 Idem
290 2850 325 2912 p.
346 2826 425 2891 108:
458 2827 574 2893 Plinius
589 2829 633 2892 ait
647 2831 726 2892 inter
741 2839 840 2891 cetera
856 2828 942 2890 etiam
960 2826 1039 2888 istud
1056 2822 1096 2889 C.
1115 2822 1236 2893 Caesa·
1259 2841 1290 2893 ta

106 2949 168 2992 rem
185 2929 301 2993 dedisse
318 2942 517 3014 praeceptum,
530 2954 618 3014 quom
635 2939 739 2994 neutra
755 2929 873 2992 nomina
886 2929 1117 2992 arnoninniuo
1129 2929 1236 2995 clausa

105 3049 159 3110 per
182 3031 190 3091 i
208 3031 336 3094 datiuum
354 3034 573 3115 ablatiuumquc
589 3033 755 3115 singulares
771 3034 948 3109 ostendant,
974 3031 1061 3094 iubar
1077 3043 1180 3096 tamen
1196 3035 1233 3097 ab

106 3129 160 3191 bac
184 3133 287 3214 regula
309 3134 465 3197 dissidere.
490 3135 570 3198 Nam
589 3147 619 3198 ut
636 3137 703 3199 huic
719 3136 814 3199 iubari
831 3136 975 3212 dicimus,
1001 3135 1038 3197 ab
1055 3135 1111 3199 boo
1126 3135 1233 3199 iubare

104 3230 258 3295 dicendum
275 3245 333 3309 est,
351 3247 384 3297 ut
400 3236 467 3299 lmic
484 3239 557 3300 farri
572 3249 603 3301 ct
617 3239 654 3299 ab
671 3238 726 3302 hoc
743 3241 835 3302 larre.

188 3333 274 3397 Idem
283 3357 320 3420 p.
340 3335 420 3400 114:
453 3337 578 3402 Panium
595 3336 713 3404 Caesar
728 3342 765 3404 de
780 3339 917 3423 analogia
933 3339 1007 3403 libro
1022 3340 1155 3403 secundo
1170 3338 1231 3402 dici
1256 3349 1288 3401 ιι

102 3433 279 3499 debereait.

186 3537 272 3601 Idem
289 3541 384 3603 ibid:
410 3539 531 3606 Partnm
550 3540 666 3607 Caesar
680 3545 711 3607 in
729 3544 905 3627 analogicis.

206 3728 249 3779 31
262 3746 292 3794 p.
307 3732 357 3785 262
371 3732 418 3783 aa.
562 3733 592 3784 10
606 3734 734 3785 rationem
753 3733 874 3784 Latinam
895 3733 1092 3783 Ambrosianus
1109 3734 1229 3796 primate.

207 3802 235 3854 11
246 3808 449 3869 potieturidcm.
549 3810 579 3860 15
587 3811 699 3878 puppim,
709 3812 809 3877 restim,
821 3812 915 3878 peluim
925 3811 965 3860 ad.
978 3810 1075 3860 Graec.
1087 3811 1228 3876 ialbngm.

96 3872 176 3924 0⁰⁰⁸·
186 3893 194 3935 t
205 3880 316 3945 puppim,
329 3888 428 3948 restim,
439 3886 536 3952 puluim
551 3886 611 3936 cdd.
624 3887 732 3938 Ubara‘s.
747 3889 895 3940 Ablatt'uos
905 3890 995 3954 posui,
1006 3890 1072 3952 puin
1087 3891 1146 3936 toto
1158 3888 1230 3938 Clo·

91 3948 156 3998 risit
167 3948 226 4000 loco
240 3951 273 4001 do
286 3955 337 4002 too
350 3974 414 4007 casu
428 3965 531 4024 egitur.
665 3963 698 4014 to
711 3962 759 4014 bac
774 3965 833 4014 cani
847 3979 906 4030 ego,
923 3966 970 4014 hoc
983 3963 1042 4013 cani
1055 3962 1117 4012 edd.

91 4027 126 4081 2⁸
134 4042 209 4093 quom
218 4043 277 4094 ego,
288 4022 320 4096 tii
333 4036 391 4085 eod.
402 4041 538 4102 :quoniam
547 4041 760 4107 Lindemannm,
772 4045 840 4110 quod
850 4047 943 4095 ceteri.
1033 4043 1169 4108 Cbera'sp.
1178 4042 1228 4094 ⁹82

87 4102 128 4157 Ar
138 4105 238 4159 litteris
252 4111 354 4161 nomina
370 4117 499 4166 neutralia
515 4121 655 4171 terminata
668 4121 731 4172 item
746 4121 817 4188 [add.
833 4123 914 4189 idem]
929 4122 1095 4186 conminus,
1111 4123 1150 4174 ait
1163 4122 1232 4175 Cne-

81 4204 136 4257 m,
144 4192 216 4263 quod
228 4192 321 4249 daliuo
333 4202 360 4248 et
368 4195 487 4248 ablatluo
495 4198 817 4266 paattoretnngummmt
826 4202 893 4252 idem
902 4201 1002 4253 Plinius
1010 4200 1114 4253 scribit.

73 4274 110 4331 3⁰
125 4277 249 4337 Charis.
259 4298 292 4354 p.
302 4281 353 4339 ὅθι
369 4279 477 4335 Caesar
491 4279 524 4333 dc
537 4278 664 4344 analogia
674 4278 789 4331 secunao
800 4279 907 4344 pannum
916 4279 993 4327 t‘tx'n.
