2692 4688
505 149 648 221 colent
664 152 694 222 V
710 149 806 221 GAP.
816 152 931 222 'l-d.
1271 150 1335 221 ddd

157 344 216 410 que
229 323 376 409 inspersu
392 324 421 389 si
437 325 496 388 uim
512 326 603 390 luciut
617 346 714 411 neque
729 336 852 410 putent,
868 324 997 390 interfici
1011 323 1094 390 iubet
1108 323 1183 389 nibil
1197 322 1276 389 bunc
1290 322 1313 390 7

156 449 191 493 se
207 426 333 492 sbsente
349 448 404 512 pro
420 447 494 490 suno
510 429 656 493 lucturum
672 429 857 506 srbitrutus,
874 427 923 511 qni
939 427 1105 512 praesentis
1120 426 1276 512 imperiur

158 528 357 614 neglexisset
372 525 428 594 llle
436 530 515 594 enim
523 543 683 595 reuomtus
692 530 836 594 resistere
844 550 920 594 ecee
928 550 1019 593 menn
1032 529 1192 595 defendere
1205 548 1277 595 suu-
1290 525 1313 595 8

159 651 285 715 remque
294 631 381 696 iidem
390 631 551 718 implorare
558 633 654 717 coepit
662 654 753 718 saepe
763 633 919 697 clamitans
927 632 1051 696 liberum
1060 653 1094 696 se
1107 631 1278 715 liberaeque

122 750 138 800 t
162 755 230 800 esse
243 733 386 798 ciuitatis.
403 731 464 813 Illi,
481 745 513 798 nt
521 735 783 820 erutimperutnm,
800 729 1315 817 circumsistuntbominemutqued

158 836 362 902 interficiunt:
387 846 419 899 ut
440 836 555 920 equites
572 836 690 902 Haedui
712 837 749 902 ed
764 833 927 902 Caesarem
944 856 1047 901 ornnes
1068 845 1276 900 reuertuntur.

242 936 301 1003 llis
320 936 411 1002 rebus
437 939 532 1023 gestis
555 937 693 1004 Labieno
715 940 746 1003 in
768 940 942 1004 continente
964 961 1030 1003 eum
1054 938 1151 1003 tribus
1178 936 1312 1024 legiefl

160 1040 247 1105 uibus
262 1050 293 1103 et
307 1039 440 1124 equitum
453 1040 573 1105 milibus
588 1041 703 1105 duobus
718 1041 838 1120 relicto,
854 1052 888 1105 nt
899 1051 1002 1126 portus
1018 1051 1154 1106 tueretur
1167 1051 1200 1105 et
1214 1060 1278 1106 rem

159 1143 384 1207 fmncnuriun
413 1143 586 1227 procideret
612 1165 746 1226 quseque
771 1144 803 1208 in
833 1140 933 1207 Gellia
958 1153 1138 1227 gererentur
1166 1162 1278 1228 cogno.-
1308 1154 1314 1207 ’,

104 1256 137 1309 lt
160 1255 260 1311 sceret
272 1243 487 1329 consiliumque
501 1266 556 1330 pro
567 1256 700 1329 tempore
715 1256 747 1310 et
761 1267 815 1330 pro
830 1267 864 1310 re
879 1256 1013 1330 cuperet,
1030 1247 1095 1329 ipse
1110 1267 1177 1309 cum
1192 1244 1315 1329 quin-'2

158 1367 216 1431 qne
229 1346 400 1429 legionibus
415 1357 447 1412 et
461 1349 525 1432 peri
541 1370 664 1413 numero
678 1349 832 1433 equitum,
857 1369 942 1431 quern
964 1347 997 1411 in
1020 1347 1185 1413 continenti
1205 1345 1278 1413 reli-Z
1298 1356 1316 1414 Τ

158 1458 277 1531 queret,
293 1449 329 1512 sd
344 1449 420 1513 selis
435 1470 573 1514 οιιιιιιιιι
589 1472 683 1516 nunes
698 1451 792 1515 soluit
805 1461 837 1515 et
851 1451 911 1515 leni
928 1449 1032 1515 clirico
1041 1460 1199 1533 prouectus
1215 1466 1278 1517 ure·

158 1551 208 1615 die
225 1550 348 1615 circiter
366 1561 457 1616 nocte
479 1563 569 1617 uento
590 1552 763 1617 intermisso
783 1574 902 1617 cursum
926 1574 985 1617 non
1002 1553 1099 1617 tenuit
1112 1562 1144 1617 et
1159 1553 1276 1640 longius
1309 1566 1314 1577 ·

158 1651 273 1717 deletum
287 1663 376 1717 eestu
390 1664 457 1718 ortu
472 1654 539 1720 luce
548 1656 602 1720 sub
617 1655 744 1720 sinistre
750 1652 936 1719 Britanniam
952 1655 1088 1719 relictum
1102 1656 1274 1740 conspexit.

104 1765 137 1819 ts
160 1753 238 1819 Tum
260 1775 368 1819 rursus
390 1766 491 1820 senus
512 1757 773 1822 cummutationem
797 1766 917 1821 secutus
939 1757 1030 1820 remis
1047 1758 1220 1836 contendit,
1244 1755 1312 1823 utd

160 1876 225 1922 eum
240 1869 355 1942 purtem
370 1855 486 1923 insnlue
496 1870 627 1943 cuperet,
644 1882 703 1944 qus
718 1859 860 1944 optimum
868 1879 937 1923 esse
951 1878 1106 1942 egressum
1121 1858 1278 1942 superiore

160 1969 281 2024 ecemte
292 1971 487 2044 cognouerst.
532 1959 602 2044 Qua
623 1961 655 2024 in
671 1983 704 2026 re
719 1961 875 2025 admodum
891 1962 947 2025 luit
961 1962 1088 2025 militum
1103 1961 1199 2025 uirtus
1213 1960 1278 2026 luu-
1293 1960 1314 2026 d

161 2058 273 2139 dende,
288 2061 338 2147 qui
351 2064 492 2127 uectoriis
502 2063 703 2151 grauibusque
713 2062 841 2146 nauigiis
850 2085 910 2125 non
924 2063 1098 2126 intermissu
1113 2063 1278 2146 remigeudi

160 2159 267 2226 lubere
280 2162 431 2247 longarum
448 2166 568 2230 nauium
585 2188 705 2231 cursum
721 2167 937 2249 adsequurunt.
983 2163 1147 2228 Accessum
1171 2175 1219 2228 est
1239 2162 1313 2229 edb

97 2276 135 2331 ιο
157 2261 347 2330 Britanniam
361 2268 499 2333 omnibus
515 2269 642 2332 nauibus
659 2269 822 2332 meridiano
838 2269 904 2331 lere
918 2275 1064 2349 tempore,
1082 2285 1180 2348 neque
1194 2266 1226 2328 in
1242 2287 1279 2331 ec

162 2367 229 2431 loeo
242 2367 336 2433 bustis
352 2380 401 2434 est
414 2371 518 2453 uisnsq
535 2371 611 2450 sed,
628 2381 661 2435 nt
675 2381 779 2456 postea
796 2366 913 2434 Cacsar
927 2388 967 2432 ex
982 2366 1109 2452 captiuis
1125 2365 1315 2451 cognouit,d

162 2489 230 2532 eum
243 2491 368 2558 nqeue
383 2494 488 2538 munus
503 2496 539 2538 eo
555 2475 780 2552 conuenissent,
799 2471 987 2536 multitudine
998 2471 1123 2535 nonium
1133 2470 1279 2556 perterri-

160 2580 228 2649 tae,
249 2593 327 2656 quse
348 2595 416 2639 eum
430 2577 581 2640 annotinis
598 2576 803 2661 priuatisque,
827 2595 901 2658 quas
924 2575 971 2638 sui
994 2575 1118 2658 quisque
1133 2573 1280 2639 commodi

160 2674 284 2754 smmi,
301 2676 428 2762 emplius
436 2677 628 2765 octingentae
644 2700 702 2742 uuo
718 2689 808 2742 erurrt
820 2677 905 2741 nisce
921 2687 1067 2760 tempore,
1084 2677 1202 2740 elitore
1218 2676 1280 2741 dis·

98 2786 136 2841 2⁵
157 2788 316 2842 cesserant
329 2800 365 2843 uc
380 2800 415 2843 se
430 2780 459 2844 in
474 2782 628 2865 superiore
645 2781 709 2844 locu
725 2780 911 2844 abdiderant.
937 2773 1053 2841 Cucsur
1069 2778 1207 2859 exposito
1223 2777 1315 2845 emb

160 2878 260 2944 ercitu
274 2891 306 2946 et
318 2880 387 2947 loeo
402 2882 511 2947 cestris
527 2883 634 2947 idoneo
648 2894 753 2966 capto,
774 2882 821 2946 nbi
839 2903 879 2945 ex
895 2879 1019 2964 captiuis
1036 2879 1196 2960 cognonit,
1220 2898 1280 2960 qec

160 2979 192 3044 in
207 2981 275 3046 loeo
298 2983 426 3049 bostium
450 2984 554 3070 copiae
570 2985 792 3063 consedissent,
818 2983 993 3046 cohortibus
1015 2982 1115 3044 decern
1138 2979 1175 3041 nd
1198 2999 1280 3044 mure

161 3081 279 3150 relictis
294 3097 327 3151 et
341 3086 489 3170 equitibus
505 3088 661 3166 trecentis,
679 3087 727 3170 qui
744 3083 1150 3171 praesidionauibnsessent,
1168 3082 1205 3146 de
1220 3091 1281 3147 ter·

272 3290 284 3343 l
299 3290 438 3359 imperauit
452 3295 516 3345 dee.
621 3293 699 3361 bunc]
715 3309 772 3345 euru
787 3294 831 3343 br.
942 3290 1113 3350 2l'ucturuml
1127 3288 1238 3339 futurum
1254 3290 1279 3340 b.

271 3368 287 3419 b
300 3384 361 3420 esse
374 3371 490 3423 ciuitetis
503 3374 530 3423 A
537 3373 561 3422 B
570 3373 623 3423 cb
631 3408 638 3433 ,
654 3370 771 3421 ciuitatis
784 3384 841 3419 esse
855 3383 882 3417 ιι.
1002 3367 1017 3418 d
1031 3367 1132 3432 equites
1146 3361 1244 3415 lluednl
1257 3365 1283 3415 A

161 3443 287 3509 eone,
301 3446 386 3497 Aedui
399 3449 501 3515 equites
514 3465 532 3501 ιι
551 3449 645 3512 (Aedui
659 3449 729 3515 (Ill).
846 3445 861 3496 7
875 3445 1018 3495 continenti
1032 3446 1099 3494 dce.
1197 3443 1214 3494 8
1227 3457 1282 3493 reru

162 3518 361 3572 lamenteriem
373 3525 414 3588 11,
430 3540 458 3575 re
471 3525 641 3577 frumentur-ie
653 3528 680 3577 A
687 3526 711 3576 B
721 3524 742 3575 C
750 3543 759 3586 ,-
775 3525 811 3574 rel
827 3522 1013 3572 frumentariae
1025 3536 1074 3571 ee.
1180 3519 1283 3585 tque-

162 3595 223 3664 que]
236 3612 270 3648 ue
283 3614 350 3664 qune
363 3601 387 3650 b.
504 3602 667 3670 gererentur]
681 3603 773 3652 fierent
787 3601 835 3651 bd.
959 3598 987 3649 ll
1005 3597 1157 3663 reliqueret,
1171 3597 1203 3645 ed
1217 3595 1281 3646 solis

162 3687 282 3725 oeeusmu
296 3675 321 3724 B
334 3680 361 3727 el
371 3681 473 3740 cetertq
488 3679 662 3745 relinquebat,
677 3679 740 3728 eolis
754 3692 849 3727 cresse
863 3674 950 3726 abed
956 3690 979 3724 e.
1127 3672 1159 3725 ll
1173 3672 1284 3723 brittul-

161 3754 250 3803 ιιιιΒ.
359 3756 389 3808 15
403 3765 557 3808 consecutus
572 3759 597 3809 b.
703 3757 734 3809 18
748 3754 902 3820 reruigundi]
918 3753 1056 3817 nouiqsndi
1071 3752 1094 3801 b.
1182 3751 1284 3803 tuen·

162 3831 259 3881 tunium
273 3830 306 3881 B.
393 3832 1017 3899 ttcognocite‘mes.ptu1·oni',conpensu.
1105 3831 1283 3893 tenuem.

270 3907 409 3960 multitude
423 3925 458 3960 m.
469 3925 515 3976 pr.
531 3912 563 3961 Il.
711 3911 743 3961 23
757 3910 798 3959 sui
812 3907 918 3975 quisque
932 3907 1058 3960 commodi
1072 3908 1148 3971 Ate)
1159 3905 1181 3958 C
1187 3908 1227 3971 1),
1242 3906 1283 3957 sui

164 3985 542 4052 commodiquisqueesusse.
647 3990 779 4053 ‘llncccl
805 3988 826 4051 ).
930 3987 1283 4053 unoeruntuisuetempore

164 4064 186 4113 B
197 4065 312 4128 (dleerto
321 4068 435 4131 testim.)
447 4069 520 4119 ‘men
535 4072 589 4120 mes·
600 4068 709 4128 omnes’‚·
725 4082 774 4116 unu
788 4074 864 4116 eruut
876 4067 958 4127 uisse,
972 4067 1065 4118 timore
1078 4082 1117 4117 ce
1128 4071 1213 4130 ceps-o
1221 4078 1282 4114 uer.

163 4143 223 4194 leet.
236 4160 261 4194 e.
365 4146 529 4198 discesserent
542 4148 574 4198 B.
677 4149 709 4201 25
724 4146 858 4212 superiore
871 4146 928 4197 leco
939 4161 992 4211 pro
1005 4161 1066 4198 uer.
1081 4146 1142 4195 lect.
1157 4143 1204 4208 A„

162 4220 323 4288 28ecetll).
429 4223 567 4277 deum.d.

188 4316 283 4374 tlsesar,
295 4318 333 4364 ed.
349 4317 456 4379 Nipperd.
1092 4318 1139 4383 23
