2684 4694
109 379 315 465 pepererunt,
333 397 400 440 cunr
415 377 447 441 in
463 376 549 441 cotltl.
567 388 650 442 cenet
664 383 877 463 ‘repererunt
917 380 998 448 Num
1013 395 1046 449 et
1059 385 1092 449 in
1107 387 1233 452 coniun-

109 483 213 547 ctione
227 480 389 544 uerborum
403 479 512 542 similia
526 480 760 563 eignilicantiom
785 483 928 549 ‘inuentis
942 491 1131 571 repererunt’
1147 490 1232 552 lnene

109 586 230 669 quitiam
245 584 326 646 ineat
340 578 513 646 uCueoaria
527 584 719 666 simplicitate
734 584 864 662 alienun,
881 595 913 650 et
925 587 992 670 ipen
1004 606 1056 653 ree
1071 590 1232 655 artificioee

110 687 262 752 declarata
277 695 336 748 est.
367 681 477 765 Neque
491 684 571 747 enim
586 705 621 747 re
635 706 710 749 uera
723 686 857 751 inuentis
871 688 1012 754 lintriltno
1024 688 1169 757 Germani
1184 712 1234 757 eu*

110 791 202 854 intem
222 786 498 871 consequebantur,
521 786 573 850 eccl
597 797 659 851 tum
681 789 817 864 demum,
841 811 910 855 cum
930 791 989 876 ipei
1010 793 1119 858 humen
1142 795 1233 861 truie·

110 893 236 957 cissent.

197 993 349 1058 Extremo
372 990 460 1055 liniue
481 992 688 1055 commentarii
710 994 808 1078 capite
828 1014 895 1059 enm
910 995 942 1059 in
958 996 1045 1060 coli.
1063 995 1137 1060 hnec
1152 997 1234 1081 lege-

111 1109 236 1162 rentnrz
262 1093 344 1157 ‘lion
357 1092 474 1177 proelio
489 1103 571 1157 trane
585 1093 726 1158 Rhenum
741 1096 879 1160 nuntiato
894 1093 1009 1175 Sueui,
1031 1099 1080 1181 qni
1101 1098 1138 1161 ah
1154 1104 1234 1183 ripae

112 1199 214 1264 Rheni
229 1206 388 1274 ueneram,
405 1196 522 1260 domum
538 1198 654 1260 reuerti
671 1209 853 1280 coeperunt:
871 1219 946 1281 qnos
961 1200 1024 1274 uhi,
1041 1201 1089 1284 qni
1105 1200 1235 1285 proximi

111 1300 250 1364 Rhenum
266 1296 420 1375 incolunt,
444 1298 622 1382 perterritae
637 1310 818 1378 censerunt,
843 1300 971 1364 insecuti
987 1322 1125 1385 mugitum
1141 1323 1182 1366 ex
1196 1301 1234 1367 iie

111 1421 267 1468 nnmerum
282 1400 480 1478 occiderunt,
497 1397 612 1464 Beutnu
622 1399 788 1465 Rhenanus
804 1411 834 1465 et
848 1422 890 1465 ex
901 1403 1045 1487 particule
1063 1405 1136 1468 ‘uhi'
1151 1414 1236 1468 recte

112 1504 210 1570 olfecit
228 1501 344 1568 ‘Vbios'
361 1503 476 1587 (inepte
491 1503 572 1566 enim
587 1523 708 1581 omnen,
726 1504 776 1586 qui
792 1504 931 1569 Rhenum
945 1504 1139 1580 eveniebant,
1157 1501 1235 1570 Sue·

111 1630 168 1674 noe
181 1606 279 1671 adorti
293 1624 362 1669 esse
377 1606 563 1684 dicerentur,
581 1614 613 1668 ut
632 1606 748 1668 monuit
761 1603 1002 1693 Schneidcruo),
1025 1628 1120 1691 neqoe
1135 1608 1235 1672 minue

110 1721 195 1776 recte
217 1709 415 1774 ‘aemerunt'
440 1718 565 1791 propter
578 1708 658 1771 illum
675 1707 851 1792 particulam
872 1728 891 1771 a
913 1719 1017 1774 uetere
1040 1709 1235 1793 grammatico

112 1814 260 1888 adiectum
283 1830 351 1875 eaeo
372 1810 528 1874 iudicauit.
575 1807 611 1873 ld
631 1810 694 1873 alio
713 1810 780 1874 loco
801 1811 1022 1894 comprobetur.
1067 1811 1148 1877 Nam
1166 1814 1232 1877 hor.

111 1936 221 1979 comm.
237 1910 303 1990 Vl,
326 1911 368 1986 9,
390 1909 494 1975 8cnm
510 1906 629 1976 Caesar
647 1912 821 1996 scripsisset
844 1914 983 1998 ‘cognite
1004 1910 1121 1979 Cneenr
1141 1934 1234 1979 ennea

109 2016 230 2100 reperit
244 2014 281 2077 nh
296 2010 406 2076 Saeuis
421 2012 535 2076 auxilia
549 2014 640 2078 misen
654 2034 742 2078 esser
774 2013 919 2078 Vhiorum
936 2017 1170 2081 satisfactionem
1185 2036 1235 2081 ee·

110 2117 313 2203 cipit-aditus
329 2115 454 2196 uiasque
468 2115 499 2177 in
515 2112 633 2178 Sueuos
648 2117 820 2198 perquirit’,
842 2120 873 2180 in
889 2119 991 2182 codiee
1006 2120 1166 2205 archetypo
1181 2138 1234 2203 po-

112 2222 202 2285 eitum
226 2228 276 2285 eet
305 2216 373 2280 ‘uhi
396 2217 505 2281 hornm.
522 2216 757 2282 constuctionem
780 2219 912 2302 accepit’
935 2232 1068 2304 tempore
1089 2220 1175 2284 nerlii
1196 2221 1235 2284 ai

112 2321 290 2407 perticulam
314 2318 401 2383 ‘uhi’
422 2320 661 2385 accommodato:
685 2322 880 2404 nequeenim
903 2324 935 2386 in
956 2322 1071 2387 dnohua
1087 2322 1234 2386 extremit

114 2423 289 2500 montinio,
307 2442 431 2505 quornm
447 2421 535 2505 plano
549 2424 654 2487 eedem
669 2425 805 2488 contioio
821 2436 879 2502 eet,
897 2436 1031 2511 tempore
1043 2426 1154 2491 uuriari
1166 2446 1235 2511 poe·

114 2545 149 2589 ee
163 2520 305 2589 Clarkioe
319 2524 483 2588 intellexit.
515 2521 721 2589 Schneiderue
745 2526 892 2605 miratur,
915 2529 942 2592 ai
964 2530 1087 2593 uerbum
1111 2541 1234 2594 ‘senee-

114 2631 194 2693 rnnt‘
208 2626 420 2712 interpolatnu
430 2627 490 2704 ait,
507 2627 576 2710 qnitl
591 2629 635 2692 itu
650 2630 754 2692 eodeni
770 2628 836 2693 loeo
851 2631 882 2693 in
898 2630 1033 2694 omnihus
1048 2633 1134 2695 aoid.
1152 2632 1235 2715 legu-

114 2740 175 2795 tnr.
206 2727 302 2795 Puteo
316 2749 403 2806 eum,
426 2738 461 2792 nt
474 2748 579 2793 omnen
595 2731 714 2795 colicee
730 2751 772 2794 ex
786 2752 846 2794 uno
861 2732 1006 2815 originem
1023 2733 1134 2798 ducere
1149 2733 1236 2817 igno-

115 2833 247 2911 ruoerr't,
264 2852 303 2896 ne
319 2831 459 2895 menium
473 2832 590 2915 quidem
606 2833 699 2896 ullum
714 2833 850 2896 omnihus
866 2835 953 2897 codd.
970 2854 1128 2897 commmw
1142 2835 1174 2897 in
1189 2834 1236 2898 hin

117 2934 201 2999 lihrin
215 2934 381 2998 inuenisse.
416 2930 547 3011 Deinde,
564 2934 590 2998 ei
608 2937 804 2998 ‘censerunt’
826 2936 993 3011 omittatur,
1011 2931 1128 3000 Sueuos
1149 2955 1236 3019 prue-

115 3046 163 3101 ter
176 3037 416 3120 expectationem
432 3036 613 3119 perterritos
636 3034 695 3098 dici
717 3037 864 3116 queritur.
910 3034 978 3120 Ipse
999 3036 1092 3119 igitur
1116 3037 1238 3120 scripsit

116 3144 203 3221 ‘quoe
213 3137 285 3203 Vhii
305 3172 344 3187 -
367 3148 401 3201 ut
418 3138 596 3221 perterritos
613 3139 783 3200 eeneeront'
798 3148 887 3222 utque
902 3139 944 3201 itu
960 3139 1001 3216 id,
1018 3139 1096 3221 quoi
1111 3149 1236 3223 questus

117 3251 192 3319 erat,
209 3249 356 3306 remmom
372 3258 442 3303 csse
456 3239 621 3303 contendit.
655 3237 741 3304 lluee
754 3240 832 3324 quoti
848 3261 908 3303 non
922 3241 1039 3318 refello,
1056 3241 1173 3306 nenium
1188 3261 1236 3306 me

116 3342 152 3407 eh
164 3343 232 3429 ipeo
246 3342 474 3427 impetraturum
489 3362 590 3427 spero.

198 3544 289 3610 lnitio
305 3547 428 3612 aeonntli
450 3547 656 3612 commentarii
680 3544 778 3612 ‘Cum
799 3558 882 3611 ceset
895 3543 1012 3612 Caesar
1034 3549 1065 3613 in
1095 3548 1237 3612 citeriore

116 3644 215 3712 Gellia
229 3648 261 3712 in
277 3649 429 3726 hibernia,
452 3649 495 3714 ita
515 3650 559 3713 uti
583 3669 673 3733 cupra
688 3649 977 3724 demonstrauimus,
1002 3652 1100 3715 erehri
1116 3651 1152 3715 ad
1167 3671 1236 3713 enm

115 3768 251 3815 romono
267 3749 484 3827 alierehuntur,
493 3752 661 3834 litterisque
676 3753 746 3815 ite·
754 3750 882 3815 Labieni
899 3752 1012 3815 certior
1026 3752 1116 3817 lichut
1131 3770 1236 3816 omnes

116 3848 239 3937 Belgae,
261 3873 349 3936 qnam
364 3852 481 3915 tertiam
497 3872 566 3917 eoae
579 3851 698 3919 Galliae
712 3865 825 3936 purtem
841 3854 1032 3927 dixeramus,
1056 3865 1163 3917 contra
1184 3873 1238 3937 po-

116 3956 213 4037 pulum
222 3953 393 4018 Romanum
408 3953 589 4028 coniurare',
605 3964 690 4018 reete
697 3954 883 4020 Goerlitziue
899 3958 1113 4034 (inemendatt.
1125 3952 1235 4018 lulian.

117 4053 219 4120 Vitcb.
238 4054 323 4120 1837
338 4056 442 4139 editio)
456 4055 548 4119 uerba
566 4055 609 4118 ‘in
626 4057 768 4121 hibernia'
784 4058 885 4140 spuria
900 4077 967 4120 oeae
983 4058 1093 4121 docuit.
1127 4056 1164 4121 ln
1178 4058 1237 4120 line

117 4157 196 4220 enim
211 4157 375 4242 superioria
391 4156 476 4234 lihri,
493 4177 551 4238 quo
567 4156 615 4220 hio
628 4158 800 4240 respicitur,
821 4155 937 4223 Caesar
952 4160 1099 4222 retulerat
1114 4158 1238 4221 hiberna

117 4259 272 4325 exeroRue
285 4281 320 4325 ec
333 4259 366 4324 in
381 4255 531 4342 Sequania
545 4257 729 4338 oohocueae,
751 4261 846 4344 iprum
870 4261 908 4323 oh
923 4270 1092 4325 conuomue
1106 4255 1238 4340 agendos
