2684 4694
57 235 124 306 602
508 224 638 297 cuttu
660 223 850 293 AFRICAE

117 425 175 493 que
190 401 351 486 coepisset,
369 409 450 464 tectu
465 398 562 465 latera
577 399 640 462 suis
656 398 868 463 munitionibus
885 396 1027 476 baberet,
1051 417 1091 462 oe
1104 398 1145 464 ab
1161 401 1252 484 eqni·

81 508 103 572 4
118 516 199 571 tatus
214 502 402 568 multitudine
415 502 636 567 circumuentos
649 501 686 564 nb
698 501 918 587 oppugnatione
929 501 1148 582 deterreretur,
1159 522 1251 587 prae·

118 619 224 686 terea,
242 627 300 690 quo
314 603 431 671 lucilius
447 603 603 687 conloquia
618 603 684 667 fieri
699 614 834 686 possent,
852 615 884 668 et
898 603 925 667 si
940 604 991 686 qui
1005 605 1166 688 perfugere
1182 605 1249 669 uel·

117 709 199 787 lent,
223 708 254 772 id
275 708 352 790 quotl
375 716 463 771 antea
485 725 576 789 saepe
597 704 752 770 acoitlebot
767 726 875 789 magno
891 727 958 769 oum
974 726 1077 771 eorum
1094 709 1245 790 periculo,

82 812 179 879 btum
197 809 284 874 facile
299 819 329 873 et
343 808 409 873 sine
424 806 556 892 periculo
572 809 667 871 lieret
692 805 799 871 Voluit
813 808 902 872 etiarn
917 809 1069 890 experiri,
1087 829 1156 872 oum
1172 830 1245 894 pro-
1267 822 1282 873 t

83 912 105 979 6
120 913 185 999 pius
201 913 315 977 bostem
331 911 524 988 accessisset,
545 909 706 974 haberetne
721 909 753 974 in
768 909 868 974 animo
884 909 1038 975 dimicare.
1069 909 1250 976 Accedebat

119 1014 209 1080 etiam
230 1014 267 1078 atl
288 1013 420 1096 reliquas
434 1032 559 1089 causas,
584 1012 662 1095 quotl
677 1011 704 1075 is
720 1012 802 1077 locus
819 1012 979 1098 depressus
994 1021 1076 1091 erat,
1100 1014 1247 1096 puteique

119 1117 162 1180 ibi
179 1114 343 1200 [nonnulli]
366 1115 431 1179 lieri
453 1113 612 1200 conplures
633 1123 788 1198 poteraut:
813 1115 975 1196 aquatione
998 1115 1076 1179 enim
1099 1113 1189 1200 longa
1213 1125 1248 1177 et

84 1219 105 1283 7
121 1228 249 1304 augusta
264 1217 415 1281 utebatur.
452 1214 532 1281 Dum
548 1216 621 1281 baec
637 1237 739 1300 opera,
764 1236 841 1298 quae
857 1227 928 1282 onte
943 1215 1018 1295 (lixi,
1043 1217 1154 1281 fiebant
1167 1239 1186 1281 a
1199 1216 1247 1280 le-

120 1320 272 1406 gionibus,
296 1319 416 1383 interim
438 1340 508 1403 pars
529 1318 594 1383 soie
615 1329 686 1381 anto
700 1339 774 1403 opus
790 1317 935 1383 instructa
952 1319 1007 1382 sub
1024 1318 1108 1382 boote
1122 1318 1245 1398 stabat3
1272 1328 1302 1382 tt

121 1421 237 1506 equites
266 1419 385 1485 barbari
413 1420 547 1504 leuisque
574 1431 744 1484 armaturae
775 1420 896 1505 proeliis
926 1421 1047 1485 minutis
1077 1422 1248 1485 comminus

64 1523 106 1594 52
120 1523 310 1588 dimicabant.
352 1518 469 1588 Caesar
483 1522 519 1587 ab
536 1544 573 1588 eo
588 1543 679 1607 opere
694 1543 761 1587 cum
777 1523 835 1587 iam
850 1523 906 1587 sub
921 1543 1078 1607 uesperum
1094 1522 1196 1606 copias
1211 1522 1247 1586 in

121 1635 222 1689 castra
237 1626 412 1703 reduceret,
436 1645 546 1709 magno
565 1625 690 1689 incursu
713 1646 779 1690 oum
803 1625 880 1689 omni
902 1624 1035 1708 equitatu
1055 1623 1176 1706 leuique
1191 1644 1246 1688 ar·

121 1736 239 1792 matura
255 1724 340 1805 Iuba,
368 1723 482 1812 Scipio,
505 1723 660 1791 Labienus
683 1727 714 1791 iu
736 1726 913 1812 legionarios
932 1727 1071 1812 impetum
1089 1727 1244 1790 lecerunt.

86 1826 249 1914 aliqunto
265 1826 443 1894 Caesariani
463 1830 492 1892 ui
515 1831 676 1894 uniuersae
697 1829 872 1913 subitaeque
894 1828 1021 1894 bostium
1043 1828 1249 1894 multitudinis
1271 1839 1301 1892 ts

122 1931 197 2016 pulsi
219 1953 377 2017 parumper
399 1943 566 1996 cesserunt.
614 1929 773 2014 Quaeres
799 1932 886 1997 alitor
914 1930 1096 1996 aduersariis
1123 1930 1245 1995 cecidit.

86 2032 107 2097 3
121 2031 261 2116 Namque
273 2029 390 2099 Caesar
405 2055 444 2098 ex
460 2035 558 2099 medio
573 2035 681 2100 itinere
697 2035 791 2120 copiis
804 2034 934 2100 reductis
949 2033 1099 2117 equitibus
1114 2033 1179 2098 suis
1193 2053 1249 2098 au·

123 2134 230 2200 xilium
254 2136 339 2216 tulit,
363 2136 479 2221 equites
502 2147 601 2203 autem
624 2138 754 2202 aduentu
774 2137 923 2221 legionum
944 2137 1045 2201 animo
1061 2135 1156 2201 addito
1171 2156 1245 2199 oon·

123 2239 221 2304 uersis
237 2239 321 2325 equis
336 2240 368 2304 in
382 2238 532 2305 Numidas
547 2240 652 2326 cupide
667 2241 858 2323 insequentes
874 2240 1087 2326 dispersosque
1104 2239 1246 2323 impetum

125 2341 261 2406 lecerunt
275 2353 364 2427 atque
380 2364 433 2407 eos
448 2343 680 2407 conuulneratos
696 2343 835 2426 usquein
852 2353 953 2408 castra
968 2345 1053 2425 regia
1074 2340 1247 2426 repulerunt
1268 2350 1301 2403 tt

88 2442 291 2526 lmultosque
314 2465 354 2507 en
376 2445 415 2508 iis
436 2446 666 2509 interfecerunt.
713 2441 801 2526 Quod
825 2445 881 2509 nisi
906 2445 937 2508 iu
961 2456 1077 2509 noctem
1100 2443 1247 2529 proelio·

126 2554 208 2608 esset
223 2544 402 2623 coniectum,
427 2546 583 2630 puluisque
597 2558 687 2611 uento
703 2548 790 2612 llatus
806 2548 934 2611 omnium
951 2559 1111 2632 prospectu
1127 2544 1245 2610 offecis-

127 2657 186 2726 set,
210 2643 283 2712 luba
306 2669 372 2711 eum
394 2645 530 2713 Labieno
555 2650 632 2734 copti
655 2651 685 2714 in
710 2661 885 2736 potestatem
910 2645 1053 2714 Caesaris
1076 2649 1246 2724 uenissent,

126 2751 333 2834 equitatusque
348 2772 414 2815 eum
430 2752 490 2817 leui
505 2764 655 2818 armatura
670 2753 802 2816 funditus
819 2754 856 2817 ad
878 2752 1114 2817 internecionem
1132 2751 1248 2814 deletus

90 2852 110 2917 5
126 2864 217 2918 esset.
253 2849 376 2917 loterim
395 2854 611 2921 incredibiliter
629 2876 670 2920 ex
684 2856 852 2940 legionibus
867 2868 915 2920 llll
930 2868 963 2921 et
975 2864 1010 2920 Vl
1026 2850 1178 2937 Scipionis
1194 2853 1251 2915 mi·
1272 2861 1305 2917 25

125 2956 195 3021 lites
219 2955 365 3039 diffugere
386 2957 491 3042 partim
513 2957 544 3020 in
566 2971 665 3024 castra
680 2954 837 3037 Caesaris,
862 2959 966 3044 partim
983 2958 1013 3021 in
1029 2976 1101 3039 quas
1116 2953 1246 3035 quisque

88 3055 110 3122 6
126 3068 243 3142 poterat
257 3059 398 3143 regiones
413 3060 591 3143 peruenire3
615 3062 745 3145 itemque
761 3063 875 3146 equites
888 3057 1065 3126 Curioniani
1080 3054 1165 3120 diffisi
1177 3051 1249 3120 Sci·

125 3159 205 3242 pioni
222 3159 344 3242 eiusque
360 3162 453 3246 copiis
470 3162 636 3247 complures
651 3185 686 3230 se
701 3166 803 3230 eodem
820 3164 1027 3229 conterebant.

70 3259 114 3331 58
212 3257 291 3325 Dum
308 3260 382 3327 baeu
397 3264 508 3329 circum
523 3263 658 3331 Vzittam
682 3268 719 3334 nb
742 3268 877 3350 utrisque
896 3266 1018 3331 ducibus
1033 3264 1250 3329 administran-

126 3374 193 3443 tur,
218 3361 352 3448 legiones
376 3365 471 3447 duae,
495 3378 565 3434 Xet
580 3378 670 3452 Vllll,
693 3392 734 3436 ex
750 3366 852 3436 Sicilia
874 3368 999 3433 nauibus
1015 3364 1164 3431 onerariis
1180 3385 1249 3449 pro·
1272 3371 1303 3426 tt

233 3586 249 3639 3
262 3588 397 3655 conloquia
410 3605 437 3641 o.
542 3594 558 3644 l
572 3593 704 3644 acciderat
716 3610 777 3646 oum
789 3595 804 3646 3
817 3595 884 3646 dett.
900 3609 926 3645 u.
1032 3589 1148 3655 betium]
1162 3597 1254 3640 autem

126 3661 151 3711 b·
263 3665 279 3718 8
293 3668 410 3718 nonnulli
424 3667 481 3718 lieri
494 3669 639 3735 complores
652 3685 669 3722 a
682 3671 741 3722 cod.
756 3670 819 3723 Vre.
835 3687 905 3722 unus
918 3671 990 3733 det.,·
1005 3667 1148 3733 compium
1161 3664 1221 3714 fleri
1236 3667 1252 3716 b

124 3743 142 3795 2
154 3742 222 3796 dett.
237 3760 264 3810 u,
280 3762 338 3797 cum
345 3748 455 3813 jbieeet
466 3748 583 3799 nonnulli
596 3749 653 3799 beri
666 3749 764 3817 (oonpl.
780 3749 818 3815 o).
986 3747 1001 3800 9
1014 3743 1156 3796 utebantur
1168 3743 1251 3794 ΝΜ·

233 3825 402 3874 noteom.b.
508 3823 610 3889 legione
624 3840 650 3876 o.
758 3826 986 3878 ibbostesobc.
1090 3821 1252 3885 lllegiona-

129 3895 192 3961 rios]
208 3897 234 3950 Ρ.
247 3900 308 3951 216.
415 3901 698 3955 lbaccesserunlob.
805 3902 1038 3956 lbtletolitobo.
1143 3899 1251 3964 ἳθηρ·

127 3972 248 4039 poleront
261 3989 288 4024 o.
413 3978 443 4032 21
461 3993 493 4029 ex
506 3979 546 4031 bis
560 3994 586 4029 o·
709 3981 758 4031 nisi
771 3997 798 4047 u,
813 3981 839 4030 ni
853 3981 912 4032 odd.
1034 3980 1069 4034 22
1082 3976 1211 4028 coiectum
1223 3989 1251 4026 a·

235 4058 374 4117 prospectu
387 4050 520 4121 Scaliger,
534 4064 697 4124 prospectum
710 4072 727 4107 a
740 4058 754 4107 b
767 4073 789 4106 e.
896 4057 1028 4108 effecisset
1040 4071 1066 4120 o,
1076 4053 1212 4105 infecisset
1224 4051 1251 4102 b.

234 4128 268 4178 ct
281 4128 474 4180 internitionem
489 4132 515 4184 b.
623 4137 657 4188 25
671 4135 773 4200 legione
785 4151 812 4188 o.
921 4135 1117 4188 licurionlsni
1129 4133 1251 4199 Lipsius,

127 4202 320 4258 Curiauioodd.
408 4204 595 4276 Scipionisob.
681 4211 902 4279 lboireumJodb.
985 4211 1252 4276 Vziztaroo,Vaitam

126 4295 154 4331 u.
278 4282 311 4334 3⁰
324 4297 339 4332 x
353 4289 379 4334 et
391 4298 448 4337 νιιιι
460 4299 487 4346 a,
501 4289 611 4338 s'nnerso
624 4287 720 4340 ordine
731 4287 811 4354 ιαὼς
825 4303 842 4342 x
855 4296 882 4340 et
894 4304 921 4341 xs
934 4291 956 4341 b.
1073 4288 1209 4342 onernrias
1221 4302 1250 4341 o.
