2692 4688
96 181 162 251 558
507 177 908 252 uttmuoboctvtbt

155 354 291 420 insoleus
306 351 377 416 belli
391 352 588 418 diuturnitate
602 355 674 433 otii,
691 354 852 421 Vtioensee
873 372 928 438 pru
943 351 1118 435 quibusdam
1135 349 1280 422 Caesaris

98 467 101 471 ’
155 458 189 521 in
203 477 239 522 se
252 455 405 520 benetioiie
419 453 462 519 illi
477 456 661 536 amicissimi,
678 469 846 521 eonuentus
861 456 906 534 is,
925 456 975 538 qni
991 477 1031 520 ex
1047 456 1140 520 uariis
1156 459 1280 540 generi·

88 604 92 621 ÷
119 559 212 627 tum
226 568 392 636 mosterot,
410 566 566 637 terrores
579 559 782 644 superioribus
797 558 918 643 proeliis
934 579 1071 643 magnus.
1116 557 1223 643 lteqne
1239 562 1279 626 de

154 660 306 726 deditione
329 680 432 723 omues
455 661 549 742 palam
572 660 772 743 loquebantur
786 671 817 724 et
833 682 899 723 enm
914 657 950 724 P.
966 660 1050 725 Attio
1065 662 1214 745 egebant,
1239 685 1279 729 ne

121 761 212 828 3sua
227 761 393 846 pertinacis
407 763 537 826 omnium
553 763 690 827 fortunas
706 761 872 847 perturbari
888 762 990 827 uellet.
1019 762 1104 828 liaeo
1121 785 1187 828 oum
1203 786 1275 851 age·
1297 779 1314 831 5

155 876 281 942 rentur,
306 864 403 927 nuntii
411 864 573 948 praemissi
587 866 625 929 ab
640 885 713 949 rege
727 863 803 929 lube
818 876 983 942 uenerunt,
1007 867 1057 949 qui
1073 867 1155 930 illum
1171 868 1279 933 edesse

158 988 224 1030 eum
239 966 357 1049 magnis
372 967 465 1051 oopiis
480 966 616 1031 dicerent
630 975 662 1030 et
675 969 712 1030 de
728 968 862 1031 custodia
878 988 914 1031 ae
930 968 1104 1034 defensione
1117 970 1278 1035 urbisbor-

98 1067 144 1140 87
158 1078 305 1134 mutor.
337 1065 489 1150 Quaeres
505 1089 607 1132 eorum
622 1070 800 1153 perterritos
815 1069 932 1133 animos
947 1072 1148 1135 confirmauit.
1188 1071 1278 1137 Nuu-

148 1170 310 1236 ·tiabautur
323 1170 397 1234 baee
411 1170 515 1236 eadem
529 1168 670 1250 Curioni,
686 1172 740 1235 sed
753 1171 933 1255 aliquamdiu
950 1174 1023 1237 lidos
1038 1173 1103 1238 lieri
1118 1195 1179 1237 non
1194 1185 1278 1259 pote-

121 1273 223 1341 2ret=
242 1281 355 1337 taumm
372 1273 499 1338 babebat
514 1295 635 1338 suarum
650 1295 749 1337 rerum
766 1274 913 1337 liduoinm.
946 1272 1068 1358 lamque
1083 1271 1228 1340 Caesaris
1243 1278 1276 1343 in
1301 1288 1335 1341 tu

113 1390 116 1399 '
156 1374 305 1459 Hispania
318 1396 368 1439 res
382 1377 533 1440 secundae
547 1375 723 1439 inAlrioam
738 1374 898 1439 nuntiis-et
913 1376 1023 1440 litteris
1034 1377 1275 1459 perforabantur.

159 1474 274 1558 Quibus
295 1477 385 1541 rebus
408 1478 544 1542 omnibus
564 1477 702 1542 sublatus
724 1477 797 1541 nibil
819 1489 924 1541 eontra
947 1497 981 1542 ee
1007 1498 1110 1562 regem
1133 1500 1279 1545 ausurum

123 1576 361 1644 3existimabat.
394 1575 456 1645 Sed
476 1579 525 1644 obi
548 1580 640 1644 eertis
664 1578 840 1645 sectoribus
863 1581 1006 1664 oomperit
1031 1581 1125 1644 miuus
1140 1590 1164 1642 V
1179 1592 1211 1644 et
1225 1591 1281 1646 xx

115 1692 118 1697 '
158 1679 278 1745 milibus
299 1681 389 1765 lunge
410 1682 447 1745 ab
462 1680 552 1746 Vtioa
574 1682 641 1746 eius
663 1683 763 1766 oopies
778 1681 903 1758 abesse,
926 1681 1039 1745 relietis
1061 1682 1280 1746 munitionibus

119 1779 145 1844 d
159 1800 228 1847 sese
242 1782 273 1846 iu
289 1794 390 1848 uestra
405 1778 547 1848 Cornelia
562 1785 688 1869 reeepit.
721 1784 788 1849 lluu
804 1787 982 1848 trumentum
997 1794 1197 1867 neuportum,
1226 1806 1279 1850 oa·
1304 1795 1333 1849 ts

157 1896 222 1951 stra
238 1886 367 1964 munire,
384 1887 539 1952 materiam
554 1889 692 1953 ooolerre
707 1889 807 1972 ooepit
819 1888 980 1970 statimqne
993 1883 1164 1950 inSieiliam
1182 1885 1278 1961 misit,

124 1984 146 2048 5
161 1986 204 2049 uti
219 1987 296 2051 duae
310 1987 445 2071 legiones
459 1989 650 2074 reliquusque
674 1992 820 2073 equitatus
836 1990 872 2053 ad
887 2008 921 2054 se
937 1989 1119 2052 mitteretur.
1166 1982 1279 2052 Castra

159 2100 247 2153 eraut
268 2089 303 2153 ed
326 2091 434 2155 bellum
457 2093 622 2157 ducendum
645 2094 797 2177 aptissima
820 2102 927 2157 nature
951 2090 1008 2155 looi
1024 2101 1054 2154 et
1068 2091 1233 2154 munitione
1247 2101 1279 2154 et

148 2192 251 2257 maris
267 2195 486 2280 propinquitate
502 2207 534 2260 et
547 2217 643 2280 aquae
658 2206 688 2258 et
701 2196 775 2261 snlis
792 2196 896 2280 oopie,
920 2193 1005 2258 ouius
1029 2213 1135 2279 magna
1158 2192 1202 2256 uis
1217 2192 1279 2255 iam

124 2291 203 2359 dex
218 2297 363 2380 proximis
386 2309 452 2362 erat
473 2299 578 2363 saliuis
599 2320 635 2363 eo
651 2309 807 2381 congesta.
853 2295 927 2360 Non
947 2295 1070 2360 materia
1093 2294 1280 2360 multitudine
1298 2303 1331 2359 2⁰

149 2399 312 2476 arborum,
329 2419 389 2461 nou
406 2400 597 2474 trumentum,
615 2399 1054 2482 euiuserautplenissimiagri‚
1072 2398 1198 2461 detinere
1213 2406 1279 2480 pot·

160 2508 237 2562 erat.
283 2497 389 2580 ltaque
415 2500 546 2562 omnium
576 2521 698 2564 suorum
728 2520 876 2563 consensu
900 2496 995 2564 Curio
1024 2500 1155 2582 reliquas
1178 2498 1278 2581 copias

101 2597 147 2669 38
159 2609 323 2683 expectare
338 2610 369 2664 et
383 2599 491 2664 bellum
508 2601 617 2666 dooere
633 2602 765 2686 parabat.
806 2601 863 2666 llis
879 2603 1051 2666 constitutis
1067 2600 1155 2664 rebus
1172 2600 1280 2685 probe·

161 2702 258 2786 lisque
274 2703 407 2767 consiliis
423 2725 469 2768 ex.
478 2704 610 2790 perfugis
625 2704 798 2787 quibusdam
814 2705 968 2788 oppidanis
984 2701 1175 2766 auditlnbam
1191 2721 1281 2765 reuo-

160 2814 261 2869 oatum
283 2806 407 2869 finitimo
428 2804 505 2870 bello
530 2818 561 2870 et
581 2807 799 2870 controuersiis
822 2804 1051 2888 Leptitanorum
1073 2804 1225 2866 restitisse
1247 2803 1280 2867 iu
1299 2812 1327 2869 it

159 2929 273 2993 regnu,
292 2905 474 2986 Saburram,
491 2909 558 2974 eius
573 2908 774 2992 praelectum,
802 2928 867 2969 eum
884 2903 1082 2968 mediocribus
1098 2904 1190 2986 eopiis
1206 2903 1281 2966 mis-

124 3010 224 3077 2snm
242 3010 349 3077 Vticae
364 3012 611 3097 appropinquare.
652 3007 708 3073 llis
724 3009 894 3072 auctoribus
912 3020 1023 3071 temere
1039 3006 1163 3069 credens
1180 3006 1282 3068 consi-

159 3114 231 3177 lium
248 3126 410 3178 commutat
424 3126 455 3179 et
470 3114 583 3200 proelio
598 3133 660 3178 rem
677 3112 863 3176 committere
879 3110 1044 3174 constituit.
1090 3104 1220 3170 Multum
1243 3109 1280 3171 ad

161 3212 238 3277 bano
253 3235 314 3278 rem
332 3217 511 3299 probandam
526 3217 649 3281 adiuuat
662 3215 884 3293 adolescentia,
907 3212 1079 3297 magnitudo
1094 3209 1202 3286 animi,
1227 3230 1280 3273 su·

125 3312 146 3378 3
161 3315 289 3400 perieris
305 3320 445 3401 temporis
460 3330 635 3404 prouentus,
654 3317 760 3382 tidnoia
775 3317 820 3382 rei
835 3316 910 3381 bene
925 3315 1086 3401 gerendae.
1119 3310 1175 3376 llis
1190 3310 1279 3374 rebus
1300 3318 1330 3372 tt

270 3560 280 3611 l
297 3560 419 3612 insollers
434 3561 459 3611 b.
587 3562 637 3612 oeii
650 3576 677 3612 s.
815 3563 832 3616 2
846 3561 868 3612 is
883 3559 1024 3620 Gruterus,
1038 3557 1060 3607 ei
1073 3573 1090 3607 o
1100 3557 1113 3606 b
1123 3555 1169 3606 ed.

135 3636 138 3643 '
160 3637 277 3688 lomnes
290 3638 426 3704 inpslamo
436 3639 481 3688 te.
587 3638 707 3690 bedesse
720 3651 776 3689 enm
790 3639 888 3700 magnis
902 3634 982 3702 copiis
995 3635 1043 3695 ub,
1059 3648 1116 3683 eum
1129 3631 1280 3694 meguiseo-

160 3714 210 3779 piis
225 3714 320 3766 edesse
332 3729 361 3764 u.
477 3714 493 3766 2
505 3714 656 3780 aliquandiu
669 3730 696 3764 a.
821 3715 846 3764 11
864 3721 891 3762 οι
904 3728 930 3775 a,
943 3726 976 3761 se
988 3709 1048 3760 edd.
1155 3709 1187 3761 12
1201 3708 1279 3758 rebne

159 3793 278 3843 omuibus
291 3807 316 3855 a,
332 3793 450 3844 omnibns
464 3794 540 3843 rebus
552 3792 613 3842 edd.
728 3806 852 3844 ansonem
866 3791 1025 3851 Vossianus,
1040 3788 1154 3838 nisurum
1167 3788 1278 3853 reliqui.

271 3869 301 3920 li
313 3885 338 3919 v.
355 3885 403 3919 mxx
416 3884 444 3919 s.
550 3869 581 3920 li
594 3868 715 3919 Cornelis
727 3870 796 3933 oie,
811 3869 966 3920 Corneliano
980 3884 1006 3918 u.
1115 3866 1144 3917 ll
1159 3865 1280 3931 reliquis-

160 3958 210 4006 que
223 3958 249 4004 α,
264 3945 408 4010 reliquique
422 3947 448 3996 b.
568 3946 738 3996 mitterentur
750 3945 776 3996 l.
899 3945 931 3996 te
946 3944 995 3994 loei
1008 3951 1036 3994 et
1048 3941 1239 4004 nuntiandus,
1254 3948 1281 3991 et

160 4019 210 4071 loei
223 4020 301 4070 codd.
423 4022 567 4071 motatione
580 4027 644 4072 unte
658 4036 729 4073 eurr.
743 4037 770 4071 a.
892 4023 926 4076 2⁰
939 4036 969 4071 ee
982 4037 999 4071 o
1009 4023 1034 4070 b.
1156 4019 1189 4072 2³
1203 4033 1282 4082 expe·

160 4107 234 4150 etsre
247 4113 274 4148 a.
395 4101 429 4154 ut
442 4098 560 4164 profugis
573 4101 597 4150 i.
719 4102 752 4154 22
766 4098 906 4150 Saburram
921 4101 1020 4164 ubique
1031 4113 1048 4148 u
1062 4102 1090 4147 et
1103 4098 1176 4146 ‘mss
1190 4111 1282 4145 omnes

160 4177 207 4226 bio
219 4179 246 4225 et
258 4173 358 4240 ἐφ’,
380 4177 446 4224 e'tess
456 4176 577 4240 Appius.
598 4177 622 4227 i.
637 4180 692 4227 eiu.
705 4176 749 4239 ΙΙ,
762 4178 812 4239 ⁴⁶3
834 4176 960 4227 Sabotam
973 4176 1072 4241 ubique
1085 4190 1102 4224 u
1109 4212 1117 4237 ,
1133 4179 1163 4223 ut
1176 4171 1280 4223 bucon.

160 4253 208 4320 ΙΙ)
223 4252 282 4307 722.
387 4251 421 4306 28
433 4259 518 4303 notat
528 4254 555 4305 b.
659 4253 693 4309 22
706 4252 849 4320 superioris
862 4251 940 4303 animi
953 4267 980 4304 a.
