2692 4688
457 184 646 256 cotttttt
668 184 765 256 cett.
781 187 910 258 7-10.
1219 186 1284 258 297

101 363 180 449 quod
196 369 313 425 tsntnm
327 356 516 424 multitudine
530 370 679 446 poterunt,
697 360 734 425 alr
749 361 891 426 lateribus
906 374 1074 448 pugnantes
1083 383 1155 429 snus
1165 366 1226 431 cir·

101 462 276 531 eninuenire
299 472 433 545 possent.
472 460 540 525 Hoc
563 465 641 528 lucto
658 464 770 528 duabus
786 464 971 548 legionibus,
996 489 1071 550 quas
1087 464 1260 553 proxime5

100 567 344 650 conscripserat,
367 565 398 629 in
422 565 531 629 castris
546 567 673 645 relictis,
691 577 736 645 ut,
762 567 788 631 si
805 589 863 651 quo
879 589 953 652 opus
969 580 1068 649 esset,
1091 570 1224 635 subsidio

102 670 171 735 duci
186 679 330 754 possent,
355 669 485 750 reliquas
502 690 560 733 sex
575 669 710 753 legiones
732 691 786 754 pro
803 671 912 733 castris
927 671 958 734 in
974 672 1039 735 aoie
1055 674 1222 737 constitnit.

66 786 81 838 t
102 772 216 837 Hostes
236 771 308 835 item
331 791 402 833 suas
424 772 526 855 copias
548 792 590 836 ex
612 773 719 836 eastris
736 773 859 836 eductas
877 773 1097 839 instruxerant.
1129 773 1259 847 Palusd

99 886 166 942 crat
182 895 243 938 non
258 893 367 956 magna
381 874 462 936 inter
477 884 612 937 nostrum
627 885 715 960 atque
732 875 860 939 hostium
877 878 1056 940 exercitum.
1095 876 1182 941 Hanc
1197 878 1225 943 si

99 978 197 1042 nostri
212 977 390 1051 transirent,
410 974 512 1039 lrostes
528 977 745 1061 expectabant3
764 979 859 1041 nostri
875 988 987 1056 autem,
1005 979 1030 1041 si
1047 978 1083 1041 ab
1097 978 1158 1042 illis
1167 979 1225 1043 iui-

99 1082 174 1146 tium
190 1077 366 1143 transeundi
381 1078 479 1152 fieret,
497 1089 529 1142 nt
543 1081 701 1164 impeditos
717 1081 962 1166 adgrederentur,
979 1082 1075 1164 parati
1091 1081 1121 1144 in
1132 1080 1224 1146 armis

98 1192 199 1248 erant.
236 1180 361 1247 Interim
382 1181 495 1266 proelio
517 1184 649 1264 equestri
672 1183 752 1247 inter
773 1185 845 1247 duas
870 1184 951 1247 acics
975 1182 1259 1248 contendebamus

46 1296 76 1350 tt
97 1284 159 1352 Vti
175 1285 275 1349 neutri
298 1284 472 1348 transeundi
488 1284 604 1346 initium
621 1284 745 1362 laniunt,
770 1285 945 1348 secundiore
961 1287 1092 1373 equitum
1108 1285 1222 1371 proelio

99 1388 215 1452 nostris
230 1383 350 1452 Caesar
363 1408 435 1451 suos
451 1387 481 1449 iu
498 1397 597 1449 castra
615 1386 746 1449 reduxit.
772 1384 885 1450 Hostes
902 1390 1035 1471 protinus
1050 1408 1090 1452 ex
1107 1409 1143 1452 eo
1155 1384 1258 1453 luced

98 1492 137 1556 ud
150 1491 261 1555 dumen
275 1492 416 1554 Axonam
433 1490 662 1568 contenderunt,
680 1489 757 1573 quod
773 1509 842 1553 esse
857 1499 923 1572 post
937 1500 1040 1554 nostra
1056 1501 1154 1555 eastra
1171 1491 1223 1554 de·

99 1602 298 1658 monstratum
314 1602 373 1656 est.
398 1590 442 1655 lbi
459 1593 541 1655 uadis
557 1593 684 1675 repertis
700 1600 813 1676 partem
830 1591 1257 1676 suarumcopiarumtrndu-4

101 1715 170 1759 cere
185 1695 285 1758 cunuti
299 1704 389 1772 sont,
406 1714 442 1758 eo
458 1694 602 1767 consilio,
620 1704 671 1771 ut,
688 1693 715 1757 si
730 1704 872 1778 possent,
889 1694 1055 1769 castellum,
1073 1697 1120 1759 oni
1136 1716 1222 1781 pruc-

47 1808 77 1861 tt
100 1806 166 1862 erut
188 1793 322 1879 Quintus
338 1795 476 1860 Titurius
492 1798 625 1880 legatus,
644 1807 853 1878 expugnarent
868 1808 1045 1880 pontemque
1061 1797 1222 1861 interscin-

100 1900 228 1978 dorent,
252 1899 392 1963 siminus
413 1899 598 1983 potuissent,
622 1919 712 1981 agros
728 1896 890 1961 Remorum
914 1900 1145 1984 popularentur,
1171 1894 1257 1982 quit

100 2022 213 2085 magno
228 2001 312 2065 nobis
327 2001 394 2065 osni
409 2002 447 2065 ad
462 2000 569 2065 bellum
579 2000 743 2083 gerendum
752 2011 849 2076 erant,
867 2012 1091 2085 commeatuque
1099 2011 1221 2064 nostros

101 2102 311 2188 prohiberent.
351 2101 472 2168 Caesar
492 2104 605 2166 certior
621 2105 718 2166 lactus
735 2104 771 2166 ab
787 2101 909 2165 Titurio
924 2124 1041 2165 omnem
1057 2104 1221 2188 equitatum
1235 2102 1279 2174 lt)

102 2214 135 2270 et
150 2204 229 2268 leuis
244 2214 410 2270 armaturae
417 2203 578 2283 Numidas,
596 2205 762 2268 funditores
778 2204 1009 2288 sagittariosque
1025 2213 1143 2288 pontem
1160 2214 1222 2267 tra·

40 2319 76 2376 20
101 2307 183 2372 ducit
206 2317 295 2390 utque
320 2308 356 2372 ad
379 2329 432 2372 eos
453 2309 616 2372 contendit.
656 2306 781 2370 Acriter
801 2307 833 2370 in
849 2327 885 2369 eo
901 2306 967 2369 loco
982 2316 1146 2390 pugnatum
1162 2305 1259 2371 est.2

101 2408 216 2473 Hostes
228 2409 378 2494 inpeditos
394 2410 488 2473 nostri
505 2411 535 2473 in
552 2411 673 2473 llumine
687 2409 823 2493 adgressi
838 2430 977 2492 magnum
1001 2428 1104 2473 eorum
1120 2426 1224 2471 nnme-

100 2532 171 2576 rum
187 2512 375 2576 cecderunt:
403 2533 457 2597 per
471 2533 573 2576 eornm
589 2533 716 2598 corpora
731 2511 862 2596 reliquos
877 2512 1075 2576 audacissime
1091 2507 1258 2574 trunsired

101 2625 247 2679 conantes
262 2614 453 2678 multitudine
469 2616 595 2678 telorum
611 2616 801 2699 repulerunt3
819 2616 942 2699 primos,
959 2615 1007 2698 qui
1024 2612 1221 2691 transierant,

102 2718 238 2805 equitatu
252 2716 473 2781 circumuentos
487 2717 717 2782 interfecerunt.
741 2715 854 2781 Hostes
871 2719 920 2781 ubi
936 2729 967 2780 et
979 2720 1014 2781 de
1024 2713 1223 2800 expugnando
1237 2710 1259 2776 4

39 2831 75 2888 2⁵
100 2821 209 2905 oppido
231 2819 320 2885 etde
341 2818 461 2884 domine
483 2823 667 2886 transeundo
689 2840 772 2905 spem
792 2841 826 2885 se
847 2821 991 2885 fefellisse
1006 2819 1226 2883 intellexerunt

214 3020 225 3072 l
240 3019 292 3084 ult,
306 3037 359 3073 noo
373 3036 405 3085 a,
419 3021 493 3071 ‘meu
507 3021 642 3073 meliores'
654 3021 737 3088 ΠΕ]
744 3027 772 3074 et
784 3038 844 3072 cum
853 3027 957 3086 puncto
969 3020 1019 3070 sud
1032 3019 1047 3069 b
1059 3021 1092 3068 Β.

101 3099 118 3150 3
136 3097 240 3165 siquod
256 3100 286 3164 d,
307 3101 329 3151 si
346 3116 395 3167 qun
408 3116 469 3150 cum
482 3116 535 3151 utto
555 3101 649 3152 Petne.
664 3117 692 3151 u.
839 3103 853 3150 5
868 3101 994 3150 adductus
1006 3098 1042 3149 D.
1186 3093 1227 3144 in·

103 3183 269 3230 stncserunt
279 3178 315 3229 A.
456 3179 547 3244 paulus
566 3195 627 3228 eum
641 3183 744 3243 puncto
763 3177 812 3226 sud
831 3176 893 3227 uB.
1033 3176 1048 3225 d
1063 3169 1191 3237 nostrum]
1208 3185 1225 3220 n

100 3260 205 3321 puncto
222 3259 364 3321 supposito
384 3258 411 3305 et
428 3270 453 3305 m
471 3259 660 3322 suprascripta
678 3272 714 3306 m.
734 3272 778 3321 pr.
792 3258 826 3306 B.
972 3252 1174 3322 lexpecteltunt
1190 3249 1225 3302 B.

211 3331 229 3383 8
241 3332 449 3396 adgrederentur
461 3332 517 3382 AB
527 3333 579 3398 Os.
720 3333 752 3384 ld
767 3333 860 3383 uostris
876 3332 989 3398 equiturn
1002 3332 1101 3399 proelio
1117 3330 1149 3391 d,
1164 3327 1237 3393 equl·

101 3415 158 3459 tut
181 3416 330 3459 nostrorum
350 3409 448 3476 proelio
466 3409 503 3458 1).
527 3407 613 3460 Codd.
632 3409 795 3460 Aelas'ntrr'r‘
819 3410 933 3475 equitum
958 3409 1055 3475 proelio
1079 3406 1160 3456 nostri
1180 3405 1227 3454 las·

100 3487 323 3550 macconem
343 3488 391 3537 sed
408 3492 437 3536 in
450 3486 474 3537 B
487 3488 583 3539 nostris
604 3488 661 3552 legi
679 3487 781 3539 diserto
793 3488 917 3554 Boperlr'r'
933 3490 1087 3537 testimonio
1107 3485 1224 3534 constat.

212 3563 246 3619 tt
258 3579 317 3615 sese
331 3564 407 3614 etium
421 3570 480 3630 post
491 3563 675 3615 Flodourdus.
786 3565 818 3616 13
832 3563 963 3628 copiurnm
977 3578 1082 3613 suarum
1094 3560 1225 3612 Fluctuar-

98 3638 163 3692 dus.
304 3642 695 3708 transducechFlodcurdur.
825 3643 1032 3708 tudurninse,
1048 3641 1080 3707 Q.
1095 3657 1122 3691 u.

98 3716 293 3769 tutentterent
312 3718 354 3783 11,
379 3718 569 3770 interciderent
591 3718 762 3770 Flodoordus
788 3718 948 3780 Cotuennrt,
982 3715 1031 3766 sed
1054 3717 1228 3767 interscindu-

98 3801 163 3846 reut
174 3794 253 3846 codd.
266 3798 335 3846 cius.
459 3795 490 3848 tt
504 3801 713 3861 commentusqne
727 3803 830 3845 nostrus
844 3793 1010 3845 sustinebunt
1023 3792 1109 3843 Aldus
1122 3796 1149 3842 et
1160 3791 1225 3843 Flo·

99 3875 233 3927 mardos.
339 3875 372 3927 ld
385 3874 486 3925 Cnesur
494 3881 560 3940 port
572 3875 669 3925 certior
681 3890 765 3940 supro
779 3888 849 3923 uere.
865 3872 927 3923 add.
935 3873 970 3938 s,
987 3877 1053 3938 port
1064 3870 1166 3922 Titurio
1175 3886 1226 3937 po·

100 3957 174 4002 sunt
184 3951 279 4012 DEd,
297 3952 347 4002 utu·
356 3956 386 4002 in
401 3952 424 4003 0
436 3953 586 4003 Ariouistus
600 3953 719 4017 degitur,-
737 3968 790 4002 om.
804 3953 922 4017 reliqui,
942 3954 1025 4002 etium
1038 3951 1225 4011 Flodoardue,

99 4036 134 4082 ast
145 4030 260 4083 Vossius
273 4030 375 4096 rqsert,
389 4031 438 4081 sed
449 4031 524 4096 opud
537 4031 715 4083 Celaenarum
729 4035 861 4096 scriptum
874 4035 916 4081 cet
927 4029 1027 4081 (leesor
1038 4030 1144 4080 certior.

100 4109 134 4159 slr
146 4107 175 4160 A
181 4108 232 4174 (B)
241 4109 264 4160 0
270 4109 314 4174 Ι),
326 4123 343 4160 ι
356 4108 416 4160 edd.
430 4114 494 4160 aute
505 4126 537 4160 u»
653 4125 752 4161 omnem
766 4111 924 4176 nequitatem
936 4109 1117 4162 t'todoarctua.

101 4188 133 4243 21
149 4188 282 4255 inpeditus
296 4189 329 4238 B.
460 4187 578 4252 adgressi
591 4189 676 4252 Ans.
815 4188 848 4241 tt
862 4186 985 4254 telorum]
999 4194 1026 4238 et
1038 4183 1149 4236 audacie
1161 4180 1224 4233 cdd.

103 4262 287 4318 Flodcardus.
395 4265 564 4332 reppulerunt
576 4266 609 4316 Β.
715 4263 918 4332 primosqnequl
933 4264 957 4314 t.
1063 4262 1096 4314 25
1110 4258 1208 4310 scscl·
