2692 4688
58 198 123 265 stt
484 192 542 260 DE
565 191 709 261 uultu
733 190 866 263 clvttr

121 364 281 433 seCaesar
295 362 432 429 Massilia
446 373 496 429 xv
510 366 631 449 primos.
660 365 738 431 Cum
754 366 800 431 bis
816 368 891 450 agit,
905 384 944 429 ue
959 365 1076 429 initium
1091 363 1243 429 inferendi

119 470 191 536 belli
211 468 248 532 ab
269 465 512 532 Massiliensibus
531 469 665 533 oriatur:
691 469 801 534 debere¹
821 490 874 533 eos
896 466 1001 532 ltaliae
1025 469 1115 532 totius
1138 478 1242 532 aucto·

119 573 238 637 ritatem
261 570 344 654 sequi
361 570 477 654 potius,
499 592 587 653 quam
603 572 690 635 unius
706 573 833 636 bominis
850 572 998 635 uoluntati
1020 571 1238 655 obtemperare.

69 675 108 742 ,2
121 674 266 758 Reliqua,
291 694 367 755 quae
389 674 427 736 ad
442 693 545 738 corum
561 675 711 738 sanandas
726 684 842 738 mentes
858 674 1010 758 pertinere
1025 672 1239 752 arbitrabatur,

85 778 344 843 drommemorat.
383 771 478 838 Cuius
500 777 666 840 omtiouenr
690 777 780 862 legati
803 778 920 841 dmnum
941 778 1078 840 referunt
1092 787 1183 859 atque
1198 796 1239 839 ex
1261 786 1276 837 s

121 878 302 945 auctoritate
325 878 399 941 hoec
415 873 539 941 Caesari
560 879 753 943 renuntiant:
778 875 959 962 intellegere
981 898 1015 941 se
1031 879 1157 942 diuisum
1173 897 1243 942 esse

122 982 260 1065 populum
270 977 438 1042 Romanum
453 980 567 1044 induas
577 991 689 1067 partes.
706 981 817 1063 Neque
831 981 876 1045 sui
893 981 994 1044 iudicii
1008 1000 1106 1063 noque
1118 999 1243 1043 suorum

85 1084 191 1150 besse
208 1084 317 1146 uirium
333 1083 509 1161 decernere,
528 1094 593 1146 utra
610 1103 678 1167 pars
693 1084 849 1148 iustiorem
866 1083 974 1147 babeat
989 1103 1120 1147 causam.
1151 1078 1242 1145 Prin·

122 1186 203 1271 cipes
227 1206 299 1249 uero
323 1206 390 1248 esse
412 1206 514 1250 aarum
537 1187 663 1271 partium
680 1181 739 1250 Cu.
756 1185 931 1269 Pompeium
955 1196 986 1248 et
1007 1183 1047 1249 C.
1065 1181 1241 1260 Caesarem,

122 1300 266 1373 patronos
290 1287 439 1367 ciuitatisp
464 1311 589 1371 quorum
612 1291 690 1353 oller
712 1310 802 1374 agros
818 1287 980 1353 Volcarum
997 1287 1244 1348 Arecomicorum
1268 1290 1300 1346 tt

123 1400 157 1455 et
169 1387 345 1453 Heluiorum
363 1391 477 1473 publice
492 1392 530 1454 iis
546 1392 743 1467 concesserit,
762 1391 841 1453 alter
854 1389 932 1452 bello
948 1388 1043 1450 uictos
1055 1384 1176 1471 Sallyas
1191 1387 1243 1450 ad·

88 1491 265 1555 btribuerit
287 1491 503 1572 uectigaliaquo
528 1493 660 1555 auxerit.
707 1487 811 1570 Quare
834 1490 952 1573 paribus
969 1511 1071 1553 eorum
1088 1488 1243 1552 beneficiis

123 1612 224 1677 parem
245 1611 279 1653 se
300 1610 417 1672 quoqne
440 1591 623 1655 uoluntatem
646 1592 779 1655 tribuam
801 1592 910 1654 debere
932 1601 963 1653 et
985 1602 1120 1656 neutrum
1137 1610 1242 1654 eorum

66 1692 113 1765 80
126 1704 234 1759 contra
248 1693 375 1757 alterurn
391 1694 496 1756 iuuare
511 1705 564 1757 aut
579 1692 653 1757 urba
667 1703 720 1756 aut
733 1694 866 1778 portibus
881 1694 1028 1778 recipere.
1076 1693 1157 1757 llaec
1172 1693 1242 1757 dum

124 1796 205 1859 inter
219 1815 272 1859 eos
287 1809 435 1878 aguntur,
459 1793 610 1862 Domitius
625 1799 751 1863 nauibus
765 1794 934 1863 Massiliam
949 1798 1086 1883 peruenit
1101 1809 1190 1881 atquc
1205 1797 1243 1859 ab
1270 1809 1304 1861 tt

124 1898 164 1963 iis
180 1910 316 1982 receptus
331 1898 397 1962 urbi
414 1900 603 1983 praeliciturs
622 1923 736 1967 somma
752 1905 780 1966 ei
795 1902 864 1967 belli
880 1902 1105 1967 administrandi
1121 1900 1243 1985 permit-

89 2000 208 2065 2titur.
243 1999 317 2065 Eius
339 2003 464 2088 imperio
486 2004 613 2069 classem
629 2027 747 2089 qnoque
771 2026 877 2070 uersus
894 2007 1064 2083 dimittunt3
1088 2002 1244 2067 onerarias

125 2124 239 2182 naues,
264 2126 337 2188 quas
353 2107 462 2191 ubique
476 2119 614 2192 possunt,
632 2109 857 2193 deprehendunt
871 2119 960 2192 atque
976 2108 1006 2172 in
1023 2118 1138 2192 portum
1155 2105 1244 2169 dedu-

90 2260 93 2267 .
126 2219 212 2284 cunt,
228 2229 333 2292 parum
348 2209 443 2274 clauis
458 2222 510 2274 aut
525 2211 649 2274 materia
664 2221 752 2294 atque
767 2213 959 2275 armamentis
975 2210 1128 2274 instructis
1143 2209 1181 2271 nd
1195 2227 1244 2271 re-

91 2306 223 2394 3liquas
238 2313 396 2376 amnaadas
411 2313 645 2395 reficiendasque
668 2325 806 2377 utuntur:
836 2314 977 2377 lrumerrti
999 2314 1077 2397 quod
1093 2313 1245 2374 inuentum
1266 2316 1303 2371 20

125 2425 174 2478 est
189 2415 220 2476 in
235 2414 384 2497 publicum
401 2417 573 2494 conferunt,
597 2415 727 2498 reliquas
754 2435 869 2479 merces
885 2425 1128 2498 commeatusque
1143 2413 1179 2476 ad
1192 2411 1244 2474 ob-

91 2514 272 2577 saisionem
288 2515 390 2592 urbis,
408 2517 434 2578 si
449 2517 583 2593 accidat,
611 2529 780 2581 reseruont.
827 2515 946 2599 Quibus
962 2518 1079 2581 iniuriis
1094 2524 1244 2598 permotus

126 2611 243 2681 Caesar
257 2614 392 2699 legiones
409 2626 473 2681 tres
489 2617 656 2681 Massiliam
672 2619 808 2698 adducit3
836 2631 935 2685 torres
958 2620 1120 2699 uineaeque
1142 2615 1176 2677 ad
1193 2634 1246 2697 op·

124 2717 341 2801 pugnationem
357 2719 439 2783 urbis
454 2740 557 2802 agere,
576 2742 670 2785 naues
685 2723 790 2805 longos
805 2722 930 2787 Arelate
945 2740 1068 2786 numero
1080 2728 1129 2781 xll
1146 2719 1245 2779 facere

92 2819 269 2886 binatituit.
302 2819 417 2902 Quibus
433 2823 547 2886 effectis
563 2824 745 2905 armatisque
760 2824 863 2887 diebus
878 2834 973 2901 xxx,
997 2843 1014 2886 a
1035 2842 1093 2904 qua
1115 2821 1163 2882 die
1185 2839 1247 2882 ma·
1268 2828 1304 2882 ts

128 2925 205 2989 teria
220 2943 309 2988 caesa
331 2935 398 3000 est,
420 2925 611 3009 adductisque
626 2924 793 2989 Massiliam
816 2928 863 2990 bis
886 2924 926 2989 ll.
943 2922 1068 2988 Brutum
1091 2920 1244 3006 praeficit,

66 3082 72 3091 .
128 3020 167 3089 C.
187 3024 373 3092 Trebonium
388 3027 516 3111 legatum
531 3029 569 3092 ad
584 3029 831 3112 oppugnationem
847 3027 1002 3092 Massiliae
1020 3023 1172 3107 relinquit.

238 3184 249 3235 l
264 3182 381 3235 Massilia
394 3187 503 3250 aliquot
514 3184 598 3248 deta,
614 3184 757 3237 Massiliam
770 3185 827 3247 ub,·
841 3182 1042 3235 Massiliensium
1056 3195 1084 3230 a.
1190 3195 1247 3229 cnm

128 3260 153 3311 ia
165 3276 192 3310 a.
314 3263 444 3315 inferendi
456 3280 509 3314 om.
525 3264 550 3313 b.
686 3263 855 3316 durationem
870 3260 950 3325 legati
963 3259 1065 3310 domum
1079 3259 1151 3307 ‘msa
1161 3257 1247 3322 pleri·

128 3338 449 3406 qm',lepartorortonen
463 3344 603 3393 Munna.
720 3342 921 3393 breountiatu.
1035 3339 1245 3388 cassiatam.

129 3422 155 3473 b.
266 3421 432 3474 turonorum
446 3439 499 3472 om.
514 3438 530 3472 a
545 3424 617 3472 ‘rara
632 3420 664 3474 7’.
788 3421 852 3471 duas
866 3424 954 3485 partes
967 3431 994 3479 a,
1009 3425 1096 3482 partes
1110 3417 1173 3465 duas
1186 3412 1245 3463 edd.

237 3498 254 3548 8
267 3497 408 3550 decernere
421 3501 443 3551 1.
457 3499 504 3550 Fr.
522 3499 682 3557 Gronour'us,
697 3498 845 3548 discernam
856 3494 932 3547 codd.
1096 3491 1209 3542 habebut
1220 3507 1246 3541 o.

236 3576 367 3627 dillarom
383 3577 407 3627 b.
516 3573 825 3639 lOVolqaromu‘mrs)
934 3570 1125 3624 lllleluioruru
1136 3568 1249 3632 Lipsius

129 3653 280 3723 (lleluorum
293 3654 324 3705 P.
339 3653 491 3718 Marruta'ua)
500 3672 509 3715 ,-
529 3653 651 3704 lluiorurn
666 3670 700 3716 a,
722 3653 855 3703 lliluorum
869 3653 900 3716 b,
922 3651 1033 3703 lluoruro
1055 3648 1148 3698 ‘tidem
1160 3648 1246 3710 anrr.',

130 3731 334 3802 qrta'Volparum,
350 3732 509 3798 ‘atplures'.
616 3730 752 3797 publicola
765 3746 792 3780 o.
898 3730 983 3780 uictos
996 3725 1100 3792 Sallyas
1116 3722 1249 3774 Gloador·

125 3815 206 3877 ptum
220 3812 306 3864 uictas
320 3809 419 3862 Gallias
432 3809 508 3860 codd.
519 3846 527 3873 ,
540 3809 589 3859 aad
601 3808 702 3860 Galliac
714 3826 747 3874 a,
762 3808 848 3860 Gallia
863 3810 888 3860 b.
902 3809 933 3860 P.
949 3806 997 3860 136
1010 3810 1082 3855 sarr.
1205 3802 1250 3852 od-

129 3886 252 3938 trlbuarit
264 3904 290 3938 a.
407 3889 438 3939 ll
450 3895 497 3938 out
509 3888 625 3954 portibus
639 3890 720 3938 ‘mss
736 3889 815 3952 longa
823 3888 945 3953 plurima·
952 3922 959 3949 ‚
972 3898 1025 3935 non
1035 3900 1086 3950 per
1097 3879 1133 3945 u'3
1147 3898 1179 3933 aa
1193 3897 1250 3948 por-

130 3965 198 4016 tlcoa
211 3980 243 4026 a,
258 3972 391 4031 autperto
405 3965 430 4012 b.
548 3966 579 4017 lb
593 3967 624 4017 ab
638 3966 678 4017 bis
692 3980 718 4016 a.
843 3966 873 4016 lu
887 3964 955 4015 bella
969 3961 1174 4013 administrando
1187 3965 1251 4009 ante

130 4059 200 4098 corr.
215 4060 241 4096 a.
349 4044 380 4097 1⁷
393 4044 505 4096 classem
518 4046 624 4111 imperio
636 4062 664 4097 o.
781 4062 881 4113 qnoque
895 4060 989 4096 ueram
1004 4044 1029 4108 b,
1044 4058 1144 4109 quoquo
1156 4055 1250 4090 uersus

128 4124 169 4190 (a)
181 4122 242 4174 add.
257 4122 288 4173 P.
302 4122 345 4175 ta.
455 4123 485 4175 18
498 4123 541 4173 ubi
555 4131 663 4189 possunt
674 4139 701 4174 a.
809 4124 840 4175 lt
853 4124 1098 4184 instructarum.
1115 4119 1139 4167 b.

130 4202 165 4254 22
177 4200 249 4251 urbis
262 4198 382 4249 accidant
394 4214 410 4249 a
423 4200 447 4250 b.
551 4199 701 4267 reserarat]
716 4200 868 4252 referuntur
881 4200 905 4250 b.
1011 4194 1213 4249 susurratore.
1222 4209 1250 4244 a.

238 4277 271 4329 25
284 4276 376 4326 diebus
400 4275 463 4342 axx]
476 4289 571 4325 xxxma
584 4275 625 4326 die
640 4276 664 4326 b.
