2692 4688
506 204 828 271 -ibi—

98 378 185 441 eninr
206 396 249 439 ex
269 374 385 441 Marsis
406 374 600 460 Pelignisque
621 378 795 454 ueniebant,
818 381 921 463 utqui
942 383 1097 464 superiore
1113 388 1225 451 uooto'.

97 479 231 563 Reliqua
245 481 283 544 ad
296 480 390 544 ubam.
399 481 578 545 sententiarn
593 481 746 564 pertinere
761 493 895 567 apertura
909 494 968 547 est.
999 482 1056 548 iiie
1074 485 1167 559 ,tante
1181 484 1228 550 in'·

99 583 257 666 teiiegitur
282 592 423 665 quattuor
449 603 559 648 causas
582 585 699 649 timoris
721 587 752 649 iu
775 582 885 650 eastris
907 580 1049 651 Curionis
1069 588 1129 650 orti
1149 586 1226 652 'ono-

98 687 224 751 mereris
244 682 357 749 ‘Ciuile
370 685 492 763 bellumq
508 706 604 770 genus
619 688 782 766 bominum
806 688 941 773 legiones
955 709 1021 767 eae,
1047 708 1122 771 quse
1135 692 1225 773 paulo

97 800 173 853 ante
192 789 269 871 apud
293 788 486 853 ademi-ios
500 791 640 867 ruerant3
665 790 825 875 municipia
840 791 930 856 etiam
947 791 1076 855 diuersis
1089 793 1224 876 partibus

96 890 282 956 eouinnote'.
306 889 391 955 blase
406 891 531 956 uerbum
547 892 737 970 desiderant,
761 893 838 975 quoti
853 914 920 956 eum
935 892 1003 957 aliis
1018 894 1051 957 in
1065 894 1224 961 flno'exei·

95 993 154 1073 tiit,
172 995 256 1059 uelut
272 992 449 1057 ‘terrebant’
465 1006 519 1059 aut
534 996 623 1060 ‘satis
637 1016 764 1080 magnae
779 996 895 1061 timoris
909 996 1223 1062 causae-uidebantur

96 1096 293 1175 estsimilis,
314 1096 414 1179 qualia
430 1099 521 1162 multe
535 1097 567 1161 in
582 1111 711 1162 mentem
728 1098 863 1163 uenient.
887 1095 940 1161 Ex
955 1099 1015 1162 illis
1031 1099 1224 1183 igiturque

98 1211 168 1263 tuor
189 1199 290 1263 oensis
309 1200 423 1283 primae
438 1200 511 1263 nihil
526 1201 672 1264 adiectum
690 1212 753 1279 est3
770 1201 857 1264 alteri
874 1222 949 1283 quae
965 1201 1221 1282 subiunotesunt,
1294 1209 1300 1219 “

96 1302 140 1367 ita
154 1313 227 1367 anet
248 1301 440 1384 refingendaa
460 1310 573 1387 ‘genus
588 1303 760 1381 bominum,
783 1304 832 1367 oni
847 1304 954 1368 liceret
967 1304 1062 1368 libere
1079 1306 1177 1369 faeere
1193 1315 1224 1368 et

96 1405 195 1489 sequi,
210 1404 291 1488 quod
305 1403 418 1469 uetat
447 1404 573 1470 Tertiae
586 1427 697 1471 causae
714 1406 860 1492 ‘legiones
875 1426 942 1483 ese,
958 1427 1034 1490 quae
1048 1406 1137 1491 psuto
1151 1416 1223 1472 auto

97 1509 177 1594 apud
190 1507 383 1572 aduersarios
398 1507 526 1573 fuerant’
542 1510 681 1593 proxima
695 1507 787 1572 uerba
810 1529 865 1591 per
884 1508 1078 1592 parenthesin
1098 1508 1221 1593 adiungi

97 1621 239 1697 appareti
264 1617 354 1673 ‘nan
369 1611 458 1676 etism
474 1607 618 1676 Generis
635 1611 812 1679 beneiiniuna
835 1621 1003 1677 mutauerat
1019 1611 1220 1690 spumando,

98 1736 158 1799 qn
171 1709 377 1791 oremntur’.
389 1710 488 1778 'flseo
502 1713 553 1791 iis,
568 1716 838 1797 quse-sequuntur,
854 1713 996 1797 oouiungi
1011 1734 1071 1777 nou
1080 1716 1222 1798 possunt.

96 1813 205 1901 {tow
219 1815 323 1880 exitus
337 1816 506 1880 wntoutiae
520 1812 623 1900 periit.
647 1813 777 1880 Videtur
791 1816 956 1880 autemnon
966 1811 1220 1894 caesennae,

96 1919 171 1983 iieet
181 1919 253 1983 iiiso
265 1917 402 2002 legiones
416 1914 577 1983 assoesare
589 1917 765 1982 beneficium
778 1919 979 2002 seoopissest‚
994 1918 1136 2001 quodeos
1149 1939 1222 1983 onn-

96 2028 268 2099 serussset,
287 2031 385 2085 tanen
403 2020 459 2083 boo
474 2021 687 2085 oomnemtine
703 2020 771 2083 beiti
787 2021 884 2083 ciuilis
899 2032 1043 2084 mutatum
1058 2040 1140 2100 esse,
1163 2043 1221 2104 qus

95 2123 156 2200 iis,
181 2122 545 2205 quistaimaanpartem
567 2123 748 2198 transirent,
771 2122 853 2185 uitro
874 2123 1005 2205 praemia
1025 2124 1218 2188 offerrentur.

96 2223 275 2309 Sequuntur
287 2225 390 2303 uerbo,
406 2225 516 2307 quibus
531 2236 638 2308 quarta
652 2244 754 2301 osnes,
773 2234 806 2288 nt
821 2223 895 2300 dixi,
912 2224 1094 2302 declaratur,
1113 2225 1221 2289 ‘muni-

96 2328 174 2412 eipia
187 2327 279 2394 etism
293 2326 422 2393 onmis
437 2329 570 2411 portibu's
586 2326 768 2393 oonianota'.
799 2323 868 2389 floo
884 2325 953 2389 dicit
968 2323 1102 2405 Caesar,
1125 2327 1223 2390 mnni-

95 2432 189 2516 ἀμία,
214 2451 257 2495 ox
278 2430 385 2513 quibus
405 2430 514 2495 milites
530 2428 709 2496 Curioniani
725 2441 811 2493 erant
827 2429 1001 2514 eonaoripfi,
1017 2427 1162 2515 Pompeio
1178 2431 1222 2495 tan

96 2540 180 2599 sere.
205 2531 267 2596 iiio
280 2543 366 2597 recte
377 2530 514 2617 Saetiger
528 2533 626 2617 posuit
642 2533 793 2599 ‘aduenis
806 2531 961 2614 partibus'.
986 2528 1222 2599 Caesarinnin

95 2640 198 2715 aetate¹
208 2635 332 2699 diuersa
346 2635 522 2699 dioebsntnr
534 2635 566 2698 in
580 2636 861 2719 contrariaspurtes
872 2635 1066 2713 discedentia,
1084 2636 1222 2721 opposita

95 2738 175 2803 ister
187 2754 225 2802 ae
237 2737 383 2801 aduersa.
406 2736 506 2820 Atque
519 2758 561 2801 ex
575 2737 756 2823 iilogeuere
771 2737 871 2813 onmis
885 2750 968 2816 sunt,
984 2735 1166 2820 quaelirits.
1182 2739 1223 2801 aa

96 2836 170 2905 tait.
197 2836 270 2907 cn:
294 2861 324 2922 p.
346 2836 391 2903 3⁰
410 2860 453 2904 ex
471 2840 689 2922 antiquioribus
701 2840 873 2924 .asesipsit.'
893 2837 975 2904 Nam
989 2838 1066 2923 apud
1082 2835 1148 2902 Cio.
1167 2860 1222 2923 pro

98 2938 185 3007 Cael.
199 2941 242 3019 5,
268 2939 310 3005 12
332 2949 448 3024 ‘noqm
468 2962 526 3024 ego
546 2963 684 3027 unquam
708 2942 801 3006 tunso
824 2941 883 3006 tale
899 2951 1065 3005 monstrum
1080 2942 1112 3004 in
1128 2941 1222 3006 terris

98 3046 187 3110 uiinns
205 3048 289 3128 poto,
304 3054 367 3108 tans
381 3063 424 3108 ex
438 3046 600 3109 contrariis
607 3045 794 3128 diuersisqus
810 3045 891 3108 inter
904 3064 938 3106 se
953 3043 1152 3127 pugnantibus
1166 3046 1220 3108 nsss

99 3157 182 3231 tuae
195 3146 305 3213 stadiis
320 3146 592 3230 cupiditatibusque
608 3146 789 3221 confluunt,
813 3145 873 3207 uisi
884 3145 953 3228 quis
968 3145 1059 3209 uerba
1078 3145 1175 3223 ‘inter
1185 3166 1221 3211 so

98 3248 310 3335 pugnantibns'
338 3249 440 3314 dolero
468 3250 567 3326 malit,
600 3248 750 3313 Lambino
766 3246 994 3311 'assentientium
1016 3258 1062 3312 est
1090 3248 1223 3313 anteat

100 3355 208 3435 ‘sique'
223 3351 389 3416 inserenti..
405 3350 490 3417 'Pam
500 3353 600 3417 studia
616 3351 741 3437 primunr
757 3349 897 3412 dicuntur
910 3348 942 3412 in
957 3348 1076 3414 diuersa
1095 3351 1221 3417 tenden-

98 3452 149 3530 tis,
164 3454 263 3536 iisqne
270 3454 615 3540 grauiussnperudditnr
631 3455 725 3517 ‘inter
735 3449 960 3535 repugnantia’.
985 3447 1221 3536 Sedapudssae·

98 3556 356 3639 mseqnontia
370 3559 565 3641 ‘nequeenim
575 3554 1116 3638 exbtsrsisPetignisquoueniebant‚
1131 3556 1220 3639 'utqui

98 3658 254 3742 superiora
274 3659 378 3723 noete’
408 3680 463 3743 per
491 3658 685 3743 parenthesin
712 3659 829 3722 adiecta
850 3657 973 3720 inerunt
993 3657 1096 3723 eodem
1119 3660 1224 3735 nodo,

97 3771 183 3845 atque
198 3761 287 3846 paulo
303 3763 378 3825 ante‘
387 3763 497 3826 tama
512 3762 611 3827 doeni.
647 3758 758 3844 Neque
773 3759 902 3824 dubitari
916 3770 1035 3844 potest,
1061 3760 1131 3843 quin
1146 3760 1223 3824 bn'so

95 3865 261 3928 te'iuobus
281 3862 583 3931 iliisoeutnrioibus'
599 3865 765 3937 dictasint,
790 3884 864 3948 qnos
875 3863 1032 3946 superiore
1050 3863 1222 3929 noete'ounr

96 3968 336 4054 manipularibus·
345 3968 547 4053 transfugisse
563 3989 590 4032 o.
607 3966 650 4032 27
665 3967 790 4031 relatum
803 3975 862 4029 eat.
894 3963 1024 4048 ‘Neque'
1039 3976 1137 4029 autem
1149 3966 1224 4031 iosr'i

97 4092 155 4136 son
170 4092 263 4157 posse
279 4071 328 4135 uei
342 4071 414 4135 inte
428 4072 565 4154 apparet,
590 4070 667 4154 qnod
684 4066 828 4134 Curionis
844 4068 977 4152 legiones
993 4088 1033 4131 ex
1048 4068 1122 4152 ipsis
1137 4066 1224 4130 Mar-¹

96 4174 137 4237 sis
151 4173 348 4259 Pelignisqua
363 4193 382 4237 a
397 4170 437 4237 L.
454 4170 591 4239 Domitio
604 4174 791 4253 oonswiptee
806 4180 904 4249 erunt,
929 4171 959 4234 id
980 4172 1058 4254 quod
1073 4168 1100 4244 Ι,
1125 4166 1178 4244 15,
1200 4166 1223 4229 7

95 4287 252 4343 narratum
267 4286 326 4343 est.
349 4272 430 4341 Mihi
444 4285 560 4341 eertum
574 4275 694 4342 uitetur
709 4274 825 4357 ‘aequo'
840 4273 982 4359 seriptum
1000 4272 1093 4337 fuisse
1105 4268 1223 4335 etbsoe
