2684 4694
59 189 125 257 ⁶84
491 192 549 260 DE
571 191 716 262 RELLO
738 190 888 262 ctvtm·

117 362 235 445 pressi,
262 364 432 447 primaeque
449 376 563 430 turmae
578 367 702 431 iusidias
717 367 932 444 intrauissent,
957 386 998 430 ex
1013 367 1132 432 fremitu
1147 388 1243 453 equo·

84 466 90 521 ζ
118 484 184 527 rum
208 464 300 529 inlata
323 467 495 549 suspicione
510 468 548 532 ud
561 489 634 532 auos
649 489 683 532 se
699 470 834 553 recipere
849 477 1031 553 coeperunt,
1054 469 1164 553 quique
1184 473 1241 536 bos

82 563 104 627 4
119 565 322 647 sequebantur
343 569 471 634 cederem
495 590 599 633 eorum
616 581 768 655 receptum
783 572 950 656 conspicati
966 571 1153 636 restiterunt.
1170 571 1241 637 No·

117 667 174 730 stri
197 671 326 750 cognitis
343 672 503 756 [bostium]
525 673 660 751 insidiis,
689 694 727 737 ne
749 677 858 737 frustra
880 674 1011 756 reliquos
1027 685 1239 758 expectarent,

117 769 192 832 duas
207 770 286 833 nacti
303 782 414 835 turmas
430 787 613 858 exceperunt
636 776 743 854 (iubis
760 776 815 839 fuit
829 772 875 838 bf.
893 771 1052 858 Opimius,
1068 779 1239 860 praefectus
1260 788 1277 840 t

118 871 288 953 equitum),
312 874 445 956 reliquos
468 897 572 940 omncs
587 897 689 941 carum
705 888 870 942 turmarum
885 888 939 942 aut
952 876 1169 944 interfecerunt
1185 889 1241 943 eut

118 976 220 1051 captos
234 969 272 1031 ad
288 966 449 1032 Domitium
466 973 667 1036 deduxerunt.

61 1060 107 1132 89
208 1061 352 1127 Deductis
368 1085 440 1128 orae
465 1067 630 1130 maritimae
644 1066 801 1149 praesidiis
817 1062 946 1146 Caesar,
962 1078 1100 1153 utsupra
1114 1067 1240 1131 demon·

118 1173 245 1229 stratum
262 1176 327 1243 cst,
350 1176 385 1228 111
401 1168 540 1231 cobortes
557 1164 641 1232 0rici
656 1168 755 1252 oppidi
771 1169 875 1233 tueudi
889 1191 981 1234 musa
993 1170 1116 1253 reliquit
1130 1170 1242 1234 isdem·

118 1289 174 1351 que
182 1268 347 1333 custodiam
357 1268 478 1332 nauium
494 1270 648 1354 longarum
666 1271 798 1347 tradidit,
814 1291 889 1352 quas
898 1294 936 1336 ex
946 1270 1034 1336 Itafia
1050 1272 1239 1335 traduxerat.
1266 1281 1298 1335 tt

83 1368 199 1436 tunic
214 1372 308 1435 officio
324 1372 489 1456 oppidoque
503 1370 626 1437 Meuius
641 1372 759 1437 Acilius
774 1372 893 1458 legatus
908 1384 1056 1458 praeerat.
1096 1371 1128 1436 fs
1142 1392 1240 1435 naues

119 1485 239 1537 nostras
254 1474 427 1538 interiorem
450 1477 480 1538 in
504 1486 620 1558 portum
642 1486 710 1559 post
730 1477 868 1560 oppidum
892 1475 1013 1540 reduxit
1026 1486 1058 1538 et
1071 1475 1109 1537 ud
1125 1485 1240 1537 terram

118 1574 259 1656 defiguuit
276 1576 468 1659 faucibusque
483 1588 588 1661 portus
610 1595 717 1640 nauem
740 1579 910 1642 onerariam
923 1576 1107 1641 submersam
1123 1574 1239 1638 obiecit

118 1685 152 1741 et
166 1675 233 1740 buic
248 1677 372 1743 alteram
397 1679 574 1757 coniunxit3
596 1699 687 1763 super
707 1702 783 1763 quas
805 1682 907 1744 tuumm
929 1679 1063 1742 effectam
1085 1676 1238 1758 adipsum

117 1776 272 1843 introitum
295 1791 401 1864 portus
422 1782 560 1865 opposuit
581 1791 613 1844 et
634 1782 777 1846 militibus
799 1781 956 1867 compleuit
977 1779 1175 1860 tuendamque
1197 1778 1239 1842 ad
1265 1789 1298 1842 ts

62 1878 109 1951 ft
121 1902 224 1946 omnes
240 1884 412 1966 repentinos
428 1904 515 1949 casus
532 1885 664 1948 tradidit.
696 1881 812 1966 Quibus
827 1884 955 1969 cognitis
971 1882 1060 1946 rebus
1067 1877 1128 1944 Ca.
1144 1877 1238 1943 Pom-

119 1983 202 2067 peius
218 1984 314 2060 filius,
339 1986 387 2067 qui
404 1987 495 2052 classi
509 1986 679 2072 Aegyptiae
693 1999 852 2070 praeerat,
876 1988 912 2051 ad
928 1983 1054 2051 Oricum
1068 1981 1154 2047 uenit
1167 1982 1239 2045 sub·

118 2105 306 2171 uersumque
328 2089 428 2153 neuim
450 2090 581 2154 remulco
602 2090 762 2173 multisque
778 2090 963 2155 contendens
979 2086 1098 2150 funibus
1113 2084 1239 2147 adduxit

81 2186 208 2273 datque
222 2191 347 2257 alteram
369 2212 497 2272 nauem,
521 2214 597 2275 quse
618 2203 685 2256 erat
704 2193 741 2257 ad
765 2193 930 2257 eustodiam
952 2189 989 2253 ab
1005 2188 1104 2253 Acilio
1124 2185 1235 2271 positu,

118 2292 251 2377 pluribus
266 2295 426 2379 adgressus
442 2296 579 2375 nauibus,
596 2296 748 2379 inquibus
764 2296 800 2358 ad
816 2294 921 2358 fibram
938 2294 1051 2356 fecerat
1066 2302 1184 2366 burres,
1201 2296 1236 2350 ut
1256 2297 1292 2352 td

117 2414 159 2458 cx
173 2397 329 2480 superiore
346 2419 481 2482 pugnans
497 2398 563 2461 foco
579 2400 773 2482 integrosque
789 2417 908 2482 semper
921 2390 1236 2478 defugitatissummit·

81 2494 85 2503 ’
117 2507 185 2560 tens
201 2509 233 2561 et
245 2498 368 2580 reliquis
383 2500 516 2582 partibus
532 2500 620 2563 simul
634 2521 676 2564 eu
692 2511 772 2564 terra
787 2500 877 2564 scalis
893 2511 924 2563 et
938 2497 1036 2562 classe
1051 2494 1168 2558 moenia
1184 2513 1236 2575 op·

117 2597 176 2681 pidi
193 2609 353 2683 temptans,
370 2602 412 2664 uti
428 2603 670 2667 aduersariorum
686 2623 790 2666 nunus
806 2603 979 2677 diduceret,
996 2598 1100 2661 labore
1116 2606 1148 2659 et
1160 2592 1236 2658 muf-

81 2698 101 2764 3
117 2701 243 2766 titudine
259 2703 385 2767 telorum
399 2715 520 2769 nostros
537 2705 608 2768 uicit
623 2705 806 2789 deiectisque
821 2701 1043 2778 defensoribus,
1065 2698 1114 2782 qui
1130 2716 1235 2761 omnes

80 2800 103 2866 4
116 2805 236 2889 scaphis
251 2807 369 2891 excepti
384 2810 570 2890 refugerant,
588 2828 653 2870 eam
669 2827 775 2871 nouem
791 2805 980 2890 expugnauit
989 2803 1237 2883 eodemquetem·
1259 2807 1295 2863 25

117 2928 189 2991 pore
211 2930 252 2972 ex
274 2912 369 2974 alters
394 2920 478 2994 parte
493 2912 516 2992 †
530 2909 638 2972 molem
660 2910 756 2973 tenuit
779 2907 948 2971 naturalem
968 2905 1132 2977 obiectam,
1156 2918 1235 2980 quae

78 3053 82 3060 -
117 3026 211 3089 pueue
234 3007 359 3070 insulam
380 3006 516 3090 oppidum
540 3006 713 3083 effeceran-
727 3015 775 3067 tttl
796 3003 926 3066 biremes
956 2997 1099 3064 subiectis
1120 2992 1236 3058 suculis

225 3110 237 3167 1
254 3112 345 3161 turbae
357 3112 430 3162 odo.
535 3109 646 3161 dietata
659 3125 686 3158 ιι.
800 3107 949 3175 suspicione
963 3106 988 3155 in
1003 3116 1064 3162 suos
1077 3099 1193 3164 recipere
1209 3096 1236 3147 b.

223 3184 389 3250 dracopturu]
399 3182 636 3251 conspectumodd.
649 3184 673 3233 b.
764 3182 901 3233 fbostium
911 3174 1160 3245 btcponuntcodd„
1171 3177 1237 3223 unte

113 3267 211 3311 turmas
231 3261 270 3322 (5)
292 3261 380 3309 Aldus
398 3265 428 3310 et
444 3265 602 3326 sequentes.-
623 3258 768 3309 delendum
788 3261 944 3324 suspicatus
964 3261 1006 3305 est
1020 3252 1236 3315 Oudendorpfus.

116 3338 148 3402 P.
164 3336 229 3400 1703
244 3336 376 3401 ubisotsu
389 3335 587 3386 deVoscosono
601 3333 715 3384 arcardi.
843 3337 1048 3399 expectarentu.
1153 3328 1239 3392 fper·

116 3404 247 3469 duxeruut
260 3428 296 3468 ear
309 3428 360 3463 uuo
374 3413 429 3464 det.
444 3431 471 3465 u.
576 3414 732 3479 §isdemque
741 3428 767 3476 u,
782 3414 926 3478 iisdemque
939 3426 957 3460 u
970 3415 998 3459 et
1008 3410 1058 3458 ‘sic
1071 3422 1235 3458 omnesmss.

116 3494 162 3544 usi
173 3492 325 3557 isdemque'.
431 3493 462 3545 1⁰
477 3494 661 3554 transduxerat
674 3482 725 3556 (ir).
849 3490 878 3542 ff
892 3488 994 3541 bfauius
1008 3487 1108 3538 Acilius
1121 3484 1239 3535 Aetam-

116 3575 203 3631 trtus‚·
223 3568 381 3639 Caninioque
396 3586 428 3633 o,
450 3569 582 3622 Cassianus
596 3571 611 3620 b
624 3570 727 3636 (errore
745 3569 821 3634 opud
834 3569 901 3620 unu.
925 3567 1000 3619 Les‘d.
1015 3582 1068 3616 sec.
1088 3559 1235 3629 ponitur),

115 3649 240 3700 Caninius
254 3648 452 3711 deff.,·Aciiius
464 3650 587 3700 Fud‘ruus
601 3663 628 3698 ιι.
732 3646 922 3699 ftnostriab.
1039 3646 1139 3707 portum
1155 3638 1237 3686 cicc-

114 3732 217 3792 conu'us,
233 3735 332 3803 purtem
345 3728 422 3778 codd.
563 3727 594 3778 ff
608 3741 671 3792 quus
685 3740 702 3792 ιι
715 3726 809 3788 ‘mss.',
826 3740 875 3791 qua
888 3726 918 3776 Ρ.
932 3722 1071 3776 Manutius
1083 3732 1110 3766 ιι.
1126 3715 1156 3765 Ρ.
1172 3715 1234 3804 ¹⁴.⁸‘

222 3805 341 3871 ipsiusb.
467 3802 688 3870 ffAcpiptisco.
812 3801 989 3853 fdnauema.
1103 3793 1237 3858 ttposms

115 3885 166 3932 fat.
181 3899 253 3936 uera.
269 3885 293 3933 b.
397 3884 430 3935 20
443 3882 583 3947 adgressus
595 3899 622 3935 o.
728 3881 758 3932 tt
774 3896 806 3930 ex
821 3881 883 3930 ‘ona
900 3879 957 3928 bin
971 3871 1068 3927 testo’.
1192 3885 1237 3920 su-

115 3958 216 4024 periore
230 3946 410 4027 ffrayssr'gmm,
426 3958 553 4025 superiori
567 3959 603 4021 (a)
617 3964 722 4008 ceterae
735 3956 795 4007 cdd.
938 3950 1101 4005 summittens
1113 3946 1163 4010 (a),
1178 3960 1236 3996 non

114 4037 197 4088 subm.
301 4038 335 4089 tt
343 4037 503 4102 deiectisque
514 4037 599 4087 Aldus
613 4039 640 4086 ia
654 4038 766 4100 corrig„
782 4032 945 4099 defectisque
954 4029 1032 4082 codd.
1137 4025 1235 4075 2501111

112 4126 130 4159 e
139 4113 184 4175 be,
200 4113 277 4164 etiam
290 4129 318 4163 u.
434 4114 468 4163 fd
481 4110 499 4177 †
513 4112 603 4163 molem
617 4116 682 4163 cett.
695 4110 727 4161 P.
743 4109 802 4161 170.
929 4109 1110 4170 obiectumque
1124 4114 1206 4165 paese
1219 4116 1238 4150 a

112 4187 335 4255 (ispaoctbnsa‘
438 4185 472 4238 27
483 4189 602 4255 oppidum
615 4189 685 4253 abc,
699 4192 790 4237 contre
804 4186 924 4252 oppidum
936 4199 964 4234 u.
1075 4178 1239 4230 sucufisCs'-

113 4272 249 4328 accontus,
264 4264 374 4317 scutulis
388 4265 465 4315 codd.
