2692 4688
508 175 810 242 ..ee-

95 349 203 435 polatis
217 346 336 413 accidit.
358 345 404 413 lbi
420 348 544 413 enimin
561 349 606 412 bis
622 348 742 412 nerbisa
768 356 854 410 ‘naut
870 350 967 411 omnis
983 348 1089 414 ciuitas
1104 348 1219 415 llelne-

94 452 136 517 ιιι
150 452 182 515 in
199 459 339 533 quattuor
354 471 446 535 pagos
462 452 557 515 diuisa
583 449 639 515 est'
666 451 698 514 in
715 448 784 515 Par.
808 471 869 514 sec.
881 463 912 516 et
926 450 1015 516 Leid.
1026 473 1072 535 pr.
1083 460 1222 537 est‘par-

93 562 140 618 les
155 552 205 617 uel
220 552 341 636 pugos',
358 553 389 617 in
404 551 498 617 Voss.
509 574 569 637 pr.,
586 555 639 618 sed
655 555 721 618 sine
737 554 825 618 dnbio
840 575 858 616 a
873 554 1004 618 secunda
1018 576 1120 632 mann,
1139 562 1222 639 ‘pan-

96 653 156 719 tes’
171 674 225 739 pro
242 653 351 739 ‘pegis'
367 655 482 738 positae
497 668 579 720 sunt.

180 753 290 831 (1.13,
313 753 336 821 9
358 758 477 822 restitui
500 761 684 844 integrorum
708 756 791 819 codd.
817 758 997 841 scripturam
1021 757 1098 822 ‘llis
1121 769 1221 822 antetn

94 859 232 925 omnibus
260 857 414 922 druidibus
443 871 562 944 praeest
584 880 682 937 unns,
714 859 764 941 qni
786 880 930 923 summam
952 861 1033 924 inter
1054 882 1106 925 eos
1132 861 1222 926 babet

92 961 314 1026 anctoritatem.
331 958 400 1024 Hoc
415 973 532 1027 mortuo
546 974 611 1041 aut,
628 963 654 1026 si
670 961 719 1044 qui
734 982 776 1025 ex
790 962 914 1045 reliquis
930 963 1219 1046 eaeellitdignitatc,

92 1063 242 1141 succedit,
267 1074 338 1141 aut,
362 1065 388 1127 si
409 1075 481 1128 sunt
496 1064 595 1149 plures
611 1084 717 1149 pares,
740 1064 885 1149 suffragio
900 1065 1055 1144 druidum,
1072 1087 1220 1129 nonnum·

91 1186 179 1248 qnam
195 1165 285 1230 etiem
301 1167 392 1230 armis
409 1167 445 1231 de
461 1167 628 1251 principatu
643 1165 847 1230 contendunt’.
887 1163 973 1249 Quae
996 1168 1086 1232 uerba
1102 1190 1119 1232 a
1136 1168 1219 1233 nullo

92 1266 248 1331 intellecta
264 1286 332 1331 esee
348 1270 453 1333 miror.
477 1267 556 1332 Nam
573 1269 623 1352 qni
639 1267 791 1332 declarare
807 1268 978 1345 noluerunt,
996 1270 1032 1333 ad
1042 1271 1133 1335 uerba
1144 1273 1218 1336 ‘suf-

93 1370 191 1452 fragio
207 1370 352 1432 druidum'
368 1372 499 1456 suppleri
516 1370 620 1435 iubent
643 1369 827 1433 ‘succedunt'
852 1389 948 1452 neque
962 1370 1217 1447 animaduertnnt,

91 1490 179 1552 quern
194 1469 295 1551 inepte
317 1469 418 1552 plnres
439 1472 601 1535 succedere
615 1471 806 1542 dicerentur,
825 1492 890 1533 cnm
906 1490 998 1533 unum
1013 1491 1153 1555 praeesse
1168 1494 1218 1537 re-
1235 1502 1242 1515 ·

89 1571 183 1637 latum
198 1581 292 1635 esset.
317 1568 369 1634 Ex
384 1572 448 1656 ipsa
463 1572 610 1636 orationis
626 1571 863 1635 conformatione
875 1583 999 1655 apparet.
1009 1575 1217 1639 ‘contendunt‘

89 1672 323 1758 intellegendum
339 1693 420 1737 esse.
459 1670 612 1759 suffragio
635 1674 713 1738 eninr
738 1673 872 1736 druidum
896 1676 999 1738 eodem
1022 1676 1109 1740 modo
1125 1686 1217 1760 atque

90 1777 184 1841 ermis
206 1775 444 1856 contendebant,
470 1787 503 1840 ut
525 1775 571 1854 is,
597 1776 646 1859 qui
661 1775 873 1860 suffragiorum
889 1797 1014 1841 numero
1029 1790 1217 1863 superasset,

90 1879 313 1964 praeficeretur.
353 1874 413 1960 Qui
441 1879 572 1943 codicem
594 1878 841 1962 interpolatorum
865 1879 1026 1963 principem
1047 1882 1217 1960 recensuit,

90 2001 152 2046 non
167 1980 263 2065 magis
278 1979 352 2043 baec
367 1991 575 2063 perspexerat.
614 1977 719 2064 ltaque
733 1991 766 2043 et
780 1981 894 2065 reliqna
909 1984 1028 2065 paulum
1049 1982 1216 2048 inmutauit

91 2093 124 2148 et
137 2090 206 2167 post
221 2081 314 2147 uerba
329 2081 642 2167 ‘suffragiodrnidum'
658 2084 768 2148 adiecit
784 2084 967 2169 ‘adlegitur'.
983 2082 1120 2149 Debebnt
1134 2096 1218 2150 certe

92 2183 267 2269 ‘deligitur'‚
284 2193 318 2247 nt
333 2194 364 2246 ot
379 2181 609 2270 Oudendorpins
625 2187 749 2261 monuit,
766 2195 795 2248 et
811 2186 838 2249 is
850 2186 1010 2265 intellexit,
1035 2187 1129 2269 quiid
1145 2208 1215 2253 ner·

86 2285 157 2352 bum
172 2287 203 2351 in
219 2284 315 2371 Rong.
336 2306 381 2370 pr.
398 2287 622 2371 suprascripsit.

176 2385 214 2453 C.
232 2386 285 2464 26,
306 2386 320 2450 l
340 2386 385 2450 sic
401 2387 563 2453 edebatur:
590 2387 661 2453 ‘Est
676 2391 729 2454 bos
746 2389 826 2453 cerui
844 2390 956 2474 figura,
982 2391 1069 2456 cuins
1084 2412 1102 2456 ι
1117 2393 1213 2458 media

88 2497 189 2559 fronte
203 2490 284 2553 inter
298 2509 388 2552 aures
404 2511 493 2554 unum
508 2512 602 2555 cornu
618 2492 723 2556 existit
737 2493 888 2556 excelsius
904 2492 1058 2577 magisque
1067 2494 1214 2558 directum

87 2596 138 2672 iia,
156 2612 231 2676 qnae
248 2589 334 2654 nobis
350 2602 420 2655 nota
437 2602 518 2669 sunt,
543 2594 697 2658 cornibus.
732 2593 780 2657 Ab
796 2594 861 2658 eius
876 2616 993 2658 summo
1006 2596 1085 2659 sicut
1100 2596 1215 2678 palmae

88 2696 164 2762 remi
179 2717 267 2778 quam
283 2696 345 2758 late
359 2693 582 2760 diffunduntur'.
605 2695 648 2760 Et
671 2697 758 2759 ‘remi
774 2718 861 2779 quarn
876 2697 946 2762 late’
969 2718 1010 2761 ex
1024 2697 1215 2782 interpolatis

88 2799 174 2863 oodd.
200 2795 412 2883 Oudendorpio
435 2799 623 2863 scribendum
646 2797 744 2861 nisum
768 2810 826 2862 est.
875 2795 980 2863 Secuti
1000 2810 1070 2863 suut
1091 2799 1212 2883 reliqui,

89 2901 224 2986 quamuis
248 2922 355 2980 nemo,
380 2923 456 2984 quae
479 2902 630 2964 diceretur
645 2900 750 2983 palma,
775 2900 963 2964 intellexisse
979 2901 1128 2965 uidentur.
1167 2899 1213 2966 De

88 3005 197 3071 erbore
220 3003 322 3084 eninr,
347 3026 422 3088 quee
451 3004 502 3068 illo
533 3003 654 3068 nomine
677 3002 857 3087 appellatur,
889 3003 1039 3089 cogitasse
1069 3002 1210 3068 arbitror.

88 3102 186 3187 Quam
201 3106 227 3170 si
244 3102 362 3172 Caesar
375 3107 587 3193 significasset,
605 3126 699 3168 cornu
715 3105 799 3184 illud,
816 3126 834 3168 a
849 3126 907 3188 quo
923 3105 997 3168 rami
1013 3106 1213 3172 diffunderen-

90 3218 151 3284 tur,
169 3229 230 3271 non
246 3209 373 3291 palmae,
393 3210 446 3273 sed
461 3209 555 3293 stipiti
572 3209 687 3293 palmae
702 3207 953 3272 assimulauisset.
970 3205 1093 3272 Palmae
1108 3209 1212 3273 dicun-

85 3319 135 3373 tur
149 3310 181 3373 in
197 3309 352 3374 arboribus
368 3311 449 3388 nodi,
469 3314 547 3375 unde
562 3310 636 3375 rami
654 3311 809 3393 prodeunt,
827 3312 905 3393 quod
921 3332 987 3374 cunr
1004 3311 1099 3396 prima
1113 3331 1213 3376 ramo·

86 3430 152 3477 rum
175 3423 279 3498 parte,
310 3412 395 3493 quasi
424 3412 544 3496 digitis,
582 3411 721 3475 dilatatae
751 3434 856 3476 rnanus
894 3412 1025 3496 speeiem
1053 3414 1209 3498 praebent.

83 3513 234 3598 Exempla
255 3513 343 3577 huius
367 3513 503 3576 uocabuli
528 3533 599 3577 usus
629 3514 745 3576 domuit
765 3511 964 3577 Forcellinins
995 3535 1036 3578 ex
1059 3515 1212 3595 Varrone,

85 3613 266 3694 Columella,
283 3606 395 3692 Plinio,
414 3616 519 3697 quibus
534 3615 590 3679 hoc
607 3611 689 3678 Liuii
705 3616 771 3678 addi
788 3625 888 3698 potest
901 3614 1058 3696 XXXlll,
1075 3618 1095 3682 5
1120 3625 1210 3702 ‘quac

84 3721 228 3802 cuiusque
243 3717 352 3801 stipitis
368 3717 462 3802 palma
478 3717 539 3780 sit'.
576 3714 639 3781 lam
655 3717 681 3781 si
697 3717 739 3781 ita
756 3718 915 3798 scribitur,
941 3730 973 3783 ut
996 3742 1086 3805 snpra
1109 3719 1208 3804 posui,

83 3816 201 3886 Caesar
221 3843 238 3886 a
261 3841 377 3884 summo
392 3841 502 3884 cornus
518 3819 597 3884 siout
613 3842 630 3884 a
645 3841 761 3884 summo
776 3822 890 3906 palmae
905 3844 1004 3887 ramos
1027 3823 1150 3887 diffundi
1166 3821 1211 3887 di·

83 3934 143 3988 oct.
164 3919 251 4005 Quod
264 3945 323 3986 non
338 3933 419 3987 recte
435 3924 484 3984 lit:
502 3943 562 3985 uon
579 3924 657 3987 enim
677 3944 824 3988 summum
837 3947 930 3989 cornu
938 3944 1070 3990 summae
1078 3925 1208 4010 palmae,

81 4027 136 4092 ted
155 4026 211 4088 toti
239 4026 354 4111 palmae
382 4026 612 4109 comparandum
642 4038 724 4102 erat,
757 4049 823 4093 cnm
846 4029 974 4093 inlerior
996 4048 1065 4114 pars
1095 4049 1207 4093 cornua

82 4128 176 4214 stipiti
191 4128 298 4194 similis
315 4138 408 4194 esset.
447 4124 524 4207 Sed,-
545 4140 578 4193 ut
598 4129 674 4209 dixi,
695 4131 943 4217 interpolatorum
969 4132 1053 4195 codd.
1074 4150 1111 4195 ea
1128 4129 1207 4194 scri·

84 4241 172 4315 ptum
184 4242 242 4298 est.
274 4230 311 4298 ln
324 4232 447 4318 belipnis
461 4231 598 4297 omnibus
612 4245 696 4300 reote
708 4235 852 4322 scriptum
867 4245 915 4301 est
937 4232 997 4298 ‘Ab
1011 4233 1079 4298 eim
1091 4251 1209 4299 summo
