2692 4688
474 195 616 269 Comi.
631 198 647 265 Ι
662 196 757 265 CAP.
772 198 924 269 5247.
1263 196 1326 269 tsi

146 372 230 438 mina
243 370 305 437 leui
320 370 447 436 materia
462 371 590 451 {iebantq
606 372 754 454 reliquum
769 391 880 455 corpas
894 370 1014 435 nauium
1029 368 1270 435 uiminibuscon·

144 484 262 539 testum
285 472 378 537 coriis
398 471 597 559 inteqebatur.
636 471 700 535 llas
728 473 878 554 periectas
899 471 994 535 carris
1014 471 1124 536 iuuetis
1146 470 1302 538 tenatius

145 587 241 641 noeto
254 575 336 639 milis
351 594 493 658 masuam
508 594 527 637 a
542 574 652 637 eastris
664 582 741 637 xxti
754 573 923 659 militesque
943 572 989 637 bis
1010 573 1137 637 nauibus
1158 574 1268 639 flamen

145 686 336 762 musportat
349 676 610 757 continentemque
624 674 820 759 ripaecollem
836 674 999 758 improuiso
1014 685 1150 759 occupat.
1178 672 1303 739 Huacl

109 792 126 845 t
147 780 303 857 celeriter,
318 777 491 862 priusquam
505 776 543 841 sb
558 776 741 842 aduorsm'iis
755 776 918 854 sentiatur,
934 776 1108 841 communit.
1141 775 1210 841 Huc
1224 777 1269 841 le·

146 882 267 967 sionem
282 890 388 965 postea
403 879 504 944 trsicit
518 889 607 961 atque
621 899 664 943 ex
677 888 804 960 suaque
820 887 904 961 porte
917 889 1039 961 pouteru
1053 878 1187 943 instituit
1196 876 1268 956 „bi-

106 965 113 979 ’
146 985 205 1048 tao
219 980 348 1067 perlicit.
386 976 434 1044 lta
454 991 639 1046 commeatus
661 979 763 1063 etqui
783 981 924 1045 frumeuti
945 1000 1036 1044 eausa
1058 977 1303 1063 processerant5

145 1094 213 1149 tuto
235 1085 273 1149 sti
294 1102 330 1149 se
350 1081 458 1165 recipit
479 1091 512 1146 et
525 1102 590 1145 reor
606 1081 831 1146 frumentariam
845 1082 989 1165 expetire
1003 1081 1120 1166 incipit.
1151 1080 1265 1147 Eodem
1280 1082 1325 1155 bb

129 1185 196 1250 ‚elie
211 1185 340 1267 equitum
354 1203 493 1266 meque·
508 1194 621 1266 partem
643 1183 752 1249 flumen
768 1182 899 1247 traiecit.
930 1181 989 1265 Qui
1010 1183 1192 1267 inopinantis
1215 1204 1268 1268 ps·

94 1296 128 1351 tt
147 1286 300 1352 boletores
313 1296 346 1349 et
358 1285 426 1350 siue
438 1284 669 1368 allodiasipatos
684 1284 792 1349 timore
806 1285 941 1369 adgressi
957 1307 1095 1368 mquam
1111 1306 1268 1351 numerum

146 1389 351 1453 iumentorum
373 1395 464 1468 atque
492 1385 641 1450 bominum
662 1386 858 1471 intercipiunt
886 1387 1117 1471 cohortibusque
1144 1384 1305 1453 cetratisb

147 1487 284 1553 subsidio
305 1486 405 1553 missis
426 1486 560 1551 scienter
579 1486 611 1551 iu
632 1487 706 1552 duas
727 1499 828 1571 partes
848 1510 919 1557 sese
938 1488 1140 1569 distribuunt,
1163 1488 1214 1553 elii
1235 1500 1270 1554 nt
1324 1500 1328 1513 ¹

148 1591 278 1674 praeciae
292 1589 442 1675 praesidio
457 1588 532 1667 siut,
548 1588 599 1661 alii
615 1598 649 1653 ut
663 1589 852 1667 uenientibus
868 1592 1014 1657 naisum
1026 1602 1116 1675 atque
1130 1612 1184 1657 eos
1197 1612 1268 1676 pro·

149 1691 274 1776 pellant,
290 1712 440 1775 unamque
455 1690 621 1770 cohortem,
638 1701 842 1774 quaetemere
854 1703 925 1758 sate
941 1704 1060 1759 ceteras
1075 1703 1164 1758 extra
1171 1694 1267 1759 aciem
1282 1692 1304 1759 3

95 1803 127 1857 tt
150 1804 356 1877 procurreret,
371 1792 520 1859 miceam
535 1792 573 1857 ab
587 1793 712 1876 reliquie
726 1794 966 1860 circumueuiunt
980 1806 1070 1877 alque
1085 1795 1269 1860 intericiunt

146 1893 373 1979 incolumesque
391 1916 457 1959 cum
477 1916 585 1981 magua
609 1895 718 1980 praeda
739 1896 843 1961 eodem
868 1909 959 1982 ponte
979 1899 1012 1963 iu
1034 1908 1136 1963 castra
1165 1918 1269 1961 reuer-
1312 1924 1327 1941 ¹·

149 2006 269 2061 tuutur.

235 2096 315 2163 Dum
330 2098 404 2165 bsee
418 2100 456 2165 sti
469 2098 600 2165 ilerdam
614 2112 773 2184 geruntur,
798 2098 1008 2165 Massilienses
1023 2103 1068 2165 usi
1084 2100 1124 2165 L.
1141 2099 1326 2171 boniatis

147 2200 275 2265 wusilio
289 2201 376 2269 sams
389 2202 496 2288 longas
512 2204 676 2288 expediunt
689 2224 812 2267 numero
826 2212 913 2279 xvlt,
930 2222 1056 2284 quorum
1071 2214 1159 2265 ernau
1171 2213 1209 2265 xt
1225 2213 1269 2265 te·

92 2312 127 2367 2⁰
148 2312 228 2367 ctae.
245 2300 344 2369 Mults
357 2304 416 2369 buc
430 2304 547 2369 minora
561 2306 681 2389 nauigia
697 2305 820 2383 addunt,
838 2315 870 2368 ut
883 2304 948 2388 ipss
963 2303 1151 2368 multitudiue
1166 2300 1306 2369 uostra2

148 2404 259 2469 classis
273 2415 436 2471 terreatur.
466 2404 613 2492 Magnum
629 2428 785 2473 numerum
800 2406 1042 2491 sagittariorum,
1058 2426 1200 2491 magnum
1215 2404 1270 2469 st-

147 2505 305 2587 bicornru,
322 2508 359 2573 de
374 2506 481 2591 quibus
496 2530 585 2593 supra
601 2509 835 2576 demonstratum
851 2521 917 2587 est,
939 2510 1095 2594 impouuut
1108 2520 1197 2593 atque
1212 2508 1268 2573 bos

146 2610 287 2693 praemiis
302 2609 625 2694 pollicitationibusque
639 2613 774 2677 incitant.
826 2608 937 2679 Certus
952 2612 1009 2677 sibi
1025 2614 1159 2696 deposcit
1173 2631 1266 2677 naues
1282 2606 1303 2672 3

146 2706 299 2777 Domitius
313 2722 404 2795 atqum
419 2712 473 2778 bas
488 2713 603 2779 colonis
618 2714 864 2798 pastoribusque,
880 2734 956 2797 quos
971 2734 1071 2777 seeum
1087 2714 1266 2790 adduxerat,

90 2820 123 2873 2⁵
145 2815 285 2896 complet.
315 2811 369 2879 Sic
383 2814 521 2879 omnibus
535 2815 627 2879 rebus
640 2816 789 2881 instructa
804 2816 902 2881 classe
917 2836 1024 2900 magun
1038 2814 1145 2877 iiduuin
1160 2813 1197 2876 ad
1212 2832 1266 2873 oo·

148 2922 229 2979 strss
244 2935 339 2980 naues
355 2917 530 3000 procedunt,
549 2918 655 3001 quibus
670 2929 810 3002 praeerat
824 2914 865 2982 D.
881 2916 1006 2981 Brutus.
1052 2913 1118 2977 lias
1133 2912 1170 2977 ati
1185 2913 1268 2977 iusu-

148 3015 221 3091 lam,
237 3036 313 3102 quas
327 3027 375 3083 est
389 3029 494 3084 contra
510 3017 692 3099 Massiliam,
708 3020 856 3085 stationes
871 3019 1057 3084 obtinebant.
1081 3014 1159 3080 Erat
1174 3016 1265 3079 multo
1280 3016 1325 3087 52

148 3115 280 3183 inferior
293 3140 419 3184 numero
434 3122 555 3185 nauium
569 3119 704 3200 Brutusq
727 3123 780 3185 sed
802 3122 915 3185 electos
936 3141 978 3185 ex
992 3116 1128 3184 omuibus
1144 3118 1268 3204 legioni-

150 3217 207 3283 bus
223 3221 403 3287 iortissimos
419 3223 513 3303 uiros,
529 3223 757 3308 antesignanos,
774 3222 986 3303 centuriones,
1003 3218 1162 3289 Caesarei
1178 3220 1268 3285 classi

94 3330 128 3383 stt
151 3321 350 3404 attribuerat,
367 3325 416 3408 qui
432 3326 488 3390 sibi
505 3327 534 3390 it
549 3328 682 3391 muueris
699 3327 945 3412 depoposcerunt.
976 3323 1017 3390 Hi
1033 3345 1138 3389 manus
1154 3325 1267 3388 ferreas
1281 3322 1304 3386 2

259 3564 271 3617 l
286 3564 340 3617 lsai
354 3566 424 3630 bed,
438 3583 471 3619 ea
484 3567 537 3620 leui
551 3567 628 3634 (o)u¹
733 3569 858 3620 intextum
872 3568 897 3619 b.
1003 3567 1019 3620 b
1032 3566 1153 3619 transicit
1161 3581 1187 3629 o,
1202 3564 1268 3617 ‘tra-

147 3640 212 3692 ieoit
223 3641 270 3691 usi
279 3645 417 3696 transieoit
430 3650 481 3696 aut
492 3648 591 3699 traiicit
603 3661 669 3697 msa.
682 3642 762 3697 mei'.
883 3642 927 3709 os]
941 3643 973 3693 ab
987 3644 1012 3694 b.
1124 3643 1240 3694 instituit
1251 3656 1268 3691 a

147 3716 195 3781 be,
210 3718 358 3772 institutum
371 3738 400 3771 a.
503 3723 605 3787 perfluit
617 3722 694 3773 biduo
707 3737 731 3773 e.
819 3720 998 3774 ieonumestas
1010 3735 1027 3770 a
1040 3718 1176 3784 ‘reliqui’,
1190 3718 1268 3769 eomi-

124 3797 402 3852 .tatusoa.P·142·
507 3798 757 3866 iioopioaotisob.
862 3796 1064 3864 pabulatorius.
1177 3793 1269 3847 lisd-

146 3872 231 3935 qressi
244 3888 271 3923 a.
411 3888 529 3938 mapsam
543 3890 593 3940 ego
601 3893 610 3937 ,·
627 3876 677 3925 ian
690 3888 809 3937 magnum
822 3874 893 3937 aba,
908 3889 983 3940 qoem
997 3887 1115 3937 magnum
1129 3889 1146 3923 u
1156 3876 1268 3940 praetor

147 3964 227 3999 mss
241 3950 381 4001 Caesaris.
490 3952 518 4003 ii
533 3951 684 4002 cobortibas
697 3966 725 4001 a.
846 3951 955 4002 cetratis
967 3951 999 4003 Ρ.
1012 3951 1163 4017 Manutius,
1178 3957 1268 4004 centu·

146 4026 223 4077 riatis
235 4027 314 4079 codd.
422 4029 453 4080 ll
467 4029 542 4081 nauis
553 4045 580 4080 a.
685 4030 720 4084 22
731 4035 900 4081 monstratum
914 4030 939 4081 b.
1055 4031 1089 4087 2³
1102 4039 1129 4083 et
1140 4032 1267 4100 pollicita·

146 4106 263 4159 tionibus
277 4108 302 4160 b.
425 4109 458 4160 28
472 4109 575 4160 osoiom
589 4124 694 4160 numero
709 4110 760 4161 bu.
894 4110 993 4162 electos
1006 4127 1023 4162 o
1037 4112 1109 4163 ‘msa
1121 4109 1264 4178 pleriquo',

147 4181 266 4234 delectos
280 4200 307 4234 a.
413 4185 446 4238 ³0
459 4185 622 4238 adtribuent
633 4202 661 4237 a.
777 4185 802 4236 bi
816 4200 833 4237 a
845 4184 906 4237 edd.
918 4193 983 4239 oute
996 4189 1060 4241 Ata.
1073 4189 1233 4257 Stepbouus,
1249 4185 1266 4235 ii

145 4261 275 4315 Αἰάκεα.
