2692 4688
511 176 837 245 ...2394-

103 348 263 413 admodum
285 357 338 411 ant
360 346 389 411 bi
411 357 464 411 aut
483 367 592 412 seruus
607 349 726 412 litteras
743 331 897 434 aeeeqrisse
912 347 968 413 diei
984 352 1147 434 potuerint.
1171 353 1232 421 lta·

102 470 162 535 qne
187 448 335 513 ‘solebat'
351 450 457 534 seripsi
472 461 503 514 et
516 450 663 514 interiora
677 451 785 514 lacuna
799 450 967 535 significata
982 456 1133 536 separaui.
1165 455 1231 522 Lit-

103 564 189 618 terae
204 551 355 630 dicuntur,
373 572 448 634 qnae
462 572 568 616 seruus
583 552 684 637 glandi
701 553 909 637 inscripserat,
928 573 1038 637 easque
1054 551 1230 624 Caesariani

102 654 259 738 uooepisse
273 653 470 737 intellegendi
484 663 566 732 snut,
582 655 635 719 sed
650 655 762 733 uerba,
788 655 824 717 ad
845 674 920 737 quae
936 655 1011 719 haee
1027 659 1227 741 pertinebant,

99 755 269 842 perierunt.
294 751 423 820 Seruum
438 765 538 820 entem
553 776 595 820 ex
602 756 708 820 eastris
716 754 851 840 Pompeii
865 756 898 819 iu
913 758 1049 841 oppidum
1065 764 1229 827 reuertisse

99 879 142 923 ex
156 879 186 922 e.
199 855 256 933 20,
271 853 293 919 3
308 858 500 941 perspicitur,
517 857 566 922 ubi
583 857 656 922 bueo
670 859 862 922 referuntur:
883 857 962 922 ‘Hoe
978 862 1139 944 praeterito
1155 875 1229 929 tem·

73 1026 79 1033 ,
98 980 174 1044 pore
188 959 223 1024 in
237 958 364 1042 oppido,
381 960 459 1042 quod
473 959 529 1024 init
546 970 681 1044 nuptum,
697 980 806 1024 seruus
822 971 869 1022 est
884 981 1012 1043 prensus
1026 963 1058 1026 in
1073 965 1225 1046 cuniculo,

99 1082 188 1145 quem
212 1080 304 1145 snpra
328 1061 596 1126 demonstrauimus
626 1061 775 1126 dominum
800 1061 974 1144 iugulosse:
1008 1064 1036 1128 is
1063 1065 1153 1131 uiuus
1181 1078 1228 1132 est

98 1163 297 1228 eonbnstus’.

185 1261 224 1329 C.
239 1264 295 1342 21,
311 1260 421 1326 tham
436 1267 466 1325 iu
483 1264 570 1328 eodd.
587 1265 699 1349 scripta
713 1273 804 1329 sunte
830 1264 889 1329 ‘Et
904 1287 941 1330 eo
957 1278 1091 1352 tempore
1105 1270 1227 1335 eireiter

99 1365 148 1433 xl
161 1366 280 1452 equites
294 1364 333 1429 ad
348 1374 509 1446 aquatores
524 1376 645 1430 nostros
667 1379 922 1446 uenonrrerunt,
949 1371 1109 1434 nonnullos
1131 1373 1225 1436 inter-

99 1473 247 1545 fecerunt,
264 1468 337 1532 item
352 1466 427 1530 alios
444 1466 532 1530 uiuos
548 1466 756 1530 abduxerunt:
776 1488 793 1532 e
810 1469 917 1552 quibus
930 1471 1008 1555 eapti
1024 1482 1095 1535 sunt
1111 1474 1225 1554 equites

99 1568 200 1638 vllt’.
227 1568 268 1633 ‘E
284 1566 402 1652 quibos'
418 1569 559 1651 seriptum
576 1579 623 1632 est
636 1569 667 1632 in
681 1566 754 1633 Par.
772 1590 834 1634 seo.
852 1582 884 1635 et
897 1569 986 1636 Leid.
1004 1593 1064 1657 pr„
1088 1573 1225 1658 idemque

100 1669 305 1737 Sebneideros
330 1690 501 1749 eonsensu,
527 1681 562 1735 ut
575 1670 724 1748 arbitror,
743 1669 986 1737 vindobonensis
1008 1674 1094 1756 primi
1117 1677 1224 1743 duetus

98 1776 218 1862 possita
240 1783 333 1837 antee
347 1772 492 1836 edebatur
508 1778 561 1836 ‘ex
576 1772 746 1855 equitibns'.
776 1769 853 1837 Illud
875 1775 912 1838 sd
934 1785 1094 1857 aquatores
1111 1772 1225 1841 Caesu-

97 1879 204 1941 rianos
223 1875 373 1953 refertur,
402 1874 595 1957 similiterque
619 1874 692 1938 haee
717 1872 887 1939 dictasunt
910 1885 1000 1959 atque
1022 1876 1053 1939 b.
1070 1875 1165 1941 Alex.
1183 1877 1225 1942 18

98 1989 185 2043 extr.
211 1975 315 2038 ‘multi
335 1985 435 2039 tamen
450 1995 491 2038 es
505 1976 544 2039 iis
560 1975 638 2058 eapti
660 1975 870 2059 interfectique
891 1988 979 2054 sunt,
1004 1979 1057 2042 sed
1080 2000 1223 2045 numerus

99 2077 289 2161 captiuorum
303 2078 421 2142 omnino
437 2079 492 2141 tuit
506 2076 667 2141 sexcenti'.
691 2074 808 2140 Verum
820 2077 1154 2163 equitesPompeianos,
1173 2083 1224 2165 qui

97 2177 267 2244 nonnullos
280 2177 507 2258 iuterfecerunt,
530 2188 599 2242 oeto
614 2178 700 2241 uiuos
717 2176 924 2254 abduxerunt,
949 2180 1049 2260 plures
1066 2203 1152 2262 quem
1168 2205 1223 2246 un·

99 2282 196 2347 dudm
212 2279 306 2345 foisse
320 2301 445 2346 neeesse
460 2292 518 2345 est.
550 2277 656 2362 Itaque
671 2278 806 2362 equidem
822 2298 882 2341 non
903 2279 1034 2344 dubitaui
1052 2278 1124 2345 ‘XL
1142 2284 1224 2365 equi·

98 2387 155 2449 tes’
171 2403 295 2467 ponere.

188 2480 227 2548 C.
242 2483 297 2564 22,
316 2483 331 2546 1
350 2484 381 2549 in
396 2484 468 2549 Pur.
484 2505 546 2548 see.
571 2495 602 2548 et
617 2480 704 2547 Leid.
723 2503 768 2566 pr.
793 2481 867 2546 bueo
890 2483 1002 2568 scripte
1024 2497 1112 2550 sunt:
1139 2484 1224 2553 ‘lion

97 2587 261 2673 praeterito
275 2597 412 2670 tempore
426 2588 476 2671 qui
491 2587 522 2650 in
538 2581 1029 2670 oppidoAtegnabursanoneuses
1044 2588 1121 2672 eapti
1137 2599 1223 2668 sunt,

97 2690 188 2774 legati
204 2689 332 2774 protecti
347 2699 420 2752 suut
430 2709 497 2752 oum
513 2688 645 2765 nostris,
670 2687 713 2751 nti
727 2708 791 2750 rem
806 2698 923 2771 gestam
939 2685 1224 2754 Bursauonensibus

97 2793 272 2868 referrent,
293 2790 351 2854 uisi
367 2791 443 2874 quod
458 2790 488 2853 in
504 2787 576 2852 Par.
594 2809 656 2852 see.
675 2799 706 2853 et
722 2788 832 2851 ‘codd'
849 2785 927 2852 0ud.
945 2809 1000 2872 pro
1017 2789 1159 2872 ‘Ategua’
1177 2791 1222 2854 le·

96 2894 175 2977 gitur
191 2891 365 2957 ‘Articula'.
403 2890 504 2954 Antea
519 2890 663 2954 edebatur
679 2888 940 2954 ‘Bursauolenses'
957 2901 988 2953 et
1005 2886 1223 2954 ‘Bursauoieu

96 2993 210 3072 sibus',
241 2993 326 3056 ouius
347 2991 477 3056 nominis
499 2994 635 3076 oppidum
656 2993 689 3056 in
710 2990 856 3074 Hispania
879 3009 966 3053 nemo
989 3003 1219 3057 commemorate

97 3092 302 3160 Subneidems
317 3095 493 3177 optimorum
510 3095 596 3157 eodd.
606 3094 785 3178 scripturam
799 3091 940 3156 restituit.
965 3090 1079 3156 Verum
1096 3090 1221 3157 neBur-

97 3216 287 3262 senonenses
314 3195 431 3279 quidem
453 3194 500 3258 bie
518 3195 742 3259 commemorari
766 3204 915 3279 poterant.
955 3192 980 3258 Ii
1001 3194 1099 3272 euim,
1123 3205 1156 3258 ut
1180 3216 1225 3263 ex

95 3295 177 3363 Ptin.
196 3298 269 3362 bist.
287 3307 350 3361 nst.
367 3293 425 3374 111,
442 3295 480 3372 3,
496 3295 538 3359 24
554 3307 695 3380 apparet,
718 3298 767 3378 qui
784 3294 1011 3361 Bursaouenses
1027 3297 1171 3381 appellnt,
1187 3297 1223 3362 in
1308 3296 1321 3308 ’

95 3396 246 3484 Hispanis
260 3399 401 3463 citeriore
416 3398 459 3462 eis
473 3394 593 3462 herum
610 3397 697 3482 positi
712 3408 815 3475 eraut,
833 3419 919 3480 quam
936 3419 1050 3463 omnem
1067 3399 1222 3483 regionem
1230 3438 1261 3458 ··

95 3496 214 3566 Caesar
242 3498 374 3564 tenebat.
411 3496 510 3563 Reote
531 3497 711 3564 Ciaooonins
734 3509 765 3562 et
787 3497 986 3581 Glaudorpius
1007 3498 1223 3565 Vrsaouenses

94 3602 251 3686 ponendos
273 3601 436 3680 dixerunt,
468 3622 541 3684 quos
564 3611 670 3665 auctor
691 3601 753 3664 bui.
777 3600 829 3663 dib.
848 3621 876 3662 o.
893 3598 946 3663 211.
963 3599 1018 3662 41.
1034 3600 1096 3680 28,
1121 3603 1169 3666 ubi
1188 3604 1221 3667 in

95 3704 182 3768 oodd.
201 3702 313 3788 legitur
329 3699 639 3782 ‘Versaonensium’,
664 3713 877 3767 commemorat
891 3711 922 3765 et
936 3700 966 3763 in
982 3703 1114 3785 partibus
1129 3701 1222 3768 Pom-

93 3805 155 3889 peii
169 3803 263 3868 fuisse
277 3803 426 3868 ostenditz
444 3803 579 3889 idemque
595 3805 731 3889 oppidum
743 3803 861 3869 Plinius
877 3824 993 3887 quoque
1008 3804 1076 3868 bist.
1089 3814 1150 3868 nat.
1161 3803 1219 3884 tlt,

95 3905 129 3985 1,
146 3904 236 3970 1201
252 3903 364 3970 Strabo
378 3903 426 3969 Ill
440 3928 470 3990 p.
487 3902 551 3971 2⁰8
565 3906 647 3970 Arm.
664 3908 696 3970 in
719 3907 772 3970 bae
787 3907 910 3992 regione
926 3905 1078 3970 ulterioris
1099 3910 1221 3991 prouin-

95 4008 174 4088 eiae,
190 4007 243 4072 ubi
256 4006 366 4072 bobum
381 4007 559 4094 gerebatur,
584 4009 714 4093 positum
729 4010 821 4075 fuisse
837 4012 1053 4075 demonstrant.
1091 4005 1159 4092 Ego
1176 4020 1221 4073 ta-

94 4131 165 4175 men
180 4110 416 4177 Vrssuonenses
431 4111 549 4195 scripsi,
566 4132 633 4174 eum
648 4107 741 4188 Vrso,
759 4108 872 4189 Vrsae,
890 4109 1011 4176 Vrsauo
1027 4130 1121 4192 aeque
1135 4120 1220 4172 reete

95 4213 253 4289 dieantur,
275 4213 348 4278 ite·
369 4223 403 4278 nt
416 4212 520 4298 Vrgeo
541 4223 572 4278 et
586 4211 833 4295 Vrgauonenses.
864 4211 1011 4278 Refertur
1024 4213 1128 4296 igitur,
1152 4229 1220 4274 eum
