<?xml version="1.0" encoding="UTF-8"?>
<!DOCTYPE html PUBLIC "-//W3C//DTD XHTML 1.0 Transitional//EN"
    "http://www.w3.org/TR/xhtml1/DTD/xhtml1-transitional.dtd">
<html xmlns="http://www.w3.org/1999/xhtml" xml:lang="en" lang="en">
 <head>
  <title>
</title>
<meta http-equiv="Content-Type" content="text/html;charset=utf-8" />
  <meta name='ocr-system' content='tesseract 3.04.00' />
  <meta name='ocr-capabilities' content='ocr_page ocr_carea ocr_par ocr_line ocrx_word'/>
</head>
<body>
  <div class='ocr_page' id='page_1' title='image "./civliicaesarisc02hirtgoog_0220.png"; bbox 0 0 2692 4688; ppageno 0'>
   <div class='ocr_carea' id='block_1_1' title="bbox 498 187 825 254">
    <p class='ocr_par' dir='ltr' id='par_1_1' title="bbox 498 187 825 254">
     <span class='ocr_line' id='line_1_1' title="bbox 498 187 825 254; baseline 0.003 -2"><span class='ocrx_word' id='word_1_1' title='bbox 498 187 825 254; x_wconf 77' lang='lat'><strong>-213—</strong></span> 
     </span>
    </p>
   </div>
   <div class='ocr_carea' id='block_1_2' title="bbox 58 355 1232 4332">
    <p class='ocr_par' dir='ltr' id='par_1_2' title="bbox 94 355 1225 648">
     <span class='ocr_line' id='line_1_2' title="bbox 94 355 1225 443; baseline 0.002 -19"><span class='ocrx_word' id='word_1_2' title='bbox 94 369 213 434; x_wconf 85' lang='lat' dir='ltr'><strong>rantur,</strong></span> <span class='ocrx_word' id='word_1_3' title='bbox 238 367 307 441; x_wconf 90' lang='lat' dir='ltr'><strong>post</strong></span> <span class='ocrx_word' id='word_1_4' title='bbox 322 355 414 421; x_wconf 86' lang='lat' dir='ltr'><strong>uerba</strong></span> <span class='ocrx_word' id='word_1_5' title='bbox 437 365 520 422; x_wconf 88' lang='lat' dir='ltr'><strong>‘ante</strong></span> <span class='ocrx_word' id='word_1_6' title='bbox 535 359 672 443; x_wconf 90' lang='lat' dir='ltr'><strong>oppidum</strong></span> <span class='ocrx_word' id='word_1_7' title='bbox 688 359 833 427; x_wconf 88' lang='lat' dir='ltr'><strong>constitit’</strong></span> <span class='ocrx_word' id='word_1_8' title='bbox 850 359 1039 426; x_wconf 84' lang='lat' dir='ltr'><strong>exciderunt.</strong></span> <span class='ocrx_word' id='word_1_9' title='bbox 1072 360 1225 428; x_wconf 78' lang='lat' dir='ltr'>Videntur</span> 
     </span>
     <span class='ocr_line' id='line_1_3' title="bbox 94 455 1222 547; baseline 0.004 -21"><span class='ocrx_word' id='word_1_10' title='bbox 94 472 194 527; x_wconf 83' lang='lat' dir='ltr'><strong>autam</strong></span> <span class='ocrx_word' id='word_1_11' title='bbox 211 482 260 536; x_wconf 90' lang='lat' dir='ltr'><strong>ea,</strong></span> <span class='ocrx_word' id='word_1_12' title='bbox 278 480 354 542; x_wconf 92' lang='lat' dir='ltr'><strong>quae</strong></span> <span class='ocrx_word' id='word_1_13' title='bbox 370 460 407 524; x_wconf 93' lang='lat' dir='ltr'><strong>de</strong></span> <span class='ocrx_word' id='word_1_14' title='bbox 423 455 564 543; x_wconf 81' lang='lat' dir='ltr'><strong>Scipione</strong></span> <span class='ocrx_word' id='word_1_15' title='bbox 581 462 678 524; x_wconf 87' lang='lat' dir='ltr'><strong>relata</strong></span> <span class='ocrx_word' id='word_1_16' title='bbox 694 473 792 535; x_wconf 88' lang='lat' dir='ltr'><strong>erant,</strong></span> <span class='ocrx_word' id='word_1_17' title='bbox 809 464 875 547; x_wconf 92' lang='lat' dir='ltr'><strong>ipsa</strong></span> <span class='ocrx_word' id='word_1_18' title='bbox 890 484 1004 546; x_wconf 88' lang='lat' dir='ltr'><strong>quoque</strong></span> <span class='ocrx_word' id='word_1_19' title='bbox 1019 465 1050 528; x_wconf 91' lang='lat' dir='ltr'><strong>in</strong></span> <span class='ocrx_word' id='word_1_20' title='bbox 1066 484 1101 528; x_wconf 87' lang='lat' dir='ltr'><strong>ea</strong></span> <span class='ocrx_word' id='word_1_21' title='bbox 1117 464 1222 544; x_wconf 89' lang='lat' dir='ltr'><strong>uerba,</strong></span> 
     </span>
     <span class='ocr_line' id='line_1_4' title="bbox 94 562 1028 648; baseline 0.001 -20"><span class='ocrx_word' id='word_1_22' title='bbox 94 584 171 648; x_wconf 85' lang='lat' dir='ltr'><strong>quae</strong></span> <span class='ocrx_word' id='word_1_23' title='bbox 187 563 276 626; x_wconf 90' lang='lat' dir='ltr'><strong>modo</strong></span> <span class='ocrx_word' id='word_1_24' title='bbox 292 563 389 647; x_wconf 90' lang='lat' dir='ltr'><strong>posui,</strong></span> <span class='ocrx_word' id='word_1_25' title='bbox 407 562 521 626; x_wconf 90' lang='lat' dir='ltr'><strong>desisse</strong></span> <span class='ocrx_word' id='word_1_26' title='bbox 537 582 632 644; x_wconf 88' lang='lat' dir='ltr'><strong>caque</strong></span> <span class='ocrx_word' id='word_1_27' title='bbox 647 583 738 627; x_wconf 87' lang='lat' dir='ltr'><strong>causa</strong></span> <span class='ocrx_word' id='word_1_28' title='bbox 752 565 908 630; x_wconf 85' lang='lat' dir='ltr'><strong>omittendi</strong></span> <span class='ocrx_word' id='word_1_29' title='bbox 925 567 1028 630; x_wconf 83' lang='lat' dir='ltr'><strong>luisse.</strong></span> 
     </span>
    </p>

    <p class='ocr_par' dir='ltr' id='par_1_3' title="bbox 95 661 1226 1157">
     <span class='ocr_line' id='line_1_5' title="bbox 182 661 1223 749; baseline 0.004 -21"><span class='ocrx_word' id='word_1_30' title='bbox 182 661 220 728; x_wconf 86' lang='lat' dir='ltr'><strong>C.</strong></span> <span class='ocrx_word' id='word_1_31' title='bbox 232 663 288 739; x_wconf 78' lang='lat'><strong>42,</strong></span> <span class='ocrx_word' id='word_1_32' title='bbox 306 662 477 747; x_wconf 74' lang='lat' dir='ltr'><strong>teorrupra</strong></span> <span class='ocrx_word' id='word_1_33' title='bbox 492 675 561 727; x_wconf 88' lang='lat' dir='ltr'><strong>sunt</strong></span> <span class='ocrx_word' id='word_1_34' title='bbox 578 665 668 728; x_wconf 86' lang='lat' dir='ltr'><strong>baec:</strong></span> <span class='ocrx_word' id='word_1_35' title='bbox 689 667 879 749; x_wconf 83' lang='lat' dir='ltr'><strong>‘praesertim</strong></span> <span class='ocrx_word' id='word_1_36' title='bbox 894 689 961 732; x_wconf 89' lang='lat' dir='ltr'><strong>cnm</strong></span> <span class='ocrx_word' id='word_1_37' title='bbox 977 668 1088 732; x_wconf 80' lang='lat' dir='ltr'><strong>milites</strong></span> <span class='ocrx_word' id='word_1_38' title='bbox 1104 688 1121 732; x_wconf 90' lang='lat' dir='ltr'><strong>a</strong></span> <span class='ocrx_word' id='word_1_39' title='bbox 1136 689 1223 733; x_wconf 92' lang='lat' dir='ltr'><strong>mane</strong></span> 
     </span>
     <span class='ocr_line' id='line_1_6' title="bbox 97 766 1225 855; baseline 0 -22"><span class='ocrx_word' id='word_1_40' title='bbox 97 768 154 833; x_wconf 82' lang='lat' dir='ltr'><strong>diei</strong></span> <span class='ocrx_word' id='word_1_41' title='bbox 169 766 264 831; x_wconf 91' lang='lat' dir='ltr'><strong>ieiuni</strong></span> <span class='ocrx_word' id='word_1_42' title='bbox 280 766 335 830; x_wconf 89' lang='lat' dir='ltr'><strong>snb</strong></span> <span class='ocrx_word' id='word_1_43' title='bbox 351 767 443 829; x_wconf 89' lang='lat' dir='ltr'><strong>armis</strong></span> <span class='ocrx_word' id='word_1_44' title='bbox 458 766 615 829; x_wconf 77' lang='lat' dir='ltr'><strong>stetissent</strong></span> <span class='ocrx_word' id='word_1_45' title='bbox 629 766 804 850; x_wconf 77' lang='lat' dir='ltr'><strong>defatigati.</strong></span> <span class='ocrx_word' id='word_1_46' title='bbox 844 769 953 855; x_wconf 89' lang='lat' dir='ltr'><strong>Neque</strong></span> <span class='ocrx_word' id='word_1_47' title='bbox 975 771 1054 834; x_wconf 91' lang='lat' dir='ltr'><strong>enim</strong></span> <span class='ocrx_word' id='word_1_48' title='bbox 1071 769 1225 854; x_wconf 79' lang='lat' dir='ltr'><strong>defatigati</strong></span> 
     </span>
     <span class='ocr_line' id='line_1_7' title="bbox 98 868 1221 956; baseline -0.002 -21"><span class='ocrx_word' id='word_1_49' title='bbox 98 871 222 935; x_wconf 88' lang='lat' dir='ltr'><strong>stetisse</strong></span> <span class='ocrx_word' id='word_1_50' title='bbox 245 869 302 933; x_wconf 90' lang='lat' dir='ltr'><strong>diei</strong></span> <span class='ocrx_word' id='word_1_51' title='bbox 323 878 481 951; x_wconf 89' lang='lat' dir='ltr'><strong>poterant,</strong></span> <span class='ocrx_word' id='word_1_52' title='bbox 504 868 554 951; x_wconf 89' lang='lat' dir='ltr'><strong>qui</strong></span> <span class='ocrx_word' id='word_1_53' title='bbox 578 878 639 930; x_wconf 88' lang='lat' dir='ltr'><strong>tum</strong></span> <span class='ocrx_word' id='word_1_54' title='bbox 662 870 778 933; x_wconf 85' lang='lat' dir='ltr'><strong>demum</strong></span> <span class='ocrx_word' id='word_1_55' title='bbox 800 873 908 937; x_wconf 91' lang='lat' dir='ltr'><strong>stando</strong></span> <span class='ocrx_word' id='word_1_56' title='bbox 931 884 1037 937; x_wconf 91' lang='lat' dir='ltr'><strong>essent</strong></span> <span class='ocrx_word' id='word_1_57' title='bbox 1058 872 1221 956; x_wconf 78' lang='lat' dir='ltr'><strong>defatigati.</strong></span> 
     </span>
     <span class='ocr_line' id='line_1_8' title="bbox 99 970 1226 1055; baseline -0.001 -18"><span class='ocrx_word' id='word_1_58' title='bbox 99 970 297 1055; x_wconf 83' lang='lat' dir='ltr'><strong>‘Defatigati&#39;</strong></span> <span class='ocrx_word' id='word_1_59' title='bbox 313 971 442 1034; x_wconf 81' lang='lat' dir='ltr'><strong>eiciendi</strong></span> <span class='ocrx_word' id='word_1_60' title='bbox 457 979 545 1048; x_wconf 89' lang='lat' dir='ltr'><strong>sunt,</strong></span> <span class='ocrx_word' id='word_1_61' title='bbox 569 991 643 1053; x_wconf 90' lang='lat' dir='ltr'><strong>qnos</strong></span> <span class='ocrx_word' id='word_1_62' title='bbox 665 973 809 1055; x_wconf 84' lang='lat' dir='ltr'><strong>magister</strong></span> <span class='ocrx_word' id='word_1_63' title='bbox 821 974 930 1038; x_wconf 92' lang='lat' dir='ltr'><strong>ieiunis</strong></span> <span class='ocrx_word' id='word_1_64' title='bbox 946 974 1149 1052; x_wconf 76' lang='lat' dir='ltr'><strong>substituere,</strong></span> <span class='ocrx_word' id='word_1_65' title='bbox 1173 983 1226 1038; x_wconf 90' lang='lat' dir='ltr'><strong>aut</strong></span> 
     </span>
     <span class='ocr_line' id='line_1_9' title="bbox 95 1071 984 1157; baseline 0 -18"><span class='ocrx_word' id='word_1_66' title='bbox 95 1074 219 1139; x_wconf 89' lang='lat' dir='ltr'><strong>omnino</strong></span> <span class='ocrx_word' id='word_1_67' title='bbox 235 1073 414 1156; x_wconf 74' lang='lat' dir='ltr'><strong>defatigatos</strong></span> <span class='ocrx_word' id='word_1_68' title='bbox 432 1071 525 1135; x_wconf 87' lang='lat' dir='ltr'><strong>inisse</strong></span> <span class='ocrx_word' id='word_1_69' title='bbox 540 1073 650 1137; x_wconf 89' lang='lat' dir='ltr'><strong>milites</strong></span> <span class='ocrx_word' id='word_1_70' title='bbox 665 1074 837 1157; x_wconf 86' lang='lat' dir='ltr'><strong>significare</strong></span> <span class='ocrx_word' id='word_1_71' title='bbox 851 1076 984 1141; x_wconf 87' lang='lat' dir='ltr'><strong>uolebat.</strong></span> 
     </span>
    </p>

    <p class='ocr_par' dir='ltr' id='par_1_4' title="bbox 97 1172 1224 2573">
     <span class='ocr_line' id='line_1_10' title="bbox 180 1172 1222 1261; baseline 0.003 -21"><span class='ocrx_word' id='word_1_72' title='bbox 180 1175 274 1240; x_wconf 87' lang='lat' dir='ltr'><strong>initio</strong></span> <span class='ocrx_word' id='word_1_73' title='bbox 290 1196 317 1237; x_wconf 86' lang='lat' dir='ltr'><strong>c.</strong></span> <span class='ocrx_word' id='word_1_74' title='bbox 335 1174 377 1239; x_wconf 77' lang='grc'><strong>43</strong></span> <span class='ocrx_word' id='word_1_75' title='bbox 392 1176 423 1238; x_wconf 92' lang='lat' dir='ltr'><strong>in</strong></span> <span class='ocrx_word' id='word_1_76' title='bbox 438 1172 510 1238; x_wconf 87' lang='lat' dir='ltr'><strong>Par.</strong></span> <span class='ocrx_word' id='word_1_77' title='bbox 528 1195 592 1239; x_wconf 88' lang='lat' dir='ltr'><strong>sec.</strong></span> <span class='ocrx_word' id='word_1_78' title='bbox 612 1177 685 1240; x_wconf 92' lang='lat' dir='ltr'><strong>haee</strong></span> <span class='ocrx_word' id='word_1_79' title='bbox 700 1178 858 1261; x_wconf 77' lang='lat' dir='ltr'><strong>leguntur:</strong></span> <span class='ocrx_word' id='word_1_80' title='bbox 887 1175 1032 1243; x_wconf 79' lang='lat' dir='ltr'><strong>‘Interim</strong></span> <span class='ocrx_word' id='word_1_81' title='bbox 1047 1175 1222 1254; x_wconf 84' lang='lat' dir='ltr'><strong>Considius,</strong></span> 
     </span>
     <span class='ocr_line' id='line_1_11' title="bbox 97 1274 1223 1364; baseline 0.002 -22"><span class='ocrx_word' id='word_1_82' title='bbox 97 1280 146 1362; x_wconf 91' lang='lat' dir='ltr'><strong>qni</strong></span> <span class='ocrx_word' id='word_1_83' title='bbox 161 1278 291 1342; x_wconf 77' lang='lat' dir='ltr'><strong>Aciliam</strong></span> <span class='ocrx_word' id='word_1_84' title='bbox 307 1288 338 1341; x_wconf 93' lang='lat' dir='ltr'><strong>et</strong></span> <span class='ocrx_word' id='word_1_85' title='bbox 352 1274 444 1341; x_wconf 91' lang='lat' dir='ltr'><strong>Vllll</strong></span> <span class='ocrx_word' id='word_1_86' title='bbox 466 1276 607 1340; x_wconf 82' lang='lat' dir='ltr'><strong>cohortes</strong></span> <span class='ocrx_word' id='word_1_87' title='bbox 630 1279 843 1362; x_wconf 86' lang='lat' dir='ltr'><strong>stipendiarias</strong></span> <span class='ocrx_word' id='word_1_88' title='bbox 862 1278 1003 1345; x_wconf 88' lang='lat' dir='ltr'><strong>Numidis</strong></span> <span class='ocrx_word' id='word_1_89' title='bbox 1025 1279 1223 1364; x_wconf 76' lang='lat' dir='ltr'><strong>Gaetulisque</strong></span> 
     </span>
     <span class='ocr_line' id='line_1_12' title="bbox 97 1378 1224 1466; baseline 0.002 -21"><span class='ocrx_word' id='word_1_90' title='bbox 97 1379 260 1446; x_wconf 87' lang='lat' dir='ltr'><strong>obsidebat&#39;</strong></span> <span class='ocrx_word' id='word_1_91' title='bbox 276 1389 364 1455; x_wconf 78' lang='lat' dir='ltr'><strong>cett,</strong></span> <span class='ocrx_word' id='word_1_92' title='bbox 380 1388 469 1460; x_wconf 88' lang='lat' dir='ltr'><strong>atque</strong></span> <span class='ocrx_word' id='word_1_93' title='bbox 483 1379 525 1443; x_wconf 86' lang='lat' dir='ltr'><strong>ita</strong></span> <span class='ocrx_word' id='word_1_94' title='bbox 542 1391 612 1442; x_wconf 91' lang='lat' dir='ltr'><strong>ante</strong></span> <span class='ocrx_word' id='word_1_95' title='bbox 628 1378 784 1445; x_wconf 89' lang='lat' dir='ltr'><strong>Dauisium</strong></span> <span class='ocrx_word' id='word_1_96' title='bbox 799 1381 953 1459; x_wconf 91' lang='lat' dir='ltr'><strong>edebatur,</strong></span> <span class='ocrx_word' id='word_1_97' title='bbox 971 1383 1031 1447; x_wconf 92' lang='lat' dir='ltr'><strong>nisi</strong></span> <span class='ocrx_word' id='word_1_98' title='bbox 1046 1382 1124 1466; x_wconf 90' lang='lat' dir='ltr'><strong>quod</strong></span> <span class='ocrx_word' id='word_1_99' title='bbox 1142 1389 1224 1447; x_wconf 89' lang='lat' dir='ltr'><strong>‘octa</strong></span> 
     </span>
     <span class='ocr_line' id='line_1_13' title="bbox 98 1477 1223 1569; baseline 0.002 -21"><span class='ocrx_word' id='word_1_100' title='bbox 98 1483 252 1548; x_wconf 84' lang='lat' dir='ltr'><strong>cobortes’</strong></span> <span class='ocrx_word' id='word_1_101' title='bbox 283 1481 481 1566; x_wconf 85' lang='lat' dir='ltr'><strong>ponebantur.</strong></span> <span class='ocrx_word' id='word_1_102' title='bbox 519 1477 549 1544; x_wconf 93' lang='lat' dir='ltr'><strong>ls</strong></span> <span class='ocrx_word' id='word_1_103' title='bbox 572 1480 639 1545; x_wconf 87' lang='lat' dir='ltr'><strong>Pet.</strong></span> <span class='ocrx_word' id='word_1_104' title='bbox 665 1491 697 1545; x_wconf 92' lang='lat' dir='ltr'><strong>et</strong></span> <span class='ocrx_word' id='word_1_105' title='bbox 726 1480 826 1547; x_wconf 88' lang='lat' dir='ltr'><strong>Nora.</strong></span> <span class='ocrx_word' id='word_1_106' title='bbox 849 1495 970 1549; x_wconf 88' lang='lat' dir='ltr'><strong>secutus</strong></span> <span class='ocrx_word' id='word_1_107' title='bbox 998 1485 1121 1569; x_wconf 85' lang='lat' dir='ltr'><strong>scripsit</strong></span> <span class='ocrx_word' id='word_1_108' title='bbox 1151 1484 1223 1568; x_wconf 89' lang='lat' dir='ltr'><strong>‘qui</strong></span> 
     </span>
     <span class='ocr_line' id='line_1_14' title="bbox 99 1581 1223 1672; baseline 0.003 -23"><span class='ocrx_word' id='word_1_109' title='bbox 99 1585 225 1650; x_wconf 80' lang='lat' dir='ltr'><strong>Aeillam</strong></span> <span class='ocrx_word' id='word_1_110' title='bbox 241 1581 318 1649; x_wconf 87' lang='lat' dir='ltr'><strong>Vlll</strong></span> <span class='ocrx_word' id='word_1_111' title='bbox 333 1582 503 1646; x_wconf 80' lang='lat' dir='ltr'><strong>cohortibus</strong></span> <span class='ocrx_word' id='word_1_112' title='bbox 519 1583 722 1668; x_wconf 89' lang='lat' dir='ltr'><strong>stipendiariis</strong></span> <span class='ocrx_word' id='word_1_113' title='bbox 738 1622 780 1633; x_wconf 91' lang='lat'>-</span> <span class='ocrx_word' id='word_1_114' title='bbox 795 1585 968 1650; x_wconf 87' lang='lat' dir='ltr'><strong>obsidebat’.</strong></span> <span class='ocrx_word' id='word_1_115' title='bbox 1011 1583 1128 1670; x_wconf 79' lang='lat' dir='ltr'><strong>Quibus</strong></span> <span class='ocrx_word' id='word_1_116' title='bbox 1145 1588 1223 1672; x_wconf 87' lang='lat' dir='ltr'><strong>quod</strong></span> 
     </span>
     <span class='ocr_line' id='line_1_15' title="bbox 100 1680 1223 1772; baseline 0 -19"><span class='ocrx_word' id='word_1_117' title='bbox 100 1686 237 1753; x_wconf 83' lang='lat' dir='ltr'><strong>(ludend.</strong></span> <span class='ocrx_word' id='word_1_118' title='bbox 254 1685 345 1750; x_wconf 84' lang='lat' dir='ltr'><strong>Laid.</strong></span> <span class='ocrx_word' id='word_1_119' title='bbox 363 1707 409 1769; x_wconf 92' lang='lat' dir='ltr'><strong>pr.</strong></span> <span class='ocrx_word' id='word_1_120' title='bbox 426 1694 457 1748; x_wconf 91' lang='lat' dir='ltr'><strong>et</strong></span> <span class='ocrx_word' id='word_1_121' title='bbox 472 1680 555 1748; x_wconf 89' lang='lat' dir='ltr'><strong>Seal.</strong></span> <span class='ocrx_word' id='word_1_122' title='bbox 573 1686 718 1749; x_wconf 87' lang='lat' dir='ltr'><strong>accedere</strong></span> <span class='ocrx_word' id='word_1_123' title='bbox 731 1688 849 1766; x_wconf 85' lang='lat' dir='ltr'><strong>scribit,</strong></span> <span class='ocrx_word' id='word_1_124' title='bbox 867 1689 1020 1772; x_wconf 90' lang='lat' dir='ltr'><strong>inquibus</strong></span> <span class='ocrx_word' id='word_1_125' title='bbox 1037 1698 1084 1753; x_wconf 83' lang='lat' dir='ltr'><strong>‘et</strong></span> <span class='ocrx_word' id='word_1_126' title='bbox 1098 1685 1162 1752; x_wconf 88' lang='lat' dir='ltr'><strong>lX&#39;</strong></span> <span class='ocrx_word' id='word_1_127' title='bbox 1178 1690 1223 1753; x_wconf 89' lang='lat' dir='ltr'><strong>le-</strong></span> 
     </span>
     <span class='ocr_line' id='line_1_16' title="bbox 98 1786 1223 1875; baseline 0 -21"><span class='ocrx_word' id='word_1_128' title='bbox 98 1802 198 1875; x_wconf 88' lang='lat' dir='ltr'><strong>gatur,</strong></span> <span class='ocrx_word' id='word_1_129' title='bbox 215 1811 277 1853; x_wconf 92' lang='lat' dir='ltr'><strong>non</strong></span> <span class='ocrx_word' id='word_1_130' title='bbox 301 1786 492 1852; x_wconf 83' lang='lat' dir='ltr'><strong>‘cohortibus</strong></span> <span class='ocrx_word' id='word_1_131' title='bbox 506 1787 726 1872; x_wconf 86' lang='lat' dir='ltr'><strong>stipendiariis’</strong></span> <span class='ocrx_word' id='word_1_132' title='bbox 741 1789 773 1851; x_wconf 90' lang='lat' dir='ltr'><strong>in</strong></span> <span class='ocrx_word' id='word_1_133' title='bbox 789 1790 827 1852; x_wconf 88' lang='lat' dir='ltr'><strong>iis</strong></span> <span class='ocrx_word' id='word_1_134' title='bbox 842 1790 930 1854; x_wconf 89' lang='lat' dir='ltr'><strong>codd.</strong></span> <span class='ocrx_word' id='word_1_135' title='bbox 947 1791 1100 1855; x_wconf 86' lang='lat' dir='ltr'><strong>inuenisse</strong></span> <span class='ocrx_word' id='word_1_136' title='bbox 1116 1791 1223 1854; x_wconf 87' lang='lat' dir='ltr'><strong>existi-</strong></span> 
     </span>
     <span class='ocr_line' id='line_1_17' title="bbox 99 1888 1223 1974; baseline -0.002 -16"><span class='ocrx_word' id='word_1_137' title='bbox 99 1893 227 1958; x_wconf 85' lang='lat' dir='ltr'><strong>mandus</strong></span> <span class='ocrx_word' id='word_1_138' title='bbox 241 1902 300 1969; x_wconf 88' lang='lat' dir='ltr'><strong>est,</strong></span> <span class='ocrx_word' id='word_1_139' title='bbox 315 1891 368 1954; x_wconf 91' lang='lat' dir='ltr'><strong>sed</strong></span> <span class='ocrx_word' id='word_1_140' title='bbox 383 1889 433 1953; x_wconf 89' lang='lat' dir='ltr'><strong>illa</strong></span> <span class='ocrx_word' id='word_1_141' title='bbox 450 1898 494 1954; x_wconf 87' lang='lat' dir='ltr'><strong>‘et</strong></span> <span class='ocrx_word' id='word_1_142' title='bbox 509 1888 564 1953; x_wconf 89' lang='lat' dir='ltr'><strong>lX’</strong></span> <span class='ocrx_word' id='word_1_143' title='bbox 588 1892 699 1972; x_wconf 87' lang='lat' dir='ltr'><strong>scripta</strong></span> <span class='ocrx_word' id='word_1_144' title='bbox 715 1890 837 1973; x_wconf 90' lang='lat' dir='ltr'><strong>putabat</strong></span> <span class='ocrx_word' id='word_1_145' title='bbox 852 1912 905 1974; x_wconf 90' lang='lat' dir='ltr'><strong>pro</strong></span> <span class='ocrx_word' id='word_1_146' title='bbox 921 1904 992 1957; x_wconf 92' lang='lat' dir='ltr'><strong>nota</strong></span> <span class='ocrx_word' id='word_1_147' title='bbox 1007 1892 1155 1958; x_wconf 74' lang='lat' dir='ltr'><strong>octonarii</strong></span> <span class='ocrx_word' id='word_1_148' title='bbox 1169 1911 1223 1956; x_wconf 90' lang='lat' dir='ltr'><strong>nn·</strong></span> 
     </span>
     <span class='ocr_line' id='line_1_18' title="bbox 99 1988 1218 2075; baseline 0.001 -17"><span class='ocrx_word' id='word_1_149' title='bbox 99 1995 177 2058; x_wconf 73' lang='lat' dir='ltr'><strong>neri</strong></span> <span class='ocrx_word' id='word_1_150' title='bbox 202 1989 298 2069; x_wconf 91' lang='lat' dir='ltr'><strong>‘llX&#39;,</strong></span> <span class='ocrx_word' id='word_1_151' title='bbox 321 2013 377 2075; x_wconf 89' lang='lat' dir='ltr'><strong>qna</strong></span> <span class='ocrx_word' id='word_1_152' title='bbox 392 1993 458 2075; x_wconf 90' lang='lat' dir='ltr'><strong>ipse</strong></span> <span class='ocrx_word' id='word_1_153' title='bbox 474 1994 515 2055; x_wconf 90' lang='lat' dir='ltr'><strong>uti</strong></span> <span class='ocrx_word' id='word_1_154' title='bbox 538 1991 627 2056; x_wconf 90' lang='lat' dir='ltr'><strong>solet.</strong></span> <span class='ocrx_word' id='word_1_155' title='bbox 661 1988 699 2055; x_wconf 92' lang='lat' dir='ltr'><strong>C.</strong></span> <span class='ocrx_word' id='word_1_156' title='bbox 718 1990 770 2067; x_wconf 87' lang='grc'><strong>33,</strong></span> <span class='ocrx_word' id='word_1_157' title='bbox 788 1992 808 2056; x_wconf 90' lang='grc'><strong>3</strong></span> <span class='ocrx_word' id='word_1_158' title='bbox 823 1995 949 2057; x_wconf 89' lang='lat' dir='ltr'><strong>relatum</strong></span> <span class='ocrx_word' id='word_1_159' title='bbox 966 2009 1013 2060; x_wconf 88' lang='lat' dir='ltr'><strong>est</strong></span> <span class='ocrx_word' id='word_1_160' title='bbox 1028 1992 1218 2070; x_wconf 86' lang='lat' dir='ltr'><strong>Considium,</strong></span> 
     </span>
     <span class='ocr_line' id='line_1_19' title="bbox 102 2093 1222 2182; baseline 0 -21"><span class='ocrx_word' id='word_1_161' title='bbox 102 2117 172 2161; x_wconf 85' lang='lat' dir='ltr'><strong>cum</strong></span> <span class='ocrx_word' id='word_1_162' title='bbox 188 2105 257 2157; x_wconf 89' lang='lat' dir='ltr'><strong>cetu</strong></span> <span class='ocrx_word' id='word_1_163' title='bbox 271 2094 575 2159; x_wconf 85' lang='lat' dir='ltr'><strong>eohortesobsidendo</strong></span> <span class='ocrx_word' id='word_1_164' title='bbox 585 2093 787 2178; x_wconf 90' lang='lat' dir='ltr'><strong>oppidcpares</strong></span> <span class='ocrx_word' id='word_1_165' title='bbox 801 2115 860 2156; x_wconf 94' lang='lat' dir='ltr'><strong>non</strong></span> <span class='ocrx_word' id='word_1_166' title='bbox 877 2096 1042 2176; x_wconf 89' lang='lat' dir='ltr'><strong>iudicaret,</strong></span> <span class='ocrx_word' id='word_1_167' title='bbox 1066 2109 1222 2182; x_wconf 86' lang='lat' dir='ltr'><strong>praeterea</strong></span> 
     </span>
     <span class='ocr_line' id='line_1_20' title="bbox 99 2193 1221 2283; baseline 0.001 -22"><span class='ocrx_word' id='word_1_168' title='bbox 99 2207 261 2283; x_wconf 81' lang='lat' dir='ltr'><strong>equestres</strong></span> <span class='ocrx_word' id='word_1_169' title='bbox 274 2197 371 2280; x_wconf 85' lang='lat' dir='ltr'><strong>copias</strong></span> <span class='ocrx_word' id='word_1_170' title='bbox 385 2219 404 2261; x_wconf 91' lang='lat' dir='ltr'><strong>a</strong></span> <span class='ocrx_word' id='word_1_171' title='bbox 419 2195 557 2261; x_wconf 81' lang='lat' dir='ltr'><strong>Labieno</strong></span> <span class='ocrx_word' id='word_1_172' title='bbox 572 2196 746 2259; x_wconf 86' lang='lat' dir='ltr'><strong>adduxisse.</strong></span> <span class='ocrx_word' id='word_1_173' title='bbox 779 2193 883 2279; x_wconf 88' lang='lat' dir='ltr'><strong>ltaque</strong></span> <span class='ocrx_word' id='word_1_174' title='bbox 906 2199 991 2260; x_wconf 88' lang='lat' dir='ltr'><strong>codd.</strong></span> <span class='ocrx_word' id='word_1_175' title='bbox 1009 2201 1154 2283; x_wconf 86' lang='lat' dir='ltr'><strong>scriptura</strong></span> <span class='ocrx_word' id='word_1_176' title='bbox 1176 2200 1221 2263; x_wconf 87' lang='lat' dir='ltr'><strong>sie</strong></span> 
     </span>
     <span class='ocr_line' id='line_1_21' title="bbox 99 2294 1224 2385; baseline -0.004 -17"><span class='ocrx_word' id='word_1_177' title='bbox 99 2312 165 2368; x_wconf 88' lang='lat' dir='ltr'><strong>erat</strong></span> <span class='ocrx_word' id='word_1_178' title='bbox 179 2301 415 2365; x_wconf 79' lang='lat' dir='ltr'><strong>conformanda:</strong></span> <span class='ocrx_word' id='word_1_179' title='bbox 441 2298 509 2385; x_wconf 85' lang='lat' dir='ltr'><strong>‘qui</strong></span> <span class='ocrx_word' id='word_1_180' title='bbox 525 2297 653 2361; x_wconf 78' lang='lat' dir='ltr'><strong>Aciliam</strong></span> <span class='ocrx_word' id='word_1_181' title='bbox 672 2341 721 2360; x_wconf 86' lang='grc'><strong>...</strong></span> <span class='ocrx_word' id='word_1_182' title='bbox 739 2308 769 2359; x_wconf 93' lang='lat' dir='ltr'><strong>et</strong></span> <span class='ocrx_word' id='word_1_183' title='bbox 783 2294 860 2361; x_wconf 93' lang='lat' dir='ltr'><strong>Vlll</strong></span> <span class='ocrx_word' id='word_1_184' title='bbox 875 2299 1048 2365; x_wconf 85' lang='lat' dir='ltr'><strong>cohortibus</strong></span> <span class='ocrx_word' id='word_1_185' title='bbox 1063 2300 1224 2383; x_wconf 90' lang='lat' dir='ltr'><strong>stipendia-</strong></span> 
     </span>
     <span class='ocr_line' id='line_1_22' title="bbox 99 2397 1224 2488; baseline -0.004 -18"><span class='ocrx_word' id='word_1_186' title='bbox 99 2407 154 2470; x_wconf 85' lang='lat' dir='ltr'><strong>riis</strong></span> <span class='ocrx_word' id='word_1_187' title='bbox 173 2401 313 2468; x_wconf 86' lang='lat' dir='ltr'><strong>Numidis</strong></span> <span class='ocrx_word' id='word_1_188' title='bbox 334 2400 528 2484; x_wconf 77' lang='lat' dir='ltr'><strong>Gaetulisque</strong></span> <span class='ocrx_word' id='word_1_189' title='bbox 548 2398 732 2463; x_wconf 88' lang='lat' dir='ltr'><strong>obsidebat’.</strong></span> <span class='ocrx_word' id='word_1_190' title='bbox 771 2397 870 2465; x_wconf 88' lang='lat' dir='ltr'><strong>Periit</strong></span> <span class='ocrx_word' id='word_1_191' title='bbox 891 2402 969 2465; x_wconf 89' lang='lat' dir='ltr'><strong>enim</strong></span> <span class='ocrx_word' id='word_1_192' title='bbox 991 2405 1122 2488; x_wconf 87' lang='lat' dir='ltr'><strong>equitnm</strong></span> <span class='ocrx_word' id='word_1_193' title='bbox 1143 2423 1224 2466; x_wconf 86' lang='lat' dir='ltr'><strong>earn·</strong></span> 
     </span>
     <span class='ocr_line' id='line_1_23' title="bbox 100 2505 287 2573; baseline 0 -1"><span class='ocrx_word' id='word_1_194' title='bbox 100 2505 287 2573; x_wconf 84' lang='lat' dir='ltr'><strong>memoratio.</strong></span> 
     </span>
    </p>

    <p class='ocr_par' dir='ltr' id='par_1_5' title="bbox 58 2604 1232 4332">
     <span class='ocr_line' id='line_1_24' title="bbox 184 2604 1223 2693; baseline 0.001 -20"><span class='ocrx_word' id='word_1_195' title='bbox 184 2605 224 2673; x_wconf 88' lang='lat' dir='ltr'><strong>C.</strong></span> <span class='ocrx_word' id='word_1_196' title='bbox 241 2607 296 2687; x_wconf 81' lang='lat'><strong>45,</strong></span> <span class='ocrx_word' id='word_1_197' title='bbox 313 2606 334 2672; x_wconf 85' lang='lat'><strong>3</strong></span> <span class='ocrx_word' id='word_1_198' title='bbox 349 2609 485 2673; x_wconf 89' lang='lat' dir='ltr'><strong>centurio</strong></span> <span class='ocrx_word' id='word_1_199' title='bbox 500 2608 627 2693; x_wconf 82' lang='lat' dir='ltr'><strong>legionis</strong></span> <span class='ocrx_word' id='word_1_200' title='bbox 640 2604 843 2674; x_wconf 81' lang='lat' dir='ltr'><strong>Caesarianae</strong></span> <span class='ocrx_word' id='word_1_201' title='bbox 859 2622 982 2693; x_wconf 86' lang='lat' dir='ltr'><strong>quartae</strong></span> <span class='ocrx_word' id='word_1_202' title='bbox 994 2613 1138 2690; x_wconf 85' lang='lat' dir='ltr'><strong>decimae,</strong></span> <span class='ocrx_word' id='word_1_203' title='bbox 1155 2632 1223 2675; x_wconf 91' lang='lat' dir='ltr'><strong>cnm</strong></span> 
     </span>
     <span class='ocr_line' id='line_1_25' title="bbox 100 2710 1221 2797; baseline -0.003 -20"><span class='ocrx_word' id='word_1_204' title='bbox 100 2722 204 2797; x_wconf 85' lang='lat' dir='ltr'><strong>captus</strong></span> <span class='ocrx_word' id='word_1_205' title='bbox 218 2722 302 2777; x_wconf 86' lang='lat' dir='ltr'><strong>esset</strong></span> <span class='ocrx_word' id='word_1_206' title='bbox 316 2734 334 2776; x_wconf 89' lang='lat' dir='ltr'><strong>a</strong></span> <span class='ocrx_word' id='word_1_207' title='bbox 350 2710 509 2796; x_wconf 86' lang='lat' dir='ltr'><strong>Scipione,</strong></span> <span class='ocrx_word' id='word_1_208' title='bbox 533 2713 613 2775; x_wconf 91' lang='lat' dir='ltr'><strong>inter</strong></span> <span class='ocrx_word' id='word_1_209' title='bbox 633 2713 691 2776; x_wconf 91' lang='lat' dir='ltr'><strong>alia</strong></span> <span class='ocrx_word' id='word_1_210' title='bbox 707 2711 779 2776; x_wconf 91' lang='lat' dir='ltr'><strong>haec</strong></span> <span class='ocrx_word' id='word_1_211' title='bbox 795 2713 884 2789; x_wconf 91' lang='lat' dir='ltr'><strong>dicit,</strong></span> <span class='ocrx_word' id='word_1_212' title='bbox 908 2725 942 2776; x_wconf 91' lang='lat' dir='ltr'><strong>ut</strong></span> <span class='ocrx_word' id='word_1_213' title='bbox 956 2715 1073 2796; x_wconf 89' lang='lat' dir='ltr'><strong>quidem</strong></span> <span class='ocrx_word' id='word_1_214' title='bbox 1088 2715 1119 2776; x_wconf 92' lang='lat' dir='ltr'><strong>in</strong></span> <span class='ocrx_word' id='word_1_215' title='bbox 1135 2713 1221 2777; x_wconf 91' lang='lat' dir='ltr'><strong>eudd.</strong></span> 
     </span>
     <span class='ocr_line' id='line_1_26' title="bbox 99 2810 1222 2902; baseline -0.002 -23"><span class='ocrx_word' id='word_1_216' title='bbox 99 2816 256 2902; x_wconf 84' lang='lat' dir='ltr'><strong>leguntur:</strong></span> <span class='ocrx_word' id='word_1_217' title='bbox 283 2812 412 2898; x_wconf 81' lang='lat' dir='ltr'><strong>‘ligone</strong></span> <span class='ocrx_word' id='word_1_218' title='bbox 435 2826 540 2878; x_wconf 88' lang='lat' dir='ltr'><strong>contra</strong></span> <span class='ocrx_word' id='word_1_219' title='bbox 563 2810 745 2891; x_wconf 84' lang='lat' dir='ltr'><strong>Caesarem,</strong></span> <span class='ocrx_word' id='word_1_220' title='bbox 771 2814 979 2897; x_wconf 88' lang='lat' dir='ltr'><strong>imperatorem</strong></span> <span class='ocrx_word' id='word_1_221' title='bbox 1007 2835 1123 2890; x_wconf 88' lang='lat' dir='ltr'><strong>meum,</strong></span> <span class='ocrx_word' id='word_1_222' title='bbox 1146 2815 1222 2896; x_wconf 89' lang='lat' dir='ltr'><strong>apud</strong></span> 
     </span>
     <span class='ocr_line' id='line_1_27' title="bbox 101 2916 1225 3001; baseline -0.004 -18"><span class='ocrx_word' id='word_1_223' title='bbox 101 2940 185 3001; x_wconf 87' lang='lat' dir='ltr'><strong>quem</strong></span> <span class='ocrx_word' id='word_1_224' title='bbox 201 2917 339 2982; x_wconf 85' lang='lat' dir='ltr'><strong>ordinem</strong></span> <span class='ocrx_word' id='word_1_225' title='bbox 362 2919 453 2995; x_wconf 87' lang='lat' dir='ltr'><strong>duxi,</strong></span> <span class='ocrx_word' id='word_1_226' title='bbox 479 2919 600 2999; x_wconf 89' lang='lat' dir='ltr'><strong>eiusque</strong></span> <span class='ocrx_word' id='word_1_227' title='bbox 622 2917 806 2993; x_wconf 89' lang='lat' dir='ltr'><strong>exercitum,</strong></span> <span class='ocrx_word' id='word_1_228' title='bbox 831 2939 884 2999; x_wconf 92' lang='lat' dir='ltr'><strong>pro</strong></span> <span class='ocrx_word' id='word_1_229' title='bbox 906 2918 990 2981; x_wconf 88' lang='lat' dir='ltr'><strong>cuius</strong></span> <span class='ocrx_word' id='word_1_230' title='bbox 1013 2916 1158 2998; x_wconf 85' lang='lat' dir='ltr'><strong>dignitate</strong></span> <span class='ocrx_word' id='word_1_231' title='bbox 1179 2916 1225 2978; x_wconf 93' lang='lat' dir='ltr'><strong>ui·</strong></span> 
     </span>
     <span class='ocr_line' id='line_1_28' title="bbox 100 3015 1224 3105; baseline -0.004 -19"><span class='ocrx_word' id='word_1_232' title='bbox 100 3022 254 3105; x_wconf 86' lang='lat' dir='ltr'><strong>etnriaque</strong></span> <span class='ocrx_word' id='word_1_233' title='bbox 269 3020 395 3104; x_wconf 90' lang='lat' dir='ltr'><strong>arnplius</strong></span> <span class='ocrx_word' id='word_1_234' title='bbox 409 3015 556 3082; x_wconf 81' lang='lat' dir='ltr'>XXXVI</span> <span class='ocrx_word' id='word_1_235' title='bbox 570 3019 657 3081; x_wconf 86' lang='lat' dir='ltr'><strong>annis</strong></span> <span class='ocrx_word' id='word_1_236' title='bbox 672 3018 850 3102; x_wconf 80' lang='lat' dir='ltr'><strong>depugnari,</strong></span> <span class='ocrx_word' id='word_1_237' title='bbox 868 3020 1016 3082; x_wconf 89' lang='lat' dir='ltr'><strong>aduersus</strong></span> <span class='ocrx_word' id='word_1_238' title='bbox 1032 3028 1224 3100; x_wconf 88' lang='lat' dir='ltr'><strong>armatusque</strong></span> 
     </span>
     <span class='ocr_line' id='line_1_29' title="bbox 101 3117 1225 3204; baseline -0.006 -15"><span class='ocrx_word' id='word_1_239' title='bbox 101 3121 294 3188; x_wconf 79' lang='lat' dir='ltr'><strong>consistami’</strong></span> <span class='ocrx_word' id='word_1_240' title='bbox 330 3119 475 3203; x_wconf 81' lang='lat' dir='ltr'><strong>Quartam</strong></span> <span class='ocrx_word' id='word_1_241' title='bbox 500 3120 646 3184; x_wconf 89' lang='lat' dir='ltr'><strong>decimam</strong></span> <span class='ocrx_word' id='word_1_242' title='bbox 668 3120 815 3204; x_wconf 89' lang='lat' dir='ltr'><strong>legionem</strong></span> <span class='ocrx_word' id='word_1_243' title='bbox 838 3143 867 3204; x_wconf 86' lang='lat' dir='ltr'><strong>p.</strong></span> <span class='ocrx_word' id='word_1_244' title='bbox 892 3120 953 3183; x_wconf 82' lang='lat'><strong>119</strong></span> <span class='ocrx_word' id='word_1_245' title='bbox 976 3120 1059 3184; x_wconf 88' lang='lat' dir='ltr'><strong>docui</strong></span> <span class='ocrx_word' id='word_1_246' title='bbox 1083 3140 1162 3182; x_wconf 90' lang='lat' dir='ltr'><strong>anno</strong></span> <span class='ocrx_word' id='word_1_247' title='bbox 1183 3117 1225 3182; x_wconf 81' lang='lat'><strong>53</strong></span> 
     </span>
     <span class='ocr_line' id='line_1_30' title="bbox 99 3219 1225 3309; baseline -0.006 -18"><span class='ocrx_word' id='word_1_248' title='bbox 99 3227 301 3309; x_wconf 84' lang='lat' dir='ltr'><strong>conscriptam</strong></span> <span class='ocrx_word' id='word_1_249' title='bbox 326 3245 405 3288; x_wconf 91' lang='lat' dir='ltr'><strong>esse.</strong></span> <span class='ocrx_word' id='word_1_250' title='bbox 453 3219 514 3287; x_wconf 92' lang='lat' dir='ltr'><strong>Sed</strong></span> <span class='ocrx_word' id='word_1_251' title='bbox 536 3224 741 3286; x_wconf 89' lang='lat' dir='ltr'><strong>centurionem</strong></span> <span class='ocrx_word' id='word_1_252' title='bbox 765 3223 829 3286; x_wconf 92' lang='lat' dir='ltr'><strong>eius</strong></span> <span class='ocrx_word' id='word_1_253' title='bbox 851 3223 979 3304; x_wconf 82' lang='lat' dir='ltr'><strong>legionis</strong></span> <span class='ocrx_word' id='word_1_254' title='bbox 1002 3223 1060 3286; x_wconf 89' lang='lat' dir='ltr'><strong>iam</strong></span> <span class='ocrx_word' id='word_1_255' title='bbox 1083 3220 1225 3285; x_wconf 84' lang='lat' dir='ltr'><strong>antesin</strong></span> 
     </span>
     <span class='ocr_line' id='line_1_31' title="bbox 100 3323 1226 3394; baseline -0.008 0"><span class='ocrx_word' id='word_1_256' title='bbox 100 3329 239 3394; x_wconf 83' lang='lat' dir='ltr'><strong>exercitu</strong></span> <span class='ocrx_word' id='word_1_257' title='bbox 255 3325 399 3391; x_wconf 82' lang='lat' dir='ltr'><strong>Caesaris</strong></span> <span class='ocrx_word' id='word_1_258' title='bbox 416 3326 559 3389; x_wconf 84' lang='lat' dir='ltr'><strong>militasse</strong></span> <span class='ocrx_word' id='word_1_259' title='bbox 574 3325 737 3389; x_wconf 88' lang='lat' dir='ltr'><strong>uerisimile</strong></span> <span class='ocrx_word' id='word_1_260' title='bbox 760 3337 816 3389; x_wconf 88' lang='lat' dir='ltr'><strong>est.</strong></span> <span class='ocrx_word' id='word_1_261' title='bbox 852 3323 964 3388; x_wconf 88' lang='lat' dir='ltr'><strong>Verum</strong></span> <span class='ocrx_word' id='word_1_262' title='bbox 980 3347 1044 3388; x_wconf 89' lang='lat' dir='ltr'><strong>eum</strong></span> <span class='ocrx_word' id='word_1_263' title='bbox 1061 3345 1156 3387; x_wconf 90' lang='lat' dir='ltr'><strong>annas</strong></span> <span class='ocrx_word' id='word_1_264' title='bbox 1172 3345 1226 3386; x_wconf 89' lang='lat' dir='ltr'><strong>nn·</strong></span> 
     </span>
     <span class='ocr_line' id='line_1_32' title="bbox 99 3425 1225 3512; baseline -0.008 -16"><span class='ocrx_word' id='word_1_265' title='bbox 99 3443 216 3509; x_wconf 82' lang='lat' dir='ltr'><strong>meret,</strong></span> <span class='ocrx_word' id='word_1_266' title='bbox 242 3430 349 3512; x_wconf 88' lang='lat' dir='ltr'><strong>quibus</strong></span> <span class='ocrx_word' id='word_1_267' title='bbox 374 3449 428 3512; x_wconf 88' lang='lat' dir='ltr'><strong>prc</strong></span> <span class='ocrx_word' id='word_1_268' title='bbox 452 3429 597 3512; x_wconf 87' lang='lat' dir='ltr'><strong>dignitate</strong></span> <span class='ocrx_word' id='word_1_269' title='bbox 620 3425 796 3492; x_wconf 88' lang='lat' dir='ltr'><strong>Caesariani</strong></span> <span class='ocrx_word' id='word_1_270' title='bbox 821 3428 972 3491; x_wconf 80' lang='lat' dir='ltr'><strong>exereitus</strong></span> <span class='ocrx_word' id='word_1_271' title='bbox 995 3427 1225 3510; x_wconf 90' lang='lat' dir='ltr'><strong>depugnanerit‚</strong></span> 
     </span>
     <span class='ocr_line' id='line_1_33' title="bbox 100 3526 1227 3618; baseline -0.005 -21"><span class='ocrx_word' id='word_1_272' title='bbox 100 3555 162 3598; x_wconf 90' lang='lat' dir='ltr'><strong>non</strong></span> <span class='ocrx_word' id='word_1_273' title='bbox 176 3554 269 3618; x_wconf 90' lang='lat' dir='ltr'><strong>posse</strong></span> <span class='ocrx_word' id='word_1_274' title='bbox 292 3552 358 3595; x_wconf 91' lang='lat' dir='ltr'><strong>enm</strong></span> <span class='ocrx_word' id='word_1_275' title='bbox 376 3529 454 3593; x_wconf 84' lang='lat' dir='ltr'><strong>ultra</strong></span> <span class='ocrx_word' id='word_1_276' title='bbox 468 3551 577 3593; x_wconf 89' lang='lat' dir='ltr'><strong>annum</strong></span> <span class='ocrx_word' id='word_1_277' title='bbox 600 3528 642 3595; x_wconf 81' lang='lat'><strong>58</strong></span> <span class='ocrx_word' id='word_1_278' title='bbox 657 3532 814 3615; x_wconf 87' lang='lat' dir='ltr'><strong>progredi,</strong></span> <span class='ocrx_word' id='word_1_279' title='bbox 841 3552 897 3611; x_wconf 90' lang='lat' dir='ltr'><strong>qna</strong></span> <span class='ocrx_word' id='word_1_280' title='bbox 914 3527 1031 3594; x_wconf 88' lang='lat' dir='ltr'><strong>Caesar</strong></span> <span class='ocrx_word' id='word_1_281' title='bbox 1052 3531 1083 3592; x_wconf 94' lang='lat' dir='ltr'><strong>in</strong></span> <span class='ocrx_word' id='word_1_282' title='bbox 1100 3526 1227 3593; x_wconf 89' lang='lat' dir='ltr'><strong>Galliam</strong></span> 
     </span>
     <span class='ocr_line' id='line_1_34' title="bbox 100 3631 1228 3719; baseline -0.004 -19"><span class='ocrx_word' id='word_1_283' title='bbox 100 3638 199 3713; x_wconf 87' lang='lat' dir='ltr'><strong>uenit,</strong></span> <span class='ocrx_word' id='word_1_284' title='bbox 216 3645 349 3719; x_wconf 88' lang='lat' dir='ltr'><strong>apertum</strong></span> <span class='ocrx_word' id='word_1_285' title='bbox 367 3644 425 3711; x_wconf 92' lang='lat' dir='ltr'><strong>est,</strong></span> <span class='ocrx_word' id='word_1_286' title='bbox 443 3645 474 3697; x_wconf 94' lang='lat' dir='ltr'><strong>et</strong></span> <span class='ocrx_word' id='word_1_287' title='bbox 489 3635 682 3697; x_wconf 84' lang='lat' dir='ltr'><strong>uehernenter</strong></span> <span class='ocrx_word' id='word_1_288' title='bbox 696 3645 778 3695; x_wconf 91' lang='lat' dir='ltr'><strong>errat</strong></span> <span class='ocrx_word' id='word_1_289' title='bbox 795 3631 1017 3717; x_wconf 90' lang='lat' dir='ltr'><strong>Glandorpius,</strong></span> <span class='ocrx_word' id='word_1_290' title='bbox 1033 3632 1083 3714; x_wconf 88' lang='lat' dir='ltr'><strong>qui</strong></span> <span class='ocrx_word' id='word_1_291' title='bbox 1099 3653 1228 3696; x_wconf 90' lang='lat' dir='ltr'><strong>annosa</strong></span> 
     </span>
     <span class='ocr_line' id='line_1_35' title="bbox 101 3733 1229 3824; baseline -0.004 -21"><span class='ocrx_word' id='word_1_292' title='bbox 101 3750 244 3824; x_wconf 87' lang='lat' dir='ltr'><strong>praetura</strong></span> <span class='ocrx_word' id='word_1_293' title='bbox 268 3733 414 3800; x_wconf 87' lang='lat' dir='ltr'><strong>Caesaris</strong></span> <span class='ocrx_word' id='word_1_294' title='bbox 437 3736 635 3800; x_wconf 88' lang='lat' dir='ltr'><strong>numerandos</strong></span> <span class='ocrx_word' id='word_1_295' title='bbox 664 3735 861 3798; x_wconf 78' lang='lat' dir='ltr'><strong>existimauit.</strong></span> <span class='ocrx_word' id='word_1_296' title='bbox 900 3736 944 3799; x_wconf 78' lang='lat' dir='ltr'><strong>At</strong></span> <span class='ocrx_word' id='word_1_297' title='bbox 965 3736 1014 3798; x_wconf 92' lang='lat' dir='ltr'><strong>nel</strong></span> <span class='ocrx_word' id='word_1_298' title='bbox 1040 3755 1081 3798; x_wconf 79' lang='lat' dir='ltr'><strong>ea</strong></span> <span class='ocrx_word' id='word_1_299' title='bbox 1101 3755 1138 3797; x_wconf 91' lang='lat' dir='ltr'><strong>en</strong></span> <span class='ocrx_word' id='word_1_300' title='bbox 1160 3736 1229 3798; x_wconf 91' lang='lat' dir='ltr'><strong>inde</strong></span> 
     </span>
     <span class='ocr_line' id='line_1_36' title="bbox 58 3836 1229 3926; baseline -0.006 -20"><span class='ocrx_word' id='word_1_301' title='bbox 58 3880 63 3889; x_wconf 79' lang='lat'><em>=</em></span> <span class='ocrx_word' id='word_1_302' title='bbox 100 3841 306 3926; x_wconf 84' lang='lat' dir='ltr'><strong>temporeuix</strong></span> <span class='ocrx_word' id='word_1_303' title='bbox 321 3840 471 3902; x_wconf 90' lang='lat' dir='ltr'><strong>dimidium</strong></span> <span class='ocrx_word' id='word_1_304' title='bbox 494 3838 621 3922; x_wconf 87' lang='lat' dir='ltr'><strong>spatium</strong></span> <span class='ocrx_word' id='word_1_305' title='bbox 645 3838 801 3901; x_wconf 87' lang='lat' dir='ltr'><strong>conficitur</strong></span> <span class='ocrx_word' id='word_1_306' title='bbox 824 3839 908 3916; x_wconf 91' lang='lat' dir='ltr'><strong>eius,</strong></span> <span class='ocrx_word' id='word_1_307' title='bbox 932 3839 1009 3920; x_wconf 90' lang='lat' dir='ltr'><strong>qnod</strong></span> <span class='ocrx_word' id='word_1_308' title='bbox 1033 3836 1081 3901; x_wconf 90' lang='lat' dir='ltr'><strong>hic</strong></span> <span class='ocrx_word' id='word_1_309' title='bbox 1101 3837 1229 3920; x_wconf 88' lang='lat' dir='ltr'><strong>positum</strong></span> 
     </span>
     <span class='ocr_line' id='line_1_37' title="bbox 98 3941 1230 4025; baseline -0.006 -16"><span class='ocrx_word' id='word_1_310' title='bbox 98 3956 159 4009; x_wconf 91' lang='lat' dir='ltr'><strong>est.</strong></span> <span class='ocrx_word' id='word_1_311' title='bbox 192 3941 297 4025; x_wconf 89' lang='lat' dir='ltr'><strong>ltaque</strong></span> <span class='ocrx_word' id='word_1_312' title='bbox 312 3951 464 4004; x_wconf 85' lang='lat' dir='ltr'><strong>auctorem</strong></span> <span class='ocrx_word' id='word_1_313' title='bbox 480 3942 522 4003; x_wconf 84' lang='lat' dir='ltr'><strong>ita</strong></span> <span class='ocrx_word' id='word_1_314' title='bbox 545 3941 703 4023; x_wconf 89' lang='lat' dir='ltr'><strong>scripsisse</strong></span> <span class='ocrx_word' id='word_1_315' title='bbox 718 3941 859 4005; x_wconf 88' lang='lat' dir='ltr'><strong>arbitror:</strong></span> <span class='ocrx_word' id='word_1_316' title='bbox 887 3948 953 4024; x_wconf 87' lang='lat' dir='ltr'><strong>‘pro</strong></span> <span class='ocrx_word' id='word_1_317' title='bbox 977 3941 1061 4004; x_wconf 88' lang='lat' dir='ltr'><strong>euius</strong></span> <span class='ocrx_word' id='word_1_318' title='bbox 1083 3941 1230 4024; x_wconf 87' lang='lat' dir='ltr'><strong>dignitate</strong></span> 
     </span>
     <span class='ocr_line' id='line_1_38' title="bbox 101 4038 1231 4128; baseline -0.009 -17"><span class='ocrx_word' id='word_1_319' title='bbox 101 4047 289 4128; x_wconf 88' lang='lat' dir='ltr'><strong>uictoriaque</strong></span> <span class='ocrx_word' id='word_1_320' title='bbox 304 4044 429 4126; x_wconf 81' lang='lat' dir='ltr'><strong>amplius</strong></span> <span class='ocrx_word' id='word_1_321' title='bbox 446 4044 550 4107; x_wconf 90' lang='lat' dir='ltr'><strong>tricies</strong></span> <span class='ocrx_word' id='word_1_322' title='bbox 566 4044 657 4106; x_wconf 87' lang='lat' dir='ltr'><strong>armis</strong></span> <span class='ocrx_word' id='word_1_323' title='bbox 675 4045 863 4128; x_wconf 86' lang='lat' dir='ltr'><strong>depugnaui&#39;.</strong></span> <span class='ocrx_word' id='word_1_324' title='bbox 904 4040 949 4106; x_wconf 86' lang='lat' dir='ltr'><strong>lta</strong></span> <span class='ocrx_word' id='word_1_325' title='bbox 967 4044 995 4104; x_wconf 93' lang='lat' dir='ltr'><strong>b.</strong></span> <span class='ocrx_word' id='word_1_326' title='bbox 1012 4044 1105 4107; x_wconf 81' lang='lat' dir='ltr'><strong>Alex.</strong></span> <span class='ocrx_word' id='word_1_327' title='bbox 1124 4042 1185 4118; x_wconf 77' lang='lat'><strong>74,</strong></span> <span class='ocrx_word' id='word_1_328' title='bbox 1211 4038 1231 4101; x_wconf 94' lang='grc'><strong>3</strong></span> 
     </span>
     <span class='ocr_line' id='line_1_39' title="bbox 99 4144 1232 4234; baseline -0.009 -21"><span class='ocrx_word' id='word_1_329' title='bbox 99 4149 193 4234; x_wconf 86' lang='lat' dir='ltr'><strong>legati</strong></span> <span class='ocrx_word' id='word_1_330' title='bbox 219 4145 387 4212; x_wconf 88' lang='lat' dir='ltr'><strong>Pharnacis</strong></span> <span class='ocrx_word' id='word_1_331' title='bbox 409 4146 529 4229; x_wconf 85' lang='lat' dir='ltr'><strong>gloriati</strong></span> <span class='ocrx_word' id='word_1_332' title='bbox 552 4166 621 4209; x_wconf 89' lang='lat' dir='ltr'><strong>esse</strong></span> <span class='ocrx_word' id='word_1_333' title='bbox 641 4145 782 4208; x_wconf 91' lang='lat' dir='ltr'><strong>dicuntur</strong></span> <span class='ocrx_word' id='word_1_334' title='bbox 801 4148 968 4209; x_wconf 87' lang='lat' dir='ltr'><strong>exercitum</strong></span> <span class='ocrx_word' id='word_1_335' title='bbox 997 4148 1060 4210; x_wconf 90' lang='lat' dir='ltr'><strong>eius</strong></span> <span class='ocrx_word' id='word_1_336' title='bbox 1083 4144 1178 4207; x_wconf 90' lang='lat' dir='ltr'><strong>uicies</strong></span> <span class='ocrx_word' id='word_1_337' title='bbox 1201 4152 1232 4203; x_wconf 93' lang='lat' dir='ltr'><strong>et</strong></span> 
     </span>
     <span class='ocr_line' id='line_1_40' title="bbox 100 4244 1231 4332; baseline -0.012 -14"><span class='ocrx_word' id='word_1_338' title='bbox 100 4254 148 4320; x_wconf 91' lang='lat' dir='ltr'><strong>bis</strong></span> <span class='ocrx_word' id='word_1_339' title='bbox 162 4254 195 4317; x_wconf 90' lang='lat' dir='ltr'><strong>in</strong></span> <span class='ocrx_word' id='word_1_340' title='bbox 209 4252 277 4317; x_wconf 89' lang='lat' dir='ltr'><strong>acie</strong></span> <span class='ocrx_word' id='word_1_341' title='bbox 293 4249 480 4316; x_wconf 83' lang='lat' dir='ltr'><strong>conflixisse.</strong></span> <span class='ocrx_word' id='word_1_342' title='bbox 513 4247 572 4314; x_wconf 90' lang='lat' dir='ltr'><strong>llic</strong></span> <span class='ocrx_word' id='word_1_343' title='bbox 590 4268 681 4325; x_wconf 91' lang='lat' dir='ltr'><strong>uero,</strong></span> <span class='ocrx_word' id='word_1_344' title='bbox 706 4249 774 4330; x_wconf 87' lang='lat' dir='ltr'><strong>quia</strong></span> <span class='ocrx_word' id='word_1_345' title='bbox 791 4247 936 4332; x_wconf 85' lang='lat' dir='ltr'><strong>‘amplius&#39;</strong></span> <span class='ocrx_word' id='word_1_346' title='bbox 953 4248 1099 4320; x_wconf 87' lang='lat' dir='ltr'><strong>adicitur,</strong></span> <span class='ocrx_word' id='word_1_347' title='bbox 1127 4244 1231 4327; x_wconf 89' lang='lat' dir='ltr'><strong>plenus</strong></span> 
     </span>
    </p>
   </div>
   <div class='ocr_carea' id='block_1_3' title="bbox 0 0 1356 4688">
    <p class='ocr_par' dir='ltr' id='par_1_6' title="bbox 0 0 1356 4688">
     <span class='ocr_line' id='line_1_41' title="bbox 0 0 1356 4688; baseline 0 0"><span class='ocrx_word' id='word_1_348' title='bbox 0 0 1356 4688; x_wconf 95' lang='lat' dir='ltr'><strong> </strong></span> 
     </span>
    </p>
   </div>
  </div>
 </body>
</html>
