2692 4688
532 206 858 276 -182—

137 384 321 450 commodum
338 382 450 447 uirtute
464 381 640 445 sarciretur.
670 377 758 463 Quod
774 379 800 442 si
816 387 897 441 essct
912 377 1034 453 lactum,
1052 373 1265 439 detrimentum

137 489 168 552 iu
183 489 293 552 bouum
309 495 453 562 uerteret,
471 484 515 549 uti
531 484 568 548 ad
583 481 767 566 Gergouiam
782 479 953 556 accidisset,
971 487 1060 561 atque
1074 478 1108 556 ii,
1126 479 1177 561 qui
1193 489 1267 543 ante

138 591 279 655 dimicare
294 588 481 663 timuissent,
507 585 585 649 ultro
600 606 634 649 se
649 585 763 670 proelio
779 583 944 647 olierreut'z
962 581 991 644 iu
1008 582 1095 645 codd.
1111 591 1183 644 aute
1200 580 1268 645 ‘de-

139 692 318 756 trimentum'
336 689 465 754 adicitur
481 689 535 751 ‘ut'
552 688 708 772 particula.
737 683 796 750 Sed
813 694 896 749 recte
912 684 1033 747 defensa
1049 704 1102 760 ea,
1119 703 1197 766 quaa
1212 704 1268 769 po·

138 795 198 873 sui,
215 815 232 858 a
249 792 329 857 nullo
344 802 425 869 suut,
444 791 521 874 quod
536 791 643 853 seiam.
669 787 704 854 Si
713 797 853 853 accurate
864 785 1007 870 seriptum
1018 795 1110 863 esset,
1128 795 1267 869 apertum

139 908 187 962 est
202 908 339 961 extrema
354 893 446 958 uerba
462 914 516 978 per
530 893 734 957 accusatiuum
750 900 781 953 et
794 887 973 952 iuliultiuum
998 887 1091 952 luisse
1106 888 1268 953 enuntian-

139 997 195 1062 da:
220 996 416 1080 nequeenim
438 996 597 1060 relatiuam
619 995 656 1057 ad
678 992 771 1057 uerba
796 993 951 1055 ‘uerteret'
968 1001 998 1054 et
1014 989 1182 1053 ‘offerrem'
1198 1010 1269 1075 per-

141 1101 230 1174 tinet,
248 1100 324 1182 quod
335 1097 604 1183 peruersequidam
612 1096 819 1160 demonstrare
828 1093 925 1157 conati
935 1103 1017 1157 suut.
1034 1090 1272 1157 Vernmaeeidit

140 1202 200 1278 lric,
219 1202 295 1284 quod
312 1198 484 1284 Maduigias
500 1200 536 1263 ad
553 1195 620 1263 Cic.
640 1200 677 1262 du
692 1198 744 1261 liu.
761 1193 820 1276 111,
839 1195 891 1274 15,
916 1195 958 1261 50
979 1215 1201 1278 nonnumquam
1224 1194 1271 1258 l'a-

141 1314 220 1367 ctum
236 1324 305 1368 esse
321 1303 437 1380 docuit,
461 1313 495 1366 ut
509 1303 628 1386 obliqua
644 1299 741 1364 oratio
757 1298 919 1363 indicatluo
941 1298 1073 1362 directae
1093 1297 1126 1360 in
1140 1296 1269 1361 coniun-

140 1406 249 1468 ctiuum
274 1415 388 1468 mutato
411 1405 651 1488 significaretur:
677 1423 718 1465 ex
748 1422 806 1485 quo
834 1421 946 1487 genere
966 1410 1013 1463 est
1034 1399 1085 1464 illa
1105 1394 1271 1465 Ciceronis

140 1507 224 1569 loeus
241 1515 290 1585 at,
314 1527 388 1589 quus
413 1504 583 1591 Maduigius
604 1505 760 1588 ascripsit,
786 1504 823 1568 de
839 1503 890 1566 oli.
908 1500 935 1581 1,
952 1501 1007 1580 44,
1025 1500 1088 1565 158
1103 1512 1134 1566 et
1148 1502 1267 1567 donat.

141 1609 225 1671 dror.
241 1604 267 1685 1,
292 1606 346 1683 44,
368 1606 438 1670 123.
462 1605 541 1673 ldem
558 1607 669 1673 adiecit
683 1606 820 1670 accidere
836 1606 892 1669 hoc
900 1605 1097 1668 condicionali
1109 1604 1270 1670 enuntiato

142 1709 239 1786 illato,
256 1709 341 1772 cuius
358 1711 453 1775 torma
467 1710 593 1774 alterius
606 1708 872 1773 conformationem
884 1708 1027 1772 traheret.
1050 1706 1162 1794 Neque
1170 1716 1272 1773 enea

143 1812 287 1875 eiusmodi
315 1813 544 1876 excusationem
575 1812 685 1876 hahent
715 1812 788 1875 laec
818 1807 913 1876 Corn.
946 1808 1027 1895 Nep.
1051 1809 1161 1874 Them.
1183 1809 1218 1889 7,
1248 1808 1273 1875 d

144 1921 268 1996 ‘quare‚
292 1913 317 1976 si
334 1934 405 1980 suos
420 1915 537 2000 legatos
553 1914 687 1998 recipere
703 1914 834 1991 uellent,
859 1933 932 1997 quos
953 1911 1090 1976 Athenas
1110 1912 1271 1992 miserant,

144 2037 178 2079 se
192 2016 398 2080 remitterent:
424 2019 513 2083 aliter
533 2018 600 2081 illos
616 2038 774 2099 numquam
790 2018 821 2081 in
837 2016 962 2100 patriam
979 2026 1082 2079 esseut
1096 2015 1272 2099 recepturi’,

144 2130 174 2182 ct
188 2117 218 2180 lu.
236 2118 307 2181 Alr.
324 2118 378 2197 31,
401 2118 422 2183 3
445 2119 716 2184 ‘animaduertebat
729 2120 820 2196 enim,
843 2139 1020 2202 quamquam
1037 2117 1151 2204 magnis
1166 2129 1274 2185 essene

145 2222 239 2305 copiis
255 2222 420 2286 aduersarii
439 2224 518 2296 freti,
536 2234 634 2286 tamen
650 2242 773 2304 saepen
789 2242 824 2285 se
839 2221 961 2305 iugatis,
980 2221 1073 2305 pulsis
1088 2219 1275 2304 perterritis-

145 2347 203 2409 que
217 2336 249 2388 et
263 2345 437 2388 concessam
454 2326 544 2389 uitam
562 2336 591 2388 et
606 2325 709 2410 ignota
725 2334 865 2408 peccata:
885 2323 991 2405 quibus
1005 2323 1096 2387 rebus
1111 2344 1271 2406 numquam

145 2438 230 2492 tactu
246 2437 417 2510 suppeteret
432 2426 620 2510 exipsorum
636 2427 746 2491 inertia
761 2425 1005 2507 conscientiaque
1019 2425 1109 2488 animi
1125 2426 1274 2492 uictoriae

146 2529 265 2606 fiducia,
283 2539 317 2591 ut
332 2538 432 2591 castra
448 2549 501 2592 sua
519 2529 630 2593 adoriri
646 2528 813 2594 auderent'.
846 2525 906 2593 Sed
922 2527 999 2610 quod
1022 2528 1052 2590 iu
1071 2528 1127 2592 hor
1142 2528 1221 2593 libro
1234 2530 1274 2595 ot

145 2630 326 2715 peculiarem
343 2630 408 2694 eius
424 2651 556 2710 causam,
575 2633 612 2697 de
627 2653 684 2716 qua
701 2633 777 2710 dixi,
794 2633 924 2713 itemque
935 2624 1197 2713 apudCoruelium
1206 2628 1275 2699 Nc·

145 2743 264 2817 potem,
289 2733 338 2816 qui
361 2754 505 2817 persaepe
526 2735 790 2820 neglegentissime
812 2736 1016 2798 conformasse
1039 2734 1207 2797 orationem
1222 2734 1274 2799 dr·

146 2836 359 2919 prehenditur,
381 2835 566 2901 tolerandum
583 2848 647 2914 est,
671 2838 702 2901 iu
723 2847 867 2903 accurato
889 2847 920 2900 et
942 2836 1100 2900 emendato
1125 2837 1275 2922 scriptore

146 2937 336 3001 librariorum
353 2938 450 3002 emori
466 2938 653 3005 mouentum
669 2951 763 3004 esset.

233 3036 272 3104 C.
289 3037 343 3117 74,
363 3038 379 3101 1
398 3042 440 3105 ita
456 3041 549 3106 edidit
574 3041 652 3107 ‘Hac
668 3042 767 3107 habita
782 3042 923 3106 contione
937 3039 1097 3104 nonnullos
1111 3040 1275 3124 signiferos

147 3141 310 3225 ignominia
326 3143 444 3207 notauit
456 3165 492 3207 ac
509 3144 576 3208 loco
591 3147 695 3209 mouit.
720 3144 868 3209 Exercitn
883 3143 998 3227 quidem
1015 3144 1095 3207 amai
1110 3154 1212 3209 tantus
1226 3144 1275 3209 in·

149 3242 242 3307 cessit
257 3262 298 3305 ex
312 3243 500 3311 incommodo
516 3248 602 3311 dolor
615 3258 788 3330 tantumque
797 3247 925 3311 studium
935 3246 1074 3310 iulamiae
1083 3246 1274 3322 sarciendae,

149 3354 182 3410 at
197 3363 286 3407 nemo
308 3354 361 3407 aut
378 3347 488 3411 tribuni
512 3360 564 3413 aut
584 3351 769 3417 centurionis
784 3350 941 3434 imperium
956 3349 1153 3428 desideraret,
1171 3360 1204 3413 et
1217 3348 1276 3417 sihi

149 3445 273 3534 quisque
289 3447 376 3510 etiam
394 3470 506 3536 poenae
522 3451 589 3517 loeo
604 3454 761 3537 grauiores
777 3452 944 3535 imponeret
963 3451 1101 3530 labores,
1125 3451 1277 3538 simulque

150 3566 254 3611 omnes
270 3550 411 3615 arderent
425 3553 585 3637 eupiditate
600 3555 769 3639 pugnandi,
795 3574 859 3619 oum
875 3555 1040 3639 superioris
1056 3555 1145 3619 etia·
1160 3554 1277 3621 ordinis

149 3650 286 3714 nonnulli
308 3654 426 3720 ratione
449 3657 574 3739 permoti
599 3658 775 3722 manendum
798 3676 836 3721 eo
858 3655 925 3721 loeo
941 3667 971 3720 et
985 3677 1048 3721 rem
1065 3655 1181 3741 proelio
1196 3678 1279 3723 aon·

149 3752 323 3817 mittendam
332 3756 566 3822 existimarent.
591 3756 638 3824 tte
654 3758 784 3823 ablatiuo
802 3759 963 3823 ‘exercitu'
979 3759 1042 3825 dixi
1059 3780 1089 3843 p.
1107 3756 1182 3823 150.
1202 3757 1279 3825 ‘ttr-

150 3854 233 3921 tioue
254 3860 391 3941 permoti’
414 3858 495 3924 0ud.
513 3861 572 3946 legi
593 3864 687 3926 relect
708 3863 739 3924 iu
762 3861 912 3948 ‘quinque
935 3859 1033 3924 codd.’
1056 3872 1162 3945 estque
1181 3861 1226 3926 ita
1245 3862 1279 3927 in

150 3955 223 4021 Par.
241 3980 323 4023 sec:
347 3963 439 4025 edunt
456 3964 627 4028 ‘oratione'.
660 3963 772 4028 Verum
790 3964 816 4027 si
832 3964 968 4028 homines
984 3963 1148 4048 superioris
1164 3963 1280 4029 ordiris

152 4062 293 4129 contione
309 4086 328 4127 a
344 4059 478 4129 Caesare
493 4064 593 4128 habita
607 4068 732 4149 permoti
748 4078 860 4145 essent,
879 4067 954 4130 nihil
968 4067 1006 4130 iis
1022 4066 1101 4130 aliud
1117 4064 1281 4132 accidisset

151 4184 237 4245 mam
253 4165 407 4230 militibus.
436 4163 533 4229 Vnica
547 4185 619 4231 uera
635 4178 682 4231 est
697 4168 784 4233 codd.
801 4171 962 4256 scriptura.
993 4168 1111 4255 Vulgus
1126 4168 1207 4232 euim
1221 4169 1279 4235 mi·

151 4267 236 4331 litum
251 4267 355 4332 dolore
370 4267 550 4353 ignominiae
566 4280 598 4334 et
611 4290 702 4336 caeco
716 4272 829 4357 impeta
842 4274 878 4337 ad
895 4292 1023 4357 pugnam
1037 4270 1207 4353 terebatur,
1228 4292 1281 4339 ea·
