2692 4688
479 204 621 275 count.
637 205 684 274 Vl
698 204 795 275 (lulla
811 204 962 274 ts-aa.
1268 202 1333 273 m

155 376 355 464 Magistratus
377 397 454 461 quac
475 380 540 444 uisa
570 392 643 445 sunt
663 380 817 445 occultant
836 399 972 463 quaeque
998 398 1068 443 csse
1089 397 1136 443 ex'
1150 399 1207 444 usu
1228 377 1310 445 iat

157 484 337 547 dicancrunt
357 481 537 546 multitudini
560 485 700 565 produnt.
733 481 793 547 -Ilc
807 482 959 567 republica
975 482 1033 545 nisi
1048 502 1102 566 per
1115 483 1275 547 concilium

157 585 238 669 lopun
252 604 313 647 non
328 584 513 648 conceditur.
544 582 692 649 Germani
702 586 829 649 multura
844 586 881 648 ab
897 570 1177 649 hacconsuetudine
1192 585 1275 650 tiue
1287 582 1331 656 81

157 697 240 752 runt.
271 684 352 751 Nem
368 706 464 769 neque
479 686 599 751 druides
615 688 736 766 halent,
754 690 804 772 qni
818 689 908 751 rebus
923 687 1032 750 diuinis
1048 687 1200 771 praesint,
1222 682 1277 751 ne·

120 802 137 854 t
160 809 216 875 qne
230 788 389 855 sacrificiis
404 791 535 853 student.
579 788 715 854 Deorum
738 810 864 855 numero
885 810 938 853 cos
953 789 1035 852 solos
1050 788 1180 867 ducunt,
1203 788 1314 873 qnoa2

159 902 287 956 cernunt
301 901 334 954 ct
347 911 469 972 qnorum
485 903 590 975 aperte
605 893 709 977 opibus
724 895 885 971 indantur,
903 889 1004 957 Solem
1020 901 1051 956 et
1064 888 1232 955 Vulcanum
1247 901 1279 956 et

158 992 290 1069 hum,
306 993 494 1075 reliquos'ne
508 997 586 1057 fama
601 995 719 1078 quidem
735 1006 927 1080 acceperunt.
958 992 1032 1059 Vita
1054 993 1151 1056 omnis
1174 993 1205 1057 in
1225 1012 1277 1058 ue-
1292 988 1313 1055 3

159 1096 330 1161 rationibus
344 1105 435 1178 atquc
449 1096 480 1158 in
496 1097 604 1160 studiis
617 1097 663 1160 rei
678 1098 816 1162 militaris
839 1097 997 1161 consistitc
1022 1095 1059 1158 ab
1081 1094 1215 1179 paruulis
1235 1094 1280 1160 la·

102 1313 138 1367 tt)
159 1301 417 1366 maximnmintcr
438 1321 510 1365 suos
533 1303 633 1365 lerunt
647 1302 783 1367 laudens
808 1301 864 1365 loc
885 1301 926 1365 ali
947 1312 1110 1380 staturam,
1135 1300 1173 1364 sti
1196 1300 1278 1365 uires

161 1422 329 1487 numaque
344 1403 514 1467 confirmari
530 1415 645 1488 putant.
678 1402 763 1469 lutra
783 1424 894 1469 annum
914 1425 989 1468 uero
1004 1404 1178 1467 uicesimum
1195 1398 1314 1466 tantu

160 1526 217 1571 nac
231 1506 370 1570 notitiam
386 1505 524 1570 habuisse
539 1506 571 1570 in
586 1507 767 1590 turpissimis
784 1506 893 1570 halent
906 1506 1018 1584 rebusa
1035 1506 1121 1570 cuins
1135 1505 1182 1568 rei
1197 1504 1280 1569 nulla

161 1618 208 1672 cat
220 1606 396 1685 occultatio,
413 1609 489 1691 quod
505 1620 536 1672 ct
549 1610 717 1692 promiscue
731 1611 763 1674 in
778 1609 946 1673 fluminibus
961 1610 1135 1693 perluuntur
1150 1619 1181 1671 et
1195 1606 1279 1691 pelli·

161 1707 217 1774 las
231 1720 285 1773 ant
298 1710 400 1793 paruis
414 1710 580 1775 rhenonum
595 1712 766 1796 tegimentis
781 1723 909 1777 utuntur
921 1731 1030 1796 magna
1045 1710 1181 1794 corporis
1195 1718 1281 1792 parte

105 1820 139 1875 15
161 1812 250 1876 uada.
280 1811 497 1897 Agriculturae
512 1834 572 1877 non
587 1815 728 1891 student,
751 1814 906 1897 maiorque
928 1834 996 1897 pars
1012 1833 1116 1877 eornm
1131 1811 1232 1874 nictus
1246 1810 1278 1874 in
1293 1810 1338 1880 22

160 1915 257 1990 laute,
273 1934 379 1992 mccc,
404 1936 495 1980 earne
510 1916 658 1979 consistit.
703 1914 814 2000 Neque
829 1917 983 1999 quisquan
999 1915 1064 1999 agri
1080 1914 1197 1977 modum
1212 1912 1316 1978 car-2

166 2027 231 2079 tum
243 2026 298 2078 ant
309 2016 383 2081 ines
398 2016 489 2082 habet
503 2018 658 2102 propriosp
681 2020 735 2082 sed
758 2019 949 2103 magistratus
964 2038 1000 2080 ac
1015 2016 1164 2101 principes
1179 2014 1210 2078 in
1225 2036 1280 2081 an-

161 2136 220 2181 nos
234 2117 511 2203 singuluapentibna
520 2121 807 2206 cognationibusque
823 2119 986 2195 hominum,
1005 2120 1052 2201 qui
1062 2140 1120 2182 una
1128 2119 1278 2196 coierunt,

162 2230 305 2303 quntum
324 2232 356 2286 ct
375 2242 434 2305 qno
456 2225 523 2287 loco
545 2225 642 2287 uisum
665 2235 714 2288 cst
734 2223 800 2307 agri
823 2221 998 2286 adtribuunt
1017 2229 1106 2302 atquc
1120 2240 1200 2282 auno
1214 2229 1281 2302 post

102 2333 139 2387 2⁰
160 2322 220 2386 alio
234 2325 365 2390 transire
379 2335 501 2409 cogunt.
530 2324 608 2390 Eius
621 2326 667 2390 rei
681 2327 791 2390 multas
805 2325 943 2388 adierunt
958 2341 1084 2387 causas:
1106 2340 1143 2385 ne
1159 2320 1281 2384 adsidua
1295 2318 1316 2383 3

163 2426 380 2491 consuetudine
402 2429 481 2512 capti
503 2429 631 2493 studium
654 2428 723 2493 belli
738 2428 861 2514 gerendi
878 2426 1062 2511 agricultura
1078 2432 1279 2505 commutent,

162 2527 294 2592 aelatus
309 2531 385 2594 lines
400 2550 508 2614 parare
522 2532 684 2610 studeant,
709 2531 954 2616 potentioresque
976 2530 1147 2594 humiliores
1163 2547 1282 2613 posses·

161 2630 298 2695 sionibus
312 2631 483 2717 expellunt3
501 2653 540 2698 ne
554 2634 726 2699 accuratius
741 2636 778 2699 ad
794 2636 906 2721 frigora
922 2645 1011 2717 atque
1027 2644 1129 2696 aestus
1141 2631 1281 2696 citandos

272 2873 285 2927 1
300 2888 367 2939 cuae
379 2890 443 2927 nero
455 2890 488 2928 er
500 2889 549 2928 usu
563 2878 588 2928 t.
744 2880 928 2932 indicauerunt
939 2877 995 2929 AB
1004 2876 1061 2938 Ga,
1077 2870 1252 2923 iudicauerint
1263 2882 1282 2920 tt

161 2953 318 3003 Alntlw·
419 2955 436 3009 2
449 2970 479 3006 re
491 2955 578 3023 populi
587 2959 612 3007 t.
714 2960 730 3010 3
743 2961 850 3010 muttum
864 2973 879 3008 a
892 2954 1078 3007 consuetudine
1088 2950 1221 3001 Gallorum
1233 2945 1282 3000 dil·

165 3028 253 3083 terant
264 3033 409 3084 Aimoc'aua
419 3036 510 3102 praes.
524 3052 547 3086 c.
560 3037 587 3092 2.
694 3039 708 3088 5
721 3043 786 3088 unte
799 3038 904 3088 deornm
918 3033 981 3084 odd.
996 3034 1027 3083 de
1040 3033 1194 3083 Aimoc'nnc.

163 3106 317 3160 liniamur
327 3125 364 3159 m.
374 3125 420 3175 pr.
433 3111 467 3161 B.
573 3112 671 3180 Solem]
685 3114 787 3164 scilicet
801 3113 864 3164 add.
879 3113 1034 3163 Aimoa‘nuc.
1152 3107 1168 3158 7
1183 3121 1230 3159 nec
1242 3104 1283 3158 la·

162 3202 205 3239 na
216 3197 377 3255 acceperunt
389 3191 545 3243 Atmoiaus.
672 3195 753 3243 omnis
767 3192 963 3243 incentionibus
975 3207 1012 3242 m.
1023 3205 1069 3258 pr.
1086 3188 1117 3238 B.
1238 3186 1283 3239 da

162 3266 252 3331 parcis
264 3266 290 3316 d.
412 3269 557 3335 diupubes
571 3269 595 3320 b.
718 3271 750 3322 10
763 3270 873 3321 maxime
887 3270 921 3320 A.
1054 3263 1126 3332 anos]
1140 3263 1241 3315 Sueuos
1255 3262 1280 3313 t.

272 3342 376 3394 laudem
389 3344 478 3396 lerunt
489 3348 643 3397 Admotum.
735 3348 771 3399 ali
784 3347 856 3398 uires
869 3346 893 3396 B
904 3343 1008 3410 reliqui
1018 3346 1171 3404 Aimcinus,
1185 3340 1221 3391 ali
1233 3338 1282 3389 loc

161 3418 235 3471 airca
246 3419 308 3471 lde
320 3420 379 3483 (scd
391 3422 437 3473 alii
449 3424 493 3474 da'c
505 3429 533 3474 ct
544 3429 627 3475 antec
639 3425 685 3475 lle
699 3424 772 3474 ‘msa
785 3422 914 3490 plurimt'
926 3423 1092 3483 Aimor'aus).
1197 3416 1226 3468 11
1243 3414 1282 3467 le·

162 3498 258 3551 ninam
273 3499 382 3551 notitiae
394 3503 430 3553 A.
536 3503 568 3554 lt
581 3503 724 3555 rhenonum
737 3504 782 3568 (B)
792 3505 836 3555 Oc
849 3503 992 3553 Atmoiccr
1000 3520 1010 3564 ,-
1024 3501 1172 3551 ‘rlrenorum
1185 3494 1232 3545 uel
1240 3508 1285 3547 re·

162 3590 254 3627 aarum
267 3580 354 3628 ostar-t
365 3582 540 3643 uetustiores,
554 3595 688 3645 mnenon,
702 3596 788 3633 rernm
800 3580 847 3631 not
858 3594 947 3630 renum
958 3577 1034 3629 ottt’.
1138 3571 1286 3638 tegimentis

161 3654 189 3706 A
196 3654 229 3719 t,
245 3656 310 3707 ‘aon
318 3671 372 3721 per
382 3656 419 3721 n'3
431 3659 589 3723 tegumentis
602 3659 791 3712 BAa'mctaca.
881 3659 911 3711 15
926 3671 1014 3708 corun
1026 3655 1114 3706 uictus
1126 3654 1172 3705 Bc
1184 3653 1288 3719 reltpat

162 3732 321 3799 Ataretnsc,
335 3734 422 3787 uictus
435 3750 524 3787 eornm
534 3736 549 3785 t
560 3735 713 3802 ‘altipuc’ac
785 3737 811 3787 in
824 3736 904 3801 laete,
918 3751 1006 3800 casco,
1021 3734 1148 3797 carnew)
1158 3732 1181 3783 C
1188 3730 1286 3785 nntr-

163 3812 230 3875 qsc'p
242 3809 268 3860 iu
282 3809 361 3871 lacte,
373 3827 451 3864 roseo
464 3816 761 3880 carneqneAtcroc‘uus,·
775 3818 800 3867 in
815 3817 883 3868 laete
897 3823 923 3867 et
935 3831 1015 3867 caseo
1027 3820 1055 3866 et
1066 3827 1145 3864 carne
1158 3812 1205 3864 te.

165 3886 428 3954 successionesque
437 3890 460 3939 B
469 3891 500 3953 C,
511 3892 709 3957 cognationique
716 3893 751 3955 D,
760 3893 1066 3957 cognationibnsomc'rru
1075 3889 1171 3956 copulo
1179 3892 1204 3941 t.

164 3963 269 4029 quicum
283 3980 333 4015 uua
346 3965 371 4015 B
385 3966 458 4017 ‘msc
476 3966 527 4031 ll',
541 3969 584 4033 qni
597 3983 645 4019 sna
657 3969 698 4033 Ι),
714 3970 808 4036 quiquo
820 3985 872 4021 nou
885 3971 952 4020 dee.
1082 3968 1202 4021 coicrnnt
1212 3969 1236 4020 B
1248 3970 1285 4034 (a'e

164 4040 282 4104 ccirnat)
295 4057 310 4089 c
321 4042 424 4107 reliqui
434 4045 588 4108 Admotum,
602 4045 713 4097 coierint
726 4047 777 4096 du.
918 4046 949 4098 19
962 4054 990 4098 ct
1002 4063 1052 4114 quo
1066 4049 1245 4109 eAc'moiaua,
1259 4043 1285 4096 ei

166 4120 418 4187 quoll‘plcrc'pua'.
523 4123 677 4175 adtribuunt
688 4125 721 4175 B.
846 4132 1010 4191 postunnnm
1022 4126 1175 4177 Aimoc'nua.

165 4194 199 4245 20
211 4195 338 4249 adferunt
348 4198 382 4250 B.
488 4197 530 4266 ne]
543 4201 610 4266 qnod
624 4216 707 4267 neque
719 4202 745 4251 t.
855 4202 965 4252 adsidua
977 4202 1009 4253 B.
1132 4199 1164 4252 21
1180 4195 1286 4261 belliga-

166 4276 243 4327 raudi
254 4279 408 4341 Atacinus,
423 4277 486 4330 belli
499 4279 608 4343 gerundi
621 4282 680 4330 cieo
693 4283 857 4331 auctoritato
870 4295 897 4330 u.
