2684 4694
526 157 807 224 ...5-

103 331 140 393 de
155 329 289 413 quidem,
307 329 443 413 inquam,
462 329 648 415 probandos:
667 330 736 396 nudi
752 330 830 395 enim
847 342 934 409 sunt,
952 331 1029 395 recti
1044 340 1075 394 et
1090 328 1223 408 uenusti,

104 434 185 496 omni
208 443 316 496 ornatu
339 432 484 496 orationis
506 444 655 515 tamquam
670 445 756 497 ueste
772 433 918 496 detracta.
957 428 1018 496 Sed
1041 433 1108 495 dnm
1130 430 1227 496 noluit

102 535 177 597 alios
193 533 304 597 hahere
320 545 435 617 parata,
452 535 530 598 unde
546 546 699 598 sumerent
714 534 763 617 qni
780 535 892 598 uellent
906 533 1040 597 scribere
1056 534 1224 612 historiam,

101 636 210 719 ineptis
226 647 344 717 gratum
359 637 488 700 sortasse
505 636 593 714 lecit,
619 638 669 719 qui
691 637 792 700 nolant
814 635 863 699 illa
887 635 1066 699 calamistris
1088 636 1223 712 inurere,

101 758 192 801 sanos
215 738 331 820 quidem
348 737 483 802 homiues
502 762 520 803 a
536 737 693 802 scribendo
715 738 881 802 deterruit'.
911 733 1000 818 Quod
1015 736 1155 801 iudicium
1171 731 1225 801 Ci-

101 860 241 902 ceronem
264 843 412 902 lacturnm
437 840 548 917 luisse,
577 840 603 903 si
631 842 689 903 iam
714 850 774 903 tum
798 840 866 903 libri
886 841 923 902 de
944 839 1023 902 hello
1047 839 1129 903 ciuili
1151 840 1223 903 editi

100 942 245 1017 luissent,
270 941 446 1005 incredibile
468 952 526 1006 cst.
566 940 602 1005 ln
617 941 673 1004 hoc
695 942 774 1004 enim
790 941 868 1005 bello
884 942 1029 1005 tradendo
1046 952 1160 1004 certum
1176 952 1225 1005 est

100 1044 159 1106 alia
174 1044 274 1106 omnia
289 1044 453 1125 requisisse
469 1039 665 1120 Ciceronem,
683 1065 769 1126 quam
787 1055 820 1106 ut
834 1039 977 1107 Caesaris
993 1043 1127 1106 narratio
1143 1044 1223 1108 cala·

98 1146 211 1208 mistris
226 1147 411 1209 inureretur.
444 1141 521 1209 Cum
543 1157 642 1209 autem
664 1145 800 1227 dialogus
816 1146 866 1209 ille
882 1167 961 1209 anno
976 1141 1035 1223 td,
1061 1167 1128 1208 cum
1143 1141 1222 1210 Cae·

99 1267 150 1309 sar
164 1248 194 1309 in
209 1248 315 1311 Alrica
330 1247 438 1311 bellum
454 1258 593 1331 gereret,
618 1249 748 1331 scriptus
764 1249 805 1310 sit
819 1247 975 1326 (Ellendt.
992 1268 1022 1330 p.
1040 1247 1116 1312 328.
1141 1246 1222 1312 Dru·

99 1371 199 1412 mann.
217 1348 263 1414 VI
278 1372 307 1434 p.
324 1349 429 1430 290),
453 1351 662 1415 commentarii
684 1351 720 1413 de
744 1350 821 1413 bello
838 1351 918 1414 ciuili
934 1372 993 1414 non
1009 1362 1137 1434 possunt
1150 1360 1222 1414 ante

96 1451 222 1513 reditum
243 1472 283 1515 ex
298 1451 403 1517 Alrica
420 1448 563 1516 Caesaris
586 1453 656 1516 editi
680 1453 793 1515 uideri:
820 1453 971 1534 mirorque
988 1449 1218 1527 Schneiderum,

97 1574 162 1615 cum
176 1548 335 1620 Ciceronis
350 1555 489 1619 iudicium
506 1557 544 1619 ad
558 1557 652 1620 libros
663 1557 700 1618 de
715 1554 792 1617 bello
807 1552 924 1618 Gallico
938 1565 1053 1618 tantum
1069 1555 1221 1638 pertinere

97 1655 234 1728 uidisset,
252 1667 351 1720 maren
368 1660 600 1722 commentarios
616 1658 747 1721 debello
763 1657 843 1719 ciuili
858 1677 877 1719 a
893 1654 1040 1735 Caesare,
1057 1668 1218 1739 antequam

96 1768 202 1820 contra
223 1756 403 1823 Pharnacen
434 1761 695 1842 proficisceretur,
726 1760 906 1842 compositos
935 1760 1090 1823 statuisse.
1136 1756 1217 1822 Mihi

96 1879 182 1936 uero,
206 1882 272 1922 cnm
289 1861 320 1924 hi
342 1882 461 1944 quoque
482 1863 552 1925 libri
572 1854 736 1945 imperfecti
753 1861 816 1924 sint
830 1865 920 1941 (narn
944 1857 1108 1925 Caesarem
1131 1860 1217 1944 plura

93 1961 229 2025 scribere
244 1960 378 2024 uoluisse
393 1963 461 2025 inde
477 1975 610 2047 apparet,
628 1965 706 2047 quod
720 1963 791 2028 belli
807 1963 1007 2028 Alexandrini
1023 1962 1108 2026 initia
1125 1961 1217 2025 tradi·

94 2064 180 2144 dit),
203 2063 450 2127 uerisimillimum
474 2065 591 2128 uidetur
615 2086 667 2129 eos
688 2066 814 2130 deuictis
831 2067 946 2129 demum
961 2063 1095 2149 Pompeii
1112 2063 1216 2127 liberis

93 2165 253 2228 inchoatos
269 2166 390 2228 omnino
406 2187 467 2228 non
481 2166 595 2250 abipso
612 2163 757 2244 Caesare,
775 2168 840 2246 sed,
858 2190 925 2232 cum
940 2177 1037 2231 morte
1054 2176 1217 2249 occupatus

93 2277 194 2345 esset,
219 2279 287 2351 post
301 2269 422 2332 caedem
438 2267 553 2330 demum
570 2268 634 2332 eius
650 2271 788 2353 uulgatos
803 2289 884 2334 esse.

180 2364 256 2433 Cum
272 2371 365 2453 igitur
376 2371 558 2452 aliquantum
575 2383 643 2453 post
657 2382 760 2456 gestas
772 2393 823 2436 res
836 2366 952 2436 Caesar
962 2370 1121 2455 scripsisse
1134 2389 1216 2431 com·

93 2472 256 2536 mentarios
272 2474 444 2552 uideretur,
470 2475 574 2538 haere
590 2494 661 2538 usus
677 2484 726 2537 est
740 2469 942 2538 Schneiderns
958 2475 994 2538 ad
1010 2471 1215 2556 quaestionem

92 2594 182 2657 saepe
196 2575 337 2639 iactatam
360 2586 392 2639 et
413 2587 513 2640 tamma
530 2576 715 2658 neglectam,
742 2577 778 2639 de
801 2576 1037 2660 ephemeridibus
1057 2570 1212 2653 Caesaris,

91 2678 281 2741 referendam
311 2689 400 2761 atque
429 2679 673 2742 confirmandam.
720 2675 870 2741 Nimirum
902 2673 1065 2742 Caesarem
1095 2686 1214 2760 praeter

93 2781 343 2857 commentarios,
368 2800 443 2862 quos
466 2781 629 2858 habemus,
654 2779 762 2844 librum
785 2782 931 2862 quendam
947 2779 1152 2863 ephemerides
1168 2779 1214 2841 in-

92 2881 233 2963 scriptum
256 2882 415 2964 reliquisse
431 2878 531 2945 Seruii
555 2882 728 2946 testimonio
750 2881 924 2964 quibusdam
947 2881 1146 2946 demonstrari
1169 2880 1213 2943 ui-

91 3003 157 3045 sum
173 2994 234 3046 est:
260 2982 310 3045 cui
325 2983 548 3062 adiunxeruut,
570 2985 649 3066 quod
665 2982 847 3048 Plutarchus
862 2985 918 3047 uit.
936 2980 1028 3048 Caes.
1047 3005 1074 3046 c.
1099 2981 1142 3045 22
1162 3002 1212 3044 res

91 3096 198 3150 conha
211 3084 401 3149 Tenctheros
417 3096 448 3148 et
462 3085 602 3170 Vsipetes
618 3096 719 3170 gestas
735 3090 772 3152 ἐν
789 3099 863 3161 ταῖς
885 3083 1061 3174 ἐφημερίσι
1077 3086 1213 3148 easdem·

92 3207 148 3269 que
158 3185 316 3271 Appianas
333 3184 471 3270 nol.1p.
488 3186 531 3251 90
548 3209 595 3272 ap.
617 3185 790 3271 Schweigb.
809 3193 847 3255 ἐν
861 3201 937 3262 ταῖς
950 3187 1051 3262 ἰδίαις
1064 3181 1212 3274 ἀναγρα-

91 3303 171 3370 φαῖς
190 3294 258 3359 coir
279 3288 457 3376 ἐφημέρων
478 3293 582 3376 ἔργων
603 3294 716 3356 relatas
739 3293 894 3369 dicerent,
919 3291 989 3354 item
1014 3286 1211 3374 Symmachus

90 3391 180 3474 epist.
192 3389 250 3469 lv,
269 3389 309 3454 18
323 3389 512 3474 ephemeride
524 3387 667 3457 Caesaris
682 3396 828 3477 origines,
846 3395 935 3471 situs,
953 3412 1067 3478 pugnas
1083 3401 1114 3454 et
1128 3389 1211 3472 quid·

90 3493 160 3575 quid
174 3495 282 3559 luisset
296 3494 326 3556 in
342 3492 474 3557 moribus
489 3504 541 3556 aut
555 3494 670 3577 legibus
687 3494 852 3560 Galliarum
869 3497 946 3560 tradi
961 3497 1119 3559 scriberet.
1148 3491 1212 3556 Alii

88 3616 156 3659 cnm
170 3593 382 3669 Plutarchum,
399 3593 587 3680 Appianum,
605 3592 814 3680 Symmachum
829 3597 911 3679 ipsos
927 3596 1158 3661 commentarios
1175 3595 1211 3658 de

87 3697 167 3762 bello
191 3696 307 3763 Gallico
330 3697 516 3780 significasse
537 3699 772 3777 contenderent,
802 3696 911 3763 Seruio
936 3701 1021 3763 fidem
1045 3697 1210 3761 hahendam

87 3821 156 3864 esse
171 3811 371 3884 negauerunt.
396 3800 496 3883 Atque
511 3801 581 3864 illud
599 3803 771 3883 quominus
788 3812 870 3865 recte
885 3802 1042 3866 indicatum
1060 3810 1153 3877 esset,
1172 3819 1211 3862 ne

88 3898 291 3968 Schneiderus
307 3903 424 3985 quidem
439 3904 627 3987 repugnans,
647 3905 683 3967 de
699 3901 821 3982 Seruio,
839 3904 976 3987 quoniam
993 3905 1058 3968 eius
1074 3902 1209 3966 testimo·

87 4005 169 4069 nium
184 4007 241 4069 lide
256 4007 375 4088 dignum
393 4026 462 4069 esse
477 4007 676 4084 asseuerauit,
694 4008 858 4070 uideamus.
890 4004 921 4068 ls
936 4007 973 4071 ad
988 4004 1114 4089 Vergilii
1126 4003 1206 4067 Aen.

87 4102 148 4182 XI,
170 4105 234 4169 743
258 4108 332 4171 haec
355 4107 530 4171 annotarit:
565 4103 616 4171 ‘C.
640 4106 734 4172 Iulius
757 4105 874 4174 Caesar
902 4130 969 4172 cunr
1000 4108 1155 4172 dimicaret
1176 4106 1208 4168 iu

87 4205 187 4274 Gallia
201 4219 235 4275 et
248 4210 285 4275 ab
301 4210 386 4275 hoste
407 4220 512 4295 raptus
528 4229 604 4292 equo
619 4211 685 4274 eius
707 4221 879 4294 portaretur
900 4223 1050 4290 armatus,
1075 4207 1209 4276 occurrit
