2692 4688
87 235 150 301 tat
512 229 570 296 nt:
592 229 736 298 BELLO
759 229 894 300 ctvttt

150 408 306 473 arboribus
330 406 444 469 strictis
468 416 497 467 et
514 405 626 468 teneris
643 404 839 467 harundinum
856 405 1005 470 radicibus
1021 407 1158 471 coortusis
1175 430 1270 493 equos

147 513 264 575 alerent
279 511 444 591 (lrnmenta
460 507 558 583 enim,
577 527 651 588 qnae
668 507 787 568 luerent
801 507 880 570 intra
896 509 1077 573 munitiones
1093 521 1179 587 sata,
1198 529 1271 576 con·

111 614 373 696 dsumpserant)3
397 609 581 692 cogebantur
596 605 733 692 Corcyra
754 620 841 690 atqne
863 608 1037 674 Acarnania
1059 612 1151 694 longo
1174 613 1270 679 inter·

148 716 226 778 iacto
252 713 453 795 nauigationis
477 711 573 793 spatio
597 709 731 793 pabulum
749 712 946 794 subportare,
971 714 1107 796 quodque
1123 717 1269 780 erateias

148 818 192 882 rei
214 817 311 879 minor
332 814 435 897 copia,
460 813 573 876 hordeo
589 813 738 896 adaugere
753 824 841 895 atque
859 814 903 877 bis
920 815 1086 878 rationibus
1103 817 1267 899 equitatum
1288 828 1302 880 t

113 919 133 985 t
149 919 289 982 tolerare.
321 913 382 981 Sed
406 925 558 999 postquam
581 932 640 976 non
658 915 744 977 modo
760 915 900 978 lrordeum
918 916 1115 1000 pabulumque
1131 919 1269 985 omnibns

148 1021 223 1085 locis
240 1019 406 1100 herbaeque
423 1017 573 1094 desectae,
594 1017 645 1080 sed
662 1017 752 1079 etiam
771 1018 852 1082 frons
868 1039 908 1082 ex
924 1019 1080 1083 arboribus
1097 1021 1266 1098 deficiebat,

149 1122 298 1206 corruptis
314 1122 398 1202 cquis
414 1118 509 1182 macie
525 1119 689 1181 conandum
707 1119 763 1182 sibi
774 1119 880 1201 aliquid
893 1119 1051 1204 Pompeius
1064 1124 1098 1186 de
1111 1124 1269 1207 eruptione

92 1227 136 1298 59
152 1224 349 1289 existimauit.
375 1220 474 1286 Erant
489 1221 563 1304 apud
581 1216 745 1284 Caesarem
763 1222 895 1304 equitnm
912 1243 1034 1286 numero
1050 1223 1229 1309 Allobroges
1246 1236 1268 1289 tt

150 1330 278 1407 iratres,
298 1325 451 1390 llaucillns
467 1336 498 1386 et
513 1321 608 1406 ligus,
627 1321 774 1386 Adbucilli
791 1325 853 1402 lilii,
872 1327 922 1409 qui
938 1325 1132 1410 principatum
1149 1327 1179 1389 in
1196 1328 1271 1391 cini·
1292 1337 1319 1390 tt

151 1441 214 1494 tate
235 1429 334 1493 multis
356 1428 442 1490 annis
459 1425 648 1501 obtinuerat,
674 1426 817 1509 singulari
836 1429 1116 1506 picturationes,
1143 1450 1269 1512 quornm

151 1553 241 1616 opera
262 1527 378 1594 Caesar
407 1529 542 1591 omnibus
567 1525 690 1591 Gallicis
717 1529 802 1594 bellis
827 1530 937 1612 optima
959 1531 1180 1614 fortissimaque
1203 1544 1271 1597 erat

114 1633 135 1699 2
151 1654 233 1696 ursus.
266 1630 322 1695 llis
347 1631 425 1694 domi
441 1629 478 1692 ob
495 1630 548 1693 bas
564 1650 671 1693 causas
687 1631 883 1716 amplissimos
899 1632 1090 1715 magistratus
1105 1635 1269 1697 nrandaue·

150 1745 303 1818 rotatque
320 1754 371 1797 eos
388 1743 475 1795 extra
492 1732 625 1796 ordinem
641 1732 671 1795 in
687 1743 822 1797 senatum
835 1733 974 1818 legendos
988 1744 1151 1797 curaaerat
1161 1755 1270 1817 agros·

151 1861 209 1923 que
226 1840 256 1902 in
268 1835 364 1901 Gallia
381 1856 420 1898 ex
437 1835 570 1898 hostibus
581 1848 683 1920 captos
703 1837 893 1920 praemiaque
905 1838 947 1899 rei
959 1836 1148 1920 pecuniariae
1160 1858 1271 1920 magna
1293 1848 1320 1902 tt

118 1942 138 2006 3
155 1942 300 2004 tribuerat
314 1937 537 2021 locupletesque
554 1959 594 2001 ex
611 1940 767 2022 egentibus
784 1941 908 2003 lecerat.
934 1937 974 2002 Hi
992 1949 1113 2023 propter
1128 1941 1269 2006 uirtutem

153 2065 213 2106 non
229 2043 322 2105 solnm
336 2041 412 2123 apud
429 2037 590 2104 Caesarem
607 2042 636 2104 in
655 2041 768 2104 bonore
783 2051 889 2119 ararat,
914 2041 1070 2106 sedetiam
1087 2043 1163 2126 apud
1180 2065 1270 2107 exer·

152 2147 242 2210 citum
259 2145 321 2207 cari
338 2143 538 2220 babebantnr3
549 2145 600 2207 sed
619 2143 686 2207 lreti
702 2143 831 2207 amicitia
842 2140 984 2208 Caesaris
1000 2155 1032 2207 et
1046 2145 1136 2208 stulta
1151 2165 1186 2207 ac
1202 2145 1270 2210 bar-

119 2308 123 2315 .
153 2249 225 2314 bara
256 2247 428 2333 arrogantia
459 2245 528 2309 elati
562 2245 763 2329 despiciebant
788 2267 865 2310 snos
883 2246 1119 2330 stipendiumque
1140 2247 1269 2330 equitnm

117 2353 136 2416 4
155 2352 330 2416 fraudabant
345 2361 374 2412 et
389 2349 528 2432 praedam
545 2369 660 2411 ominem
678 2347 794 2410 domum
811 2350 1000 2412 auertebant.
1030 2345 1149 2430 Quibus
1164 2348 1205 2413 illi
1222 2370 1269 2413 re·
1290 2359 1322 2414 td

153 2455 207 2516 bns
232 2453 354 2535 permoti
371 2451 502 2513 uniuersi
521 2448 682 2514 Caesarem
699 2452 838 2514 adierunt
854 2452 1007 2534 palamque
1023 2453 1059 2515 de
1075 2472 1177 2514 eorum
1193 2452 1269 2514 inin·

154 2556 206 2617 riis
228 2565 298 2617 sunt
312 2554 408 2636 questi
424 2562 455 2615 ct
470 2554 506 2615 ad
524 2564 624 2615 cetera
640 2553 817 2616 addiderunt
833 2553 938 2616 falsum
956 2552 992 2614 ab
1010 2554 1054 2616 bis
1071 2556 1199 2636 equitum
1216 2575 1270 2616 nu·

96 2657 265 2726 tuncrum
297 2656 426 2733 deferri,
457 2677 581 2737 qnorum
610 2654 788 2738 stipendium
819 2667 1003 2718 auerterent.
1037 2651 1155 2719 Caesar
1175 2674 1270 2738 neque

153 2771 267 2844 tempus
290 2760 355 2823 illut
377 2758 645 2822 animaduersionis
669 2779 737 2821 esse
752 2758 928 2821 existimans
944 2766 975 2818 et
990 2758 1080 2819 multa
1099 2758 1202 2820 uirtuti
1218 2779 1270 2822 eo·

153 2886 217 2928 rnnr
242 2863 408 2928 concedens
431 2881 493 2924 rcrn
512 2871 602 2922 totam
619 2860 750 2936 distulit3
775 2860 842 2921 illos
858 2867 975 2920 secreto
992 2858 1169 2940 castigante,
1195 2860 1273 2939 qnod
1293 2871 1325 2925 tt

152 2967 288 3050 quaestui
311 2967 425 3049 equites
446 2963 609 3038 baberent,
634 2962 825 3043 monuitque,
851 2969 884 3022 ut
899 2980 937 3022 ex
954 2980 1007 3022 sua
1024 2958 1151 3020 amicitia
1169 2962 1271 3023 narnia

116 3070 138 3133 2
153 3079 348 3152 expectarent
370 3078 400 3131 et
422 3087 462 3128 ex
485 3065 654 3150 praeteritis
670 3064 734 3128 suis
749 3062 853 3125 officiis
868 3062 982 3143 reliqua
997 3072 1166 3145 sperarent.
1201 3058 1270 3126 Ma-

152 3192 241 3253 gnam
257 3180 356 3232 tamen
371 3169 444 3232 baec
459 3188 509 3231 res
525 3167 583 3230 illis
598 3166 795 3230 offensionem
812 3175 843 3227 et
855 3165 1104 3248 contemptionem
1117 3164 1153 3228 ad
1164 3185 1269 3228 onnes

153 3272 268 3350 attulit,
291 3271 378 3355 idque
400 3270 440 3332 ita
465 3289 534 3334 esse
554 3290 619 3332 curn
642 3288 681 3331 err
698 3268 823 3331 aliorum
840 3267 1087 3331 obiectationibus
1105 3277 1164 3330 tum
1182 3263 1270 3329 etiarn

262 3533 274 3585 l
289 3531 390 3583 arboris
405 3533 429 3582 b.
535 3539 625 3582 tenera
638 3547 653 3581 o
665 3531 689 3581 b.
806 3528 976 3580 harundinum
989 3528 1041 3591 ob,
1056 3543 1108 3577 non
1121 3541 1160 3576 ar.
1184 3571 1188 3586 ,

151 3612 167 3664 3
181 3612 340 3674 cogebantur
351 3612 400 3673 ab,
415 3618 441 3660 ct
454 3609 615 3673 cogebantur
627 3625 654 3659 u.
811 3608 922 3658 Corciua
937 3622 963 3671 a,
979 3621 993 3656 a
1008 3605 1121 3672 Corcyra
1135 3607 1159 3653 b.

150 3694 165 3743 d
179 3691 333 3757 subportare
346 3705 372 3738 a.
477 3689 595 3755 qnodque
609 3703 678 3736 renata
686 3687 753 3749 dat,
769 3703 870 3753 qaoque
883 3687 992 3751 reliqui.
1006 3685 1037 3734 Ρ.
1047 3685 1089 3734 ta.
1195 3684 1210 3732 5
1225 3683 1271 3732 ud-

150 3769 258 3830 iongere
271 3773 334 3817 onte
347 3781 418 3816 corr.
432 3781 458 3816 a.
582 3765 596 3816 7
611 3765 732 3816 desectae
747 3792 776 3801 -
791 3779 821 3814 en
835 3764 973 3814 arboribus
985 3776 1038 3811 om.
1052 3761 1079 3810 d.
1200 3758 1270 3809 frona

153 3845 295 3905 cattorum,
312 3845 412 3893 tructos
425 3842 502 3891 codd.
517 3842 547 3890 Ρ.
563 3844 605 3893 st.
727 3841 866 3892 teneretur
879 3857 925 3903 ac,
941 3839 1098 3891 deficiebant
1111 3837 1161 3888 td.

151 3923 167 3972 9
180 3922 295 3985 equitnm
308 3936 324 3969 a
335 3922 380 3983 be,
396 3937 427 3971 ea
441 3911 608 3986 equitania?
712 3921 743 3973 td
758 3919 890 3971 lluocillna
902 3921 974 3981 obe,
990 3918 1121 3969 Roucillus
1134 3934 1161 3967 u.

151 3996 222 4059 ligas
235 4012 251 4044 o
267 3995 361 4057 Μ),
376 4000 460 4058 begua
474 3997 558 4047 Aldus
572 4013 599 4048 u.
714 3997 813 4048 Adbaci
827 4012 861 4046 u:
877 3995 1031 4057 ‘Abdueillb
1045 3994 1170 4050 Abueilli,
1183 3992 1271 4043 Attu-

153 4071 442 4134 eilii,bdbnallirnrr.’
548 4075 739 4125 ciuitatembc.
847 4071 1039 4124 lbliallisuc.
1160 4071 1273 4120 llordi-

153 4150 198 4200 ntis
211 4165 237 4211 a,
252 4148 358 4198 ordines
372 4150 397 4197 b.
503 4150 533 4200 lb
548 4148 594 4215 ea]
608 4158 634 4199 et
647 4166 674 4200 a.
779 4151 812 4200 bl
826 4150 884 4200 illut
897 4166 923 4200 o.
1048 4147 1211 4196 adueraionia
1225 4162 1271 4195 oc.

261 4227 294 4277 bd
307 4233 419 4291 quaestu
433 4226 456 4276 b.
579 4227 612 4280 at
625 4232 795 4292 expectarent
807 4241 833 4277 a.
957 4225 990 4277 2ll
1004 4225 1197 4275 obiectionibus
1210 4228 1273 4274 unte

153 4320 223 4357 corr.
238 4321 264 4355 o.
372 4304 460 4371 etiam]
475 4313 519 4355 aut
532 4307 546 4355 b
559 4308 590 4369 (ι’.
604 4320 626 4355 e.
642 4304 752 4368 auten).
