2692 4688
496 220 818 289 -m—

181 387 256 457 Inde
276 413 294 455 a
316 411 345 455 c.
369 389 411 457 59
432 392 513 456 acies
534 390 686 476 Scipionis
709 406 740 459 et
763 392 906 460 Caesaris
931 397 1134 461 declarantur.
1171 394 1221 463 Do

96 497 195 580 priore
217 495 293 557 baec
316 495 347 558 in
368 495 455 558 codd.
472 496 630 579 leguntur:
656 494 778 582 ‘Scipio
800 499 856 562 boc
878 499 965 562 modo
985 499 1078 563 aciem
1093 500 1218 563 direxit.

96 593 269 663 Collocauit
283 595 315 659 in
331 599 428 661 lronte
444 610 560 663 suaset
576 597 667 664 Iubae
681 601 829 683 legiones,
847 612 948 685 postea
965 613 1064 664 antem
1071 600 1105 666 N
1107 601 1220 665 umidas

96 701 128 763 in
140 699 322 765 subsidiaria
337 702 402 763 acie
418 700 461 763 ita
476 713 656 765 extenuatos
681 712 712 767 et
733 704 764 766 in
786 704 1001 786 longitudinem
1017 704 1166 780 directos,
1188 713 1222 766 ut

97 801 199 887 procul
214 801 343 882 simplex
359 821 426 866 esse
442 803 523 867 acies
542 804 639 868 media
660 805 698 868 ab
718 805 892 888 legionariis
912 805 1054 869 militibus
1070 806 1223 868 uideretur

97 905 142 988 (in
157 903 301 968 cornibus
316 914 414 967 autem
431 906 541 988 duplex
556 926 625 970 esse
640 908 901 990 existimabatur):
923 907 1098 991 elephantos
1112 907 1222 970 dextro

96 1006 284 1087 ainisnoqne
305 1026 400 1069 cornu
421 1007 622 1074 eollocaneral
641 1009 813 1093 aequalibus
829 1011 978 1074 intereos
994 1008 1162 1073 interuallis
1178 1008 1223 1071 in·

98 1108 252 1186 loricatis,
276 1117 344 1191 post
364 1120 463 1172 autem
479 1109 652 1195 elephantos
668 1124 834 1178 armaturas
850 1113 932 1177 leues
947 1111 1155 1192 Numidasque
1169 1129 1223 1173 au·

100 1211 227 1275 niliares
243 1210 460 1275 consueuerat.
487 1212 544 1277 llic
561 1215 686 1297 primum
700 1216 785 1300 posui
803 1224 884 1300 ‘post
892 1235 945 1279 eas
955 1224 1054 1278 autem
1061 1208 1221 1277 Numidas’

101 1324 171 1379 cett.
207 1312 292 1393 Nam
309 1321 395 1398 ‘post
408 1314 460 1377 ea’
475 1315 513 1378 de
528 1315 594 1379 loco
611 1325 672 1378 tum
689 1317 803 1381 demum
820 1328 904 1383 recte
918 1318 1045 1393 dieitur,
1067 1336 1133 1379 cunr
1149 1332 1222 1377 neu·

99 1418 368 1503 nnmpronorninis
377 1417 582 1500 superioribus
593 1418 956 1485 uerbisaccomcuodatnm
965 1432 1022 1484 est.
1050 1417 1221 1482 Deiudoin-

101 1521 266 1585 tolerabilia
282 1519 445 1583 suntbaecr
465 1521 656 1586 ‘incoruibus
665 1534 762 1586 antem
770 1524 881 1607 duplex
889 1543 958 1586 csse
967 1516 1220 1586 existimabatur’.

102 1623 198 1688 Antea
214 1626 295 1688 euim
312 1647 425 1689 cornua
440 1647 477 1688 ue
493 1636 722 1690 commemorata
737 1626 851 1709 quidem
868 1636 950 1703 sunt,
968 1622 1161 1707 sequentibus
1169 1642 1222 1685 nu-

103 1735 159 1790 tem
190 1727 294 1791 uerbis
316 1729 392 1792 nibil
411 1729 556 1792 eiusmodi
578 1729 726 1807 refertur,
751 1729 941 1811 quamobrem
963 1746 1075 1790 cornua
1098 1724 1223 1806 duplicis

101 1828 173 1893 aciei
194 1828 326 1912 speciem
349 1831 493 1912 praebere
513 1832 675 1915 potuerint.
708 1828 905 1914 Quamquam,
923 1842 956 1893 nt
971 1839 1039 1913 apte
1059 1827 1110 1889 illa
1130 1825 1224 1889 uerba
1296 1824 1298 1829 ’

102 1931 382 2015 interponerentur,
407 1935 527 1997 omnino
543 1945 633 1997 antea
648 1936 726 1997 ratio
742 1955 886 1997 cornuum
901 1933 939 1996 iis
955 1940 1159 1995 consentanea
1173 1927 1224 1989 de·

104 2033 215 2096 olarari
230 2031 363 2097 debebat.
394 2032 498 2116 Itaque
514 2037 588 2100 haec
603 2037 733 2119 ascripta
749 2046 820 2098 sunt
834 2055 852 2098 a
871 2035 1032 2118 magistro,
1058 2031 1126 2115 quia
1148 2029 1224 2094 seri-

106 2144 177 2218 ptur
190 2135 317 2198 mediam
329 2139 423 2203 aciem
440 2139 604 2222 simplicem
620 2139 715 2202 uisam
731 2159 800 2201 esse
815 2138 945 2200 dixerat.

187 2234 238 2301 De
249 2234 388 2304 Caesaris
405 2242 470 2304 acie
486 2262 561 2322 quae
577 2238 861 2324 contegebantur,
879 2239 949 2321 quin
961 2249 1101 2320 corrupta
1109 2246 1225 2312 esseut,

107 2360 162 2403 non
178 2350 298 2424 poterat
312 2342 430 2407 dubium
446 2343 553 2407 uideri.
581 2341 640 2420 Ea,
658 2354 799 2427 quantum
815 2343 879 2409 lieri
895 2352 1026 2426 poterat,
1044 2338 1162 2403 codices
1178 2358 1227 2401 se·

107 2453 192 2506 cutus
206 2444 252 2509 sic
266 2446 469 2510 conformaui:
496 2442 660 2511 ‘Caesaris
681 2458 780 2510 autom
796 2446 877 2510 acies
894 2445 1050 2509 beonredo
1067 2442 1122 2506 luit
1137 2440 1228 2505 eollo-

109 2555 184 2622 eata,
208 2558 242 2610 nt
260 2548 298 2611 ab
320 2548 446 2612 sinistro
467 2549 531 2613 eius
554 2570 647 2613 corun
671 2550 773 2613 ordiar
787 2561 819 2614 et
833 2550 870 2612 ad
884 2550 1023 2613 dextrum
1039 2545 1225 2632 perueninm.

109 2644 428 2736 IIabuitlegionemX,
445 2648 537 2716 VIIII
553 2653 829 2731 iusinistroeorou,
844 2650 954 2731 XXV,
964 2649 1119 2728 XXVIII,
1136 2645 1226 2725 XIII,

109 2745 211 2832 XIIII,
229 2749 400 2832 XXVIIII,
417 2752 530 2820 XXVI
545 2756 767 2821 inmediaacie.
793 2753 826 2818 In
842 2756 1120 2819 snoanlemdentro
1134 2770 1229 2814 coron

109 2857 276 2920 eseeunda
307 2858 373 2921 aeia
396 2869 605 2923 ueteranarnm
627 2857 776 2942 legionum
799 2869 914 2943 partem
938 2855 1105 2920 cohortium
1137 2852 1228 2914 collo-

112 2971 250 3036 eaucrat,
274 2969 429 3043 praeterea
451 2982 491 3024 ex
513 2963 640 3024 tironum
657 2981 764 3044 paucas
780 2962 942 3025 adiecerat.
979 2956 1114 3021 Tertiam
1129 2964 1229 3043 antona

110 3059 200 3128 roiam
224 3063 255 3124 in
278 3063 433 3126 sinistrum
455 3084 540 3128 suum
562 3085 655 3128 cornu
677 3065 842 3127 contulerat
860 3074 891 3127 et
906 3062 1049 3144 usquead
1065 3058 1230 3128 acieisnne

111 3165 233 3229 mediam
260 3166 407 3250 legionem
434 3177 613 3248 porrexerat
640 3177 671 3228 et
692 3167 733 3228 ita
754 3165 976 3241 collocanerat,
1011 3163 1054 3226 nti
1077 3162 1230 3225 sinistrum

111 3286 192 3331 suum
209 3289 305 3331 cornu
322 3269 432 3351 triplex
448 3270 550 3332 esset’.
591 3268 645 3332 llic
667 3269 744 3352 quod
768 3287 908 3330 numeros
924 3266 1065 3349 quosdam
1081 3265 1230 3350 legionum

110 3368 280 3449 inmutaui,
299 3372 335 3435 do
351 3391 385 3436 ea
401 3393 435 3438 re
451 3372 550 3436 statim
567 3371 726 3453 separatim
743 3371 857 3435 dicam:
884 3371 997 3452 reliqua
1014 3381 1109 3433 nuum
1126 3388 1168 3429 ex
1182 3387 1232 3428 co-

110 3473 205 3538 dicum
226 3475 372 3557 scriptura
394 3473 588 3557 probabiliter
608 3475 714 3537 effecta
736 3474 797 3536 sint
818 3494 930 3549 necne,
960 3472 1023 3555 ipsa
1047 3472 1232 3534 demonstra·

111 3575 203 3658 bunt3
228 3589 311 3642 reeta
328 3597 396 3640 esse
412 3579 577 3641 ostendam.
606 3574 641 3640 Iu
664 3577 727 3661 ipsa
750 3576 814 3638 acie
838 3571 955 3647 Caesar
976 3574 1077 3637 babuit
1099 3583 1168 3636 octo
1190 3572 1234 3634 le·

109 3681 230 3763 mones:
266 3700 373 3754 nnarn,
411 3700 486 3760 qnae
517 3681 620 3762 quinta
652 3678 873 3763 appellabatur,
905 3677 1051 3758 equitibus
1083 3672 1233 3757 praesidio

110 3783 263 3866 praemisit
278 3783 328 3863 (ξ.
345 3780 400 3865 4).
432 3778 502 3844 Illas
523 3793 591 3844 octo
612 3781 747 3862 legiones
770 3781 800 3842 in
825 3780 948 3842 sinistro
972 3799 1064 3842 cornu
1087 3788 1118 3840 et
1139 3776 1235 3840 media

109 3887 173 3950 acic
202 3885 407 3949 collocauerat
434 3885 542 3968 triplici
572 3884 637 3946 acie
660 3883 824 3946 instructas
855 3882 903 3963 (id
927 3882 1003 3963 quod
1031 3866 1180 3945 secundae
1204 3889 1235 3943 et

110 3991 217 4054 tertiae
245 3987 320 4050 aciei
353 3987 594 4050 commemoratio
619 3989 744 4067 docet),
774 3985 859 4049 cuius
888 3986 1011 4068 triplicis
1035 3984 1108 4048 aeiei
1125 4007 1154 4067 p.
1173 3980 1234 4044 155

111 4093 185 4156 bane
207 4090 356 4154 rationem
386 4090 480 4153 luisse
503 4084 723 4164 demonstrani,
756 4089 840 4151 utin
863 4089 957 4172 prima
979 4089 1044 4152 acie
1073 4098 1235 4170 quaternae

110 4196 250 4259 cobortes
274 4191 504 4275 uniuscuiusque
527 4192 655 4276 legionis
678 4202 878 4273 ponerentur,
905 4192 936 4255 in
959 4193 1089 4256 secunda
1111 4201 1233 4261 ternae,

109 4297 141 4362 iu
159 4294 253 4363 tertia
280 4296 353 4362 ilem
374 4306 492 4361 ternae.
529 4292 635 4377 Itaque
657 4316 725 4358 cnm
754 4315 858 4360 omnes
887 4295 1023 4379 legiones
1051 4293 1084 4354 in
1112 4289 1236 4353 sinistro
