2692 4688
549 198 852 264 ...52-

138 392 225 457 poam
239 391 290 435 res
305 370 487 455 compositae
502 368 627 434 oonsilio
643 369 679 432 nh
695 371 775 434 omni
790 381 874 454 parte
890 368 1066 447 laudabili'a
1091 379 1122 432 et
1138 368 1191 434 ‘in
1204 368 1260 433 aii·

138 496 196 558 qua
211 472 305 558 parte'
323 472 372 537 uel
388 472 431 535 ‘in
447 471 576 554 aliqum
591 472 714 555 partem'
730 467 840 537 Cicero
855 493 908 555 pro
922 468 1015 537 Font.
1036 470 1094 550 14,
1121 467 1162 534 31
1187 479 1197 510 ‘
1206 493 1260 556 po-

138 588 251 641 stremo
266 575 331 658 ipsc
347 594 414 636 com
429 572 459 635 iu
471 572 606 636 omnibus
622 575 704 639 uitae
719 574 852 657 partibus
869 575 998 656 integer,
1016 584 1079 636 tum
1094 574 1167 637 inre
1182 573 1260 637 mili·

138 680 197 744 tari
213 675 421 753 exercitatus’,
440 675 551 739 atari.
567 673 628 755 XI,
645 676 677 752 6,
695 675 716 738 2
733 673 899 742 ‘Brundisii
914 676 1013 740 iacere
1028 675 1059 739 in
1075 696 1179 740 omnes
1192 696 1261 759 par·

138 793 184 847 tes
200 792 247 846 est
262 779 458 857 molestum’3
482 774 605 843 Caelios
626 780 662 842 ad
679 774 745 843 Cic.
763 776 851 843 Fam.
869 775 963 855 Vlll,
986 776 1048 852 11,
1071 777 1093 841 4
1116 778 1262 861 ‘denique

138 885 216 948 malo
239 883 271 946 in
292 882 368 945 hanc
390 891 501 965 partem
527 901 650 957 errare,
674 892 726 957 ot,
750 902 827 965 quae
849 901 910 944 non
925 881 1097 960 desideras,
1120 879 1259 959 audias'3

139 982 269 1068 Quintil.
291 980 341 1061 X,
367 983 404 1060 l,
425 977 468 1045 26
490 981 535 1046 ‘si
559 1002 684 1046 necesse
707 992 756 1047 eat
774 983 805 1047 in
821 985 946 1048 alterum
961 1003 1065 1047 errare
1080 981 1207 1065 partem'
1231 990 1263 1046 et

139 1089 169 1172 §.
186 1085 229 1152 64
253 1085 430 1170 ‘praecipua
453 1095 553 1148 tamen
576 1084 642 1149 eiua
665 1086 696 1148 in
711 1086 926 1151 commonenda
940 1085 1134 1151 miseratione
1149 1084 1259 1162 uirtus,

138 1201 172 1254 ut
187 1189 305 1273 quidam
319 1188 350 1252 in
371 1188 427 1251 hac
449 1208 516 1252 eum
537 1198 622 1272 parte
637 1188 774 1251 omnibns
790 1189 855 1252 eius
871 1189 971 1273 operis
985 1187 1158 1253 auctoribus
1174 1206 1261 1271 prae·

139 1293 266 1357 lerant'.

223 1392 313 1457 Initio
329 1414 357 1457 c.
374 1391 395 1456 8
409 1394 483 1458 haec
498 1393 654 1476 leguntur:
678 1399 689 1434 ‘
698 1390 820 1457 Interea
841 1413 878 1457 ea
893 1391 1032 1477 legione,
1055 1412 1142 1474 qoam
1157 1410 1260 1454 secum

139 1495 285 1571 habebat,
309 1494 528 1575 militibusque,
554 1494 602 1576 qui
619 1513 659 1557 ex
674 1494 827 1578 prouincia
843 1503 1066 1569 conuenerant,
1083 1514 1101 1556 a
1116 1492 1184 1556 lacu
1197 1489 1261 1556 Le-

139 1617 268 1671 manno,
290 1595 340 1678 qui
362 1596 393 1659 in
417 1596 525 1658 llumen
540 1593 718 1659 Rhodanum
735 1595 849 1670 inlluit,
871 1596 909 1659 ad
924 1606 1054 1659 montem
1069 1591 1188 1672 loram,
1209 1595 1261 1678 qui

139 1700 214 1763 lines
230 1695 438 1780 Sequanorum
455 1697 491 1760 ah
508 1695 659 1761 Heluetiis
675 1698 797 1773 diuidit,
821 1698 901 1762 milia
924 1718 1066 1783 passuum
1088 1697 1190 1763 decem
1206 1718 1261 1761 no·

139 1823 206 1866 uem
227 1822 344 1865 morum
367 1800 396 1863 in
420 1798 603 1863 altitudinem
625 1800 730 1882 pedum
751 1800 881 1864 sedecim
905 1802 1074 1885 fossamque
1096 1801 1259 1886 perducit'.

141 1902 203 1969 Sed
219 1924 284 1966 cum
301 1912 455 1967 constaret
476 1899 572 1964 lacum
587 1897 774 1964 Lemannum
797 1923 858 1965 non
881 1903 1008 1968 influere
1023 1904 1053 1967 in
1067 1902 1260 1982 Rhodanum,

139 2005 192 2070 sed
206 2003 385 2069 Rhodanum
402 2025 455 2088 per
469 2002 565 2068 lacum
582 2003 748 2087 perlloere,
772 2004 899 2068 incisum
920 2005 992 2069 illud
1016 2006 1083 2088 ‘qui
1105 2006 1261 2070 indumen

140 2106 317 2177 Rhodanum
333 2106 444 2172 inlluit'
465 2107 502 2169 ab
526 2105 662 2169 omnihus
679 2117 799 2188 praeter
813 2104 1030 2172 Schneiderom
1051 2129 1105 2192 pro
1119 2119 1261 2193 corrupto

139 2210 270 2274 habitum
293 2220 350 2275 est.
382 2207 414 2273 Is
429 2213 470 2274 ita
487 2208 628 2274 defendit
661 2207 856 2273 ‘Rhodanum
865 2210 886 2284 ’,
904 2210 1018 2291 inquit,
1043 2217 1124 2273 ‘non
1139 2211 1260 2275 misceri

140 2314 207 2379 lacu
221 2312 378 2379 Lemanrm
393 2311 555 2398 geographi
572 2320 735 2375 testantur.
773 2309 877 2394 ltaque
899 2312 1007 2375 exiens
1022 2330 1115 2394 aquas
1130 2312 1197 2376 eius
1211 2333 1262 2378 se·

140 2438 208 2480 oum
224 2416 342 2481 trabere
358 2427 389 2479 et
403 2417 487 2479 lacos
503 2414 534 2476 in
551 2413 644 2496 ipsum
661 2414 785 2477 induere
808 2413 953 2477 uidetur'.
990 2409 1037 2476 lta
1058 2424 1149 2498 puto:
1182 2410 1261 2479 Cae·

139 2517 202 2580 sari
217 2517 367 2594 nimirum,
386 2537 452 2579 cour
465 2518 596 2579 locorum
610 2515 739 2579 habitum
752 2515 948 2594 describeret,
965 2514 1034 2598 quid
1046 2516 1175 2580 ludibrio
1188 2539 1261 2581 ocu-

139 2620 235 2682 lorum
252 2618 407 2682 uideretur
419 2617 502 2695 lieri,
521 2639 600 2694 non,
616 2617 685 2699 quid
701 2618 804 2695 heret,
821 2617 978 2682 dicendum
995 2630 1072 2683 erat.
1103 2617 1148 2683 Et
1162 2629 1261 2684 umen

139 2720 209 2803 quid
230 2740 267 2784 ea
288 2739 338 2783 res
360 2719 397 2782 ad
420 2718 612 2783 munitionem
630 2717 771 2783 Caesaris
792 2719 981 2803 pertinebat?
1025 2716 1176 2804 Corrupto
1191 2741 1262 2787 esse

139 2823 212 2886 haec
228 2821 319 2886 uerba
338 2831 422 2886 recte
444 2820 614 2905 superiores
629 2821 856 2899 iudicauerunt,
878 2823 932 2886 sed
955 2821 1191 2887 emendationem
1208 2844 1261 2887 ne·

139 2944 195 3006 que
210 2925 253 2989 illi
276 2925 457 2989 inuenerunt
471 2943 569 3007 neque
584 2923 654 2986 mihi
669 2926 803 3008 reperire
818 2923 955 3006 contigit.
980 2923 1061 2991 Nam
1070 2924 1215 2991 Glareani
1229 2937 1263 2990 et

139 3025 279 3092 Rhenaui
302 3026 505 3091 coniecturam
538 3032 643 3108 ‘quem
666 3026 774 3091 humen
794 3024 975 3089 Rhodanum
995 3026 1106 3090 induit’
1127 3027 1261 3113 pluribus

140 3129 308 3193 nominibus
331 3130 472 3193 uitiosam
493 3149 561 3193 esse
584 3124 787 3193 Schneiderus
809 3129 1037 3194 demonstrauit.
1081 3127 1117 3194 Id
1144 3141 1261 3195 certon

139 3241 206 3307 est,
243 3229 290 3292 his
319 3231 420 3294 uerbis
449 3231 539 3294 situm
568 3230 742 3295 munitionis
774 3231 946 3295 accuratius
973 3233 1065 3296 luisse
1093 3232 1259 3297 delinitum.

140 3329 246 3413 ltaque
276 3341 346 3408 aut,
374 3351 433 3413 qua
464 3332 573 3395 humen
595 3331 761 3397 Rhodanus
783 3333 905 3406 flueret,
934 3343 1004 3412 aot,
1034 3355 1092 3418 qna
1119 3335 1197 3399 idem
1219 3356 1262 3402 ex

140 3436 206 3498 lacu
222 3433 402 3517 prollueret,
427 3454 542 3497 murum
565 3435 737 3517 perductum
760 3455 829 3499 esse
845 3429 962 3499 Caesar
975 3435 1200 3503 demonslraase
1215 3438 1263 3503 ui·

139 3535 237 3601 detur.

227 3633 266 3702 C.
292 3636 344 3716 17,
366 3637 388 3702 2
408 3634 610 3703 Schneiderus
631 3640 673 3703 ita
695 3639 805 3703 elidite
834 3636 920 3704 ‘llos
944 3642 1088 3707 seditiosa
1102 3653 1190 3724 atque
1206 3641 1261 3704 im·

139 3740 233 3825 proba
247 3739 385 3802 oratione
400 3741 617 3805 multitudinem
634 3742 806 3821 deterrere,
833 3763 873 3806 ne
889 3744 1070 3809 frumentum
1084 3745 1258 3807 conserente

141 3843 217 3925 quod
233 3851 388 3926 praestare
411 3841 534 3922 debeat,
558 3845 585 3908 si
605 3845 663 3909 iam
687 3845 883 3930 principatum
900 3844 1018 3910 Galliae
1039 3846 1177 3909 obtinere
1200 3865 1261 3909 non

139 3943 272 4027 possint,
290 3942 444 4007 Gallorum
461 3966 546 4027 quam
561 3945 766 4011 Romanorum
781 3949 907 4032 imperia
922 3950 1074 4032 perterre,
1096 3965 1193 4029 neque
1208 3946 1262 4011 du·

138 4045 237 4110 bitare
252 4046 398 4123 debeant,
416 4047 499 4129 quin,
516 4048 542 4110 si
558 4047 714 4114 Heluetios
729 4051 941 4135 superauerint
953 4047 1102 4125 Romani,
1119 4068 1179 4112 una
1195 4069 1262 4112 cun

140 4149 255 4230 reliqua
272 4145 369 4212 Gallia
385 4147 517 4214 Haeduis
533 4151 700 4217 libertatem
716 4153 778 4217 sint
792 4152 948 4237 erepturi'.
978 4147 1014 4213 ln
1030 4149 1076 4213 his
1093 4156 1263 4234 ‘praestaro

139 4250 259 4315 debeat'
282 4252 319 4315 de
335 4250 480 4338 Herzogii
502 4253 674 4319 coniectura
695 4256 823 4338 positum
839 4264 905 4319 eata
930 4255 962 4317 in
984 4251 1138 4318 codicibus
1152 4252 1264 4338 legitor
