2692 4688
395 203 879 276 conmutatum-aa.
993 166 999 173 ’
1198 206 1263 279 uo

81 385 154 450 stria
169 382 305 448 deduxit.
337 378 393 444 Ille
413 379 577 463 ignominia
599 388 631 442 et
650 376 754 442 dolore
772 386 925 461 pennotue
944 375 1040 461 palan
1063 399 1098 443 ee
1111 381 1238 465 prod-⁴
1277 394 1290 419 ·

81 488 154 552 uisci
177 486 214 549 ad
236 480 402 547 Caesarem
424 481 598 561 simulauit,
629 480 706 544 chun
728 479 841 543 nuntiis
863 480 899 544 ad
922 476 1066 545 ltttouen
1087 485 1200 567 nucis,

80 589 130 674 qni
141 585 250 653 Clodio
266 585 424 647 interiecto
440 583 611 648 eonomine
625 582 874 657 eratdamuatua,
890 591 981 665 atqu
997 603 1034 647 eo
1048 581 1203 653 iultaliara

81 701 232 767 euocato,
257 689 335 770 quod
355 687 471 769 magnis
492 684 667 750 muneribus
687 684 764 749 datia
778 683 975 769 gladiatoriae
990 686 1118 753 familiae
1133 691 1205 754 reli·

47 807 63 860 t
85 793 171 878 quiae
188 790 336 865 babebat,
359 790 416 854 sibi
438 787 596 853 coniunxit
615 796 705 871 atque
728 807 795 850 eum
810 787 842 849 iu
857 784 1025 852 Thurinum
1041 791 1077 854 ad
1092 792 1206 857 collici-

84 896 192 961 taudus
208 904 345 978 pastores
361 891 523 976 praemisit.
555 886 624 973 Ipae
639 910 704 952 cum
721 883 888 953 Catiliuum
909 891 1064 971 ueniaaet,
1087 895 1241 978 uuoqucb
1268 904 1271 913 '

85 1008 219 1081 tempore
233 994 321 1078 rigua
336 994 401 1057 eino
414 993 554 1058 militaria
569 1003 660 1075 atque
675 1012 759 1055 orma
774 987 897 1076 Capuae
911 1004 1015 1057 camut
1029 1014 1206 1081 oonprenaa

85 1111 116 1164 ct
129 1098 240 1163 tamilla
254 1095 406 1180 Neapoli,
430 1096 478 1159 uia
493 1106 582 1178 atquc
598 1093 725 1178 proditio
739 1094 838 1179 oppidi
852 1106 1028 1179 appareret,
1050 1101 1206 1182 patefactio

88 1200 221 1267 consitiis
236 1199 379 1263 exclusus
395 1194 498 1282 Capua
514 1207 546 1260 ct
559 1196 720 1281 perieulum
735 1197 864 1275 ueritus,
883 1199 960 1280 quod
975 1213 1141 1268 couueutuc
1156 1224 1206 1268 ar·

31 1314 66 1369 to
87 1324 135 1367 rua
150 1312 273 1386 ceperat
286 1311 376 1385 atquc
391 1320 457 1364 eum
474 1299 569 1363 bostis
585 1299 652 1363 loco
668 1298 833 1363 babendum
851 1302 1062 1382 existimabat,
1079 1307 1205 1370 coneilio

88 1404 202 1470 destitit
216 1414 304 1486 atque
320 1423 356 1466 eo
371 1402 480 1466 itinere
495 1421 564 1465 sese
578 1402 701 1465 auertit.
727 1399 850 1465 Interim
857 1401 934 1467 blilo
949 1405 1079 1470 dimissio
1095 1409 1208 1472 circum
1221 1409 1264 1481 22

88 1505 248 1590 municipia
263 1505 392 1583 litteris,
418 1524 472 1582 ea,
496 1523 572 1586 quac
588 1504 720 1581 laceret,
743 1503 830 1568 iussu
852 1515 943 1593 atque
965 1508 1090 1592 imperio
1105 1511 1206 1576 lacere

88 1607 226 1691 Pompei,
241 1628 316 1690 quae
331 1607 470 1671 mandata
486 1608 522 1670 ad
537 1628 571 1671 re
586 1627 641 1691 per
654 1604 819 1672 Vibullium
834 1607 932 1672 delata
948 1621 1062 1689 esseut,
1078 1633 1154 1694 quoa
1166 1633 1207 1678 cx

90 1730 162 1774 aere
183 1710 282 1775 alieno
304 1708 443 1775 laborare
464 1707 683 1788 arbitrabatur,
706 1708 897 1774 sollieitabat.
933 1710 1022 1794 Apud
1045 1734 1127 1795 quoa·
1140 1716 1243 1779 cumb

35 1824 67 1877 tt
89 1813 234 1897 prolicere
248 1812 321 1877 nibil
336 1821 455 1896 poscet,
472 1811 645 1893 quibusdum
659 1810 766 1875 solutio
782 1811 943 1892 ergastulis
959 1809 1069 1876 Coram
1085 1815 1117 1879 in
1133 1837 1207 1901 agro

88 1914 226 1981 'l'burino
241 1933 410 1997 oppugnare
426 1914 534 1997 coepit.
564 1911 613 1977 Eo
636 1934 703 1975 curu
718 1935 736 1977 a
752 1909 793 1992 Q.
810 1912 904 1977 Pedio
928 1926 1068 1999 praetore
1083 1938 1150 1980 cum
1165 1919 1209 1983 le·

91 2017 183 2100 giorm
194 2060 307 2080 ......
321 2014 419 2099 lapido
441 2016 517 2079 ictus
540 2037 579 2079 ex
601 2035 688 2077 muro
708 2015 808 2098 periit.
839 2013 882 2077 Et
898 2013 1022 2080 Coelius
1042 2020 1244 2102 prolectua,3

92 2128 125 2183 ut
140 2118 314 2196 dictitabat,
337 2119 374 2182 ad
390 2116 553 2183 Caesarem
576 2115 713 2201 peruenit
727 2113 870 2178 Thurios.
903 2115 961 2180 Vbi
985 2139 1050 2181 cum
1066 2122 1209 2201 quosdam

93 2221 156 2287 eina
177 2219 329 2304 municipii
353 2221 531 2285 sollicitaret
553 2218 761 2305 equitibusque
777 2212 920 2281 Caesario
935 2214 1031 2282 Gallia
1054 2231 1141 2302 atque
1157 2221 1212 2285 lli-

33 2334 70 2389 2⁰
92 2325 206 2408 apamia,
234 2322 283 2406 qui
299 2343 336 2386 eo
352 2323 492 2406 praesidii
508 2343 595 2385 cansa
612 2320 695 2384 missi
713 2330 819 2396 eraut,
836 2319 989 2404 pecuniam
1006 2322 1209 2406 polliceretur,

95 2426 133 2489 ab
148 2425 196 2488 bis
210 2435 258 2488 eat
271 2425 459 2490 interlectos.
491 2422 535 2487 lta
552 2444 727 2508 magnarum
742 2423 829 2488 initia
844 2443 966 2502 rerum,
991 2445 1067 2507 quae
1083 2426 1246 2510 occupa-d

95 2529 178 2592 tione
193 2527 419 2612 magistratuum
434 2536 466 2590 et
478 2538 642 2611 temporum
658 2526 816 2591 sollicitum
831 2523 949 2591 ltaliam
971 2527 1137 2610 habebant,
1162 2550 1212 2594 ce·

94 2631 186 2695 lerona
202 2640 233 2694 et
249 2630 365 2693 laoilcm
382 2629 496 2693 exituro
513 2629 690 2693 babuerunt.

178 2729 258 2796 Libo
273 2733 426 2816 protectus
442 2732 479 2794 ab
496 2728 589 2796 Orico
606 2753 672 2795 cum
689 2730 798 2810 classe,
816 2732 863 2796 cui
880 2743 1032 2816 praeerat,
1048 2735 1209 2811 nauiumL,
1226 2733 1271 2802 23

37 2846 73 2902 2⁵
97 2833 288 2899 Brundisium
306 2833 388 2898 arcuit
401 2834 607 2916 insulamque,
636 2854 712 2916 quae
733 2844 840 2897 contra
861 2844 978 2918 portum
1001 2832 1214 2897 andiuinum

97 2947 154 3016 cst,
173 2937 351 3020 occupauit,
367 2936 444 3019 quud
461 2948 615 3021 praestare
630 2936 833 3000 arbitrabatur
846 2958 936 2998 unum
952 2937 1068 3013 locum,
1086 2956 1145 3018 qua
1161 2956 1214 3000 ue·

97 3039 252 3103 ocrearius
268 3038 381 3103 uostris
397 3050 463 3102 erat
478 3060 639 3121 egressus,
666 3060 752 3121 quam
776 3039 875 3102 omnia
890 3038 977 3101 litora
994 3058 1030 3101 ac
1047 3048 1149 3122 portus
1165 3059 1215 3102 cu·

97 3141 193 3205 alodia
216 3141 334 3205 clausos
365 3142 475 3205 tenori.
520 3139 579 3203 llic
600 3142 757 3224 repentino
780 3141 909 3204 aduentu
936 3160 1043 3204 uauea-
1059 3142 1252 3208 onerariasb

209 3279 268 3331 deo
280 3279 382 3330 nomine
396 3278 529 3345 Scaliger,
544 3278 601 3330 eiua
614 3277 717 3329 nomiae
729 3293 746 3326 a
761 3277 834 3328 ‘maa
845 3275 989 3344 plcrdqrtc’.
1096 3281 1217 3346 dampna-

98 3362 142 3406 tua
154 3371 182 3405 a.
284 3356 473 3419 lpladintorea
487 3357 511 3407 b.
618 3356 733 3422 reliquae
746 3370 810 3421 quaa
822 3356 935 3406 babebat
948 3356 972 3407 b.
1095 3358 1110 3406 ll
1123 3356 1218 3407 Thuri·

99 3451 158 3485 nom
173 3433 213 3499 (a)
222 3435 236 3487 b
245 3450 268 3499 c,
282 3450 334 3485 non
349 3433 484 3487 Turinum.
591 3435 607 3486 7
619 3448 771 3501 eompreura
784 3449 812 3497 a,
825 3448 972 3499 comprcaaa
985 3435 1016 3497 ὸ,-
1030 3435 1216 3500 comprebcuau

99 3526 128 3561 aa.
232 3511 248 3562 8
260 3511 302 3562 uie
315 3517 393 3577 atquc
406 3512 496 3562 auctr.
504 3529 514 3574 ,-
528 3511 636 3576 uisaque
649 3512 697 3573 ab,
713 3511 770 3560 uiua
783 3517 810 3559 et
821 3525 852 3573 c,-
865 3511 923 3561 uiua
936 3510 1174 3577 atqueStepltanua
1187 3526 1215 3561 aa.

207 3587 353 3652 proditioue
368 3588 412 3637 bo.
575 3594 713 3652 appareret
725 3586 885 3650 Stephanus,
900 3600 1025 3652 apparere
1038 3587 1107 3636 abc.

99 3664 131 3716 1⁰
144 3672 266 3730 coeperat
277 3681 305 3715 a.
412 3665 443 3717 1³
456 3664 611 3730 Pompeique
624 3664 744 3714 mandata
758 3679 784 3714 a.
895 3663 1035 3715 Vibullium
1048 3669 1114 3713 autc
1125 3663 1218 3715 Vacca·-

99 3754 147 3791 κω
158 3739 285 3805 Variana,
299 3740 438 3792 llibulliuro
452 3756 507 3803 aa,
520 3740 638 3791 Bibulum
651 3756 679 3791 aa.
693 3740 726 3791 Ρ.
741 3740 800 3792 lbd.
907 3739 939 3791 1⁵
952 3739 1023 3789 uibib
1037 3743 1217 3792 antenorea.

210 3820 240 3870 lb
254 3820 372 3872 Thurino
386 3821 433 3882 bc,
448 3819 545 3871 Turinn
559 3834 586 3869 a.
709 3818 787 3869 Pedio
799 3833 825 3881 a,
841 3817 938 3869 Paedio
951 3833 979 3867 u.
1102 3817 1134 3870 tt
1147 3819 1222 3871 lacu·

99 3911 162 3948 nam
176 3899 287 3948 notauit
299 3897 433 3962 Scaliger.
549 3895 617 3960 perit
628 3911 644 3944 a
654 3895 678 3946 b.
798 3895 830 3946 ta
843 3894 958 3944 dictabat
973 3894 998 3943 b.
1104 3893 1218 3951 Tbtrrioa

101 3976 148 4039 bc,
163 3974 257 4026 Turioa
270 3992 297 4025 a.
402 3976 435 4029 20
450 3974 573 4041 praesidii
586 3973 617 4024 P.
631 3973 783 4035 Manutius,
798 3973 939 4038 praedandi
952 3971 1029 4024 codd.
1134 3974 1165 4028 21
1179 3976 1219 4025 luia

101 4068 117 4101 a
130 4051 190 4103 eald.
202 4055 320 4116 patarea,
334 4052 367 4102 iia
379 4051 410 4102 P.
424 4051 567 4102 Manutius
579 4065 608 4099 n.
712 4051 745 4102 22
759 4049 871 4101 babebat
884 4065 911 4100 a.
1015 4049 1048 4103 22
1062 4051 1160 4102 exitum
1175 4052 1221 4100 lra-

102 4126 198 4178 bcbaot
210 4133 275 4178 aute
288 4144 359 4179 corr.
374 4143 400 4177 a.
528 4128 561 4180 25
575 4132 675 4191 portum
688 4125 868 4178 Brundisinum
882 4143 908 4192 a,
922 4127 1104 4179 Brundisinum
1119 4135 1220 4194 portum

102 4205 162 4256 edd.
286 4205 318 4259 21
332 4206 417 4256 orunia
433 4204 603 4268 Cr'aucom'aa,
619 4204 729 4253 omnium
743 4202 819 4255 codd.
935 4205 970 4260 28
981 4205 1067 4256 teneri
1079 4203 1110 4254 P.
1124 4203 1221 4254 Manu-

102 4289 168 4351 tius,
185 4285 252 4335 tucri
264 4301 281 4337 a
292 4285 364 4336 bad.
