2692 4688
531 180 823 253 curvus-tt.
1244 186 1311 259 02⁹

130 354 209 434 sitis,
228 353 318 438 quod,
336 375 402 417 cum
418 352 536 439 longius
552 355 640 439 paulo
652 355 832 436 discederet,
849 357 1030 423 munitiones
1042 358 1156 425 undare
1166 360 1251 426 nole-

128 456 192 523 bat.
226 454 363 538 Cumque
378 456 416 519 ad
431 475 496 520 eum
512 455 608 520 locum
624 459 816 537 accessisset,
833 460 883 542 qni
898 460 1064 544 appellatur
1077 455 1286 530 Chersone-2

127 581 182 625 sus
198 559 385 641 aquandique
401 579 490 622 causa
505 560 634 642 remiges
648 561 679 623 in
695 570 806 624 terram
821 562 1032 646 exposuisset,
1060 564 1195 627 nonnulli
1209 585 1252 629 ex

127 683 166 725 eo
183 681 331 739 numero,
360 681 427 724 cum
450 661 570 743 longius
585 682 603 725 a
617 661 745 727 nauibus
761 664 934 747 praedatum
950 665 1188 749 processissent,
1212 665 1250 729 ab

92 776 107 828 t
131 762 281 845 equitibus
305 761 433 826 hostin·
453 774 526 826 suut
545 765 678 847 excepti.
717 762 771 828 Ex
792 765 839 830 his
860 776 1068 850 cognouernot
1087 761 1286 833 Caesarem3

126 866 226 950 ipsum
248 863 281 927 in
303 864 401 928 classe
423 864 543 929 uenisse
565 887 662 949 neque
684 866 761 930 ullos
784 868 893 933 milites
914 867 946 931 in
969 868 1095 932 nauibus
1125 868 1248 934 hahere.

127 964 246 1050 Quare
262 977 413 1049 comperta
428 989 564 1051 magnam
580 969 639 1033 sibi
655 969 826 1033 facultatem
846 972 997 1034 fortunam
1014 969 1158 1035 obtulisse
1172 971 1251 1038 hene

127 1068 277 1156 gerendae
293 1068 339 1131 rei
355 1069 558 1134 crediderunt.
589 1068 694 1154 ltaque
709 1093 803 1137 naues
818 1093 941 1151 omues,
966 1093 1041 1156 quas
1063 1084 1181 1158 paratas
1197 1074 1286 1141 ha·4

127 1171 256 1237 buerant
270 1170 307 1234 ad
322 1171 534 1256 nauigandum,
551 1173 822 1257 propugnatoribus
837 1174 1047 1240 instruxerunt
1062 1171 1249 1261 Caesarique

78 1283 106 1337 to
126 1273 261 1339 redeunti
277 1294 343 1337 cum
359 1274 457 1338 classe
473 1286 682 1340 occurrerunt.
718 1272 779 1358 Qui
794 1276 906 1341 duabus
922 1276 1073 1342 decausis
1089 1298 1126 1341 eo
1142 1278 1189 1342 die
1205 1278 1284 1344 ‹ti-5

126 1377 238 1439 micare
253 1374 386 1452 nolebat,
403 1378 482 1460 quod
498 1386 528 1440 et
542 1376 640 1441 nullos
654 1378 763 1443 milites
778 1378 810 1443 iu
825 1378 951 1443 nauibus
966 1378 1113 1457 habehat,
1136 1391 1167 1444 et
1181 1390 1250 1463 post

127 1476 232 1541 horem
246 1477 340 1542 xdiei
354 1498 404 1542 res
420 1479 584 1562 agebatur,
602 1500 665 1543 nox
678 1491 778 1545 autem
794 1481 921 1546 allatura
938 1480 1095 1547 uidebatur
1103 1481 1247 1547 maiorem

126 1579 263 1643 fiduciam
278 1579 350 1660 illis,
368 1582 418 1665 qni
433 1581 565 1645 locorum
582 1582 686 1646 notitia
701 1582 908 1647 confidebant:
930 1582 987 1647 sibi
1003 1583 1092 1647 etiam
1108 1582 1249 1649 hortandi

127 1699 199 1745 suos
214 1683 359 1748 auxilium
375 1683 565 1759 defuturum,
590 1684 669 1767 quod
683 1683 763 1749 nulla
789 1686 863 1751 satis
879 1685 987 1750 idonea
1004 1696 1085 1750 esset
1100 1686 1245 1763 hortatio,

78 1795 105 1847 to
126 1804 203 1871 quae
229 1805 327 1868 neque
347 1786 489 1851 uirtutem
512 1797 615 1870 posset
637 1796 742 1851 moure
765 1807 861 1869 oeque
884 1787 1036 1851 inertiam.
1077 1783 1194 1868 Quibus
1210 1783 1283 1853 deb

127 1887 229 1951 musis
244 1907 350 1965 naues,
368 1909 439 1972 quas
456 1888 562 1974 potuit,
580 1883 697 1952 Caesar
712 1891 749 1952 ad
766 1900 874 1954 terram
891 1889 1037 1968 detrahit,
1056 1908 1141 1972 quem
1156 1889 1187 1952 in
1202 1888 1248 1951 lo·

129 2009 198 2051 cum
213 1988 280 2052 illos
294 2007 488 2056 successuros
504 2013 564 2055 non
581 1990 782 2054 existimabat.
814 1989 892 2055 Erat
906 2012 966 2056 una
982 1991 1067 2056 nauis
1083 1990 1203 2055 Rhodia
1218 1992 1250 2056 in
1264 1991 1304 2062 ll

127 2090 237 2155 dextro
253 2086 394 2157 Caesaris
409 2114 503 2157 cornu
520 2094 609 2177 longe
625 2096 661 2156 ab
677 2092 798 2176 reliquis
819 2091 975 2157 collocata.
1021 2092 1108 2157 Hauc
1131 2094 1249 2179 conspi-

127 2193 187 2257 cati
202 2194 305 2259 hostes
320 2214 381 2259 uon
397 2206 559 2260 tennerunt
573 2217 653 2273 sese,
670 2215 838 2278 magnoque
852 2194 965 2276 impetn
980 2204 1027 2255 nn
1043 2194 1080 2256 ad
1095 2215 1159 2257 eam
1177 2216 1248 2258 con-

78 2305 105 2358 to
126 2306 242 2360 stratae
256 2318 350 2362 naues
366 2309 398 2363 et
412 2299 580 2383 complures
595 2308 717 2382 apertae
733 2296 963 2361 contenderunt.
988 2291 1046 2359 Cui
1063 2304 1186 2359 coactus
1201 2295 1284 2360 est2

127 2392 244 2461 Caesar
258 2400 338 2464 terre
353 2400 536 2480 subsidium,
561 2424 598 2465 oe
615 2412 732 2485 turpem
746 2400 778 2465 iu
795 2407 956 2483 conspectu
973 2397 1182 2461 contumeliam
1198 2418 1248 2463 ac·

126 2499 252 2585 ciperet,
270 2522 459 2585 quamquam,
477 2505 581 2587 siquid
595 2505 717 2590 grauius
731 2503 791 2569 illis
805 2501 974 2581 accidisset,
992 2500 1099 2564 roerito
1108 2521 1247 2565 casurum

126 2602 287 2667 iudicabat.
320 2602 474 2669 Proelium
498 2609 687 2672 commissum
708 2618 756 2671 est
778 2626 885 2689 magna
907 2604 1097 2668 contentione
1113 2601 1282 2669 Rhodio-3

127 2724 214 2784 runt,
241 2707 380 2790 quicum
404 2709 436 2772 in
458 2709 594 2772 omnibns
619 2708 857 2775 dimicationibus
881 2717 911 2770 et
932 2707 1059 2770 scientia
1082 2718 1112 2769 et
1134 2707 1246 2771 uirtute

78 2816 103 2869 ts
126 2808 359 2891 praestitissent,
379 2821 439 2874 tum
455 2812 585 2877 maxime
600 2813 652 2876 illo
669 2821 803 2895 tempore
818 2821 912 2874 totum
929 2829 1005 2872 onus
1022 2808 1171 2871 sustinere
1186 2830 1246 2871 non

126 2910 325 2989 recusabant,
350 2914 480 2996 nequod
497 2936 619 2978 snorum
635 2916 720 2998 culpa
737 2914 945 2979 detrimentum
962 2919 1114 2992 acceptum
1132 2908 1248 2971 uidere·

127 3020 187 3076 tur.
218 3009 265 3077 lta
281 3015 425 3097 proelium
442 3018 688 3082 secundissimum
705 3001 751 3080 est
768 3017 888 3078 iactum.
928 3009 1024 3094 Capta
1047 3021 1095 3076 est
1116 3030 1174 3073 una
1195 3010 1284 3075 tio-t

127 3113 217 3177 stium
233 3116 442 3198 quadriremis,
460 3119 602 3201 depressa
618 3130 667 3183 est
681 3119 788 3194 altera,
806 3118 881 3180 duae
898 3114 1034 3177 omuibus
1051 3110 1176 3197 epibatis
1193 3134 1248 3177 nu·

127 3215 236 3295 datae3
260 3240 368 3304 magua
389 3231 547 3304 praeterea
569 3220 725 3285 multitudo
749 3220 780 3283 in
797 3216 919 3300 reliquis
936 3214 1063 3280 nauibus
1080 3236 1248 3300 propugna-

78 3327 105 3381 te
128 3327 227 3383 torum
250 3330 296 3385 est
316 3323 487 3387 interiecta.
535 3320 622 3405 Quod
646 3322 703 3387 uisi
728 3343 790 3387 nox
814 3321 957 3405 proelium
974 3318 1159 3395 diremisset,
1185 3314 1283 3380 tota5

236 3564 247 3615 1
264 3564 357 3615 nudari
371 3565 397 3615 d.
505 3564 795 3626 secessissentque,
811 3563 1011 3613 accessissento
1022 3558 1139 3611 ‘mend‘-

127 3636 305 3692 Chernonesns
320 3642 376 3692 ‘nol
386 3642 583 3693 Chersonensus
598 3645 652 3706 (ιε’,
666 3642 864 3694 Chersonensus
878 3654 905 3688 a.
1054 3637 1069 3686 3
1083 3635 1250 3699 exposuisset

126 3717 224 3781 Aldus,
239 3722 451 3786 exposuisseota
467 3722 540 3771 ‘men
555 3722 589 3772 θ’.
699 3723 713 3772 5
726 3719 766 3770 his
779 3735 796 3769 a
809 3718 870 3769 edd.
885 3722 948 3767 ante
962 3714 1024 3766 Atat.
1038 3712 1201 3778 Stephanus,
1216 3714 1248 3764 iis

125 3793 213 3846 Altius
225 3811 253 3846 u.
385 3798 401 3849 ti
415 3814 497 3864 neque
511 3814 569 3863 ego,
585 3816 631 3848 nec
646 3798 684 3863 (α)
698 3797 757 3848 edd.
771 3795 913 3860 Nusquam
927 3796 955 3843 e'n
969 3797 1028 3843 toto
1041 3794 1249 3869 commentario·

124 3885 187 3922 runa
200 3888 312 3938 corpore
325 3889 388 3937 seu,
409 3891 477 3937 neu,
499 3891 545 3924 nec
558 3881 698 3941 portentur
710 3878 774 3923 onte
787 3872 923 3934 noralem,
945 3873 1002 3920 uiri
1020 3867 1093 3934 quod
1111 3873 1209 3920 auctor
1220 3870 1246 3921 b.

125 3947 203 4013 nep.
219 3952 377 4016 necopioaos
391 3952 475 4002 dioto.
583 3953 827 4003 ldoecurrcraota.
936 3946 1138 4012 ttqoooottaa.

126 4024 158 4078 17
172 4042 347 4079 succensuros
365 4045 425 4078 enm
442 4034 545 4094 puncto
566 4030 643 4078 rubo
665 4033 691 4078 ot
711 4041 832 4091 cupreae.
848 4040 907 4088 ea,
931 4039 1102 4076 succensores
1116 4040 1138 4074 o.

127 4101 159 4155 lb
171 4119 221 4154 non
236 4111 325 4155 terunt
337 4121 364 4170 a,
379 4112 514 4156 uerterunt
530 4106 555 4154 h.
659 4105 693 4160 22
706 4103 909 4170 quanquam(u).
1016 4116 1103 4152 cesum
1115 4102 1139 4150 b.

126 4180 319 4236 uastam.
425 4184 618 4234 contentione.
735 4180 931 4247 liquitumb.
1054 4180 1086 4234 25
1100 4179 1209 4228 manime
1222 4177 1249 4226 in

129 4257 175 4310 ttto
190 4260 215 4310 b.
321 4262 354 4315 28
368 4261 492 4328 depressa
504 4261 588 4312 ultera
603 4260 626 4311 b.
733 4258 800 4309 duaa
816 4257 963 4323 Turnebus,
980 4257 1072 4310 deinde
1085 4254 1161 4307 codd.
