2684 4694
76 187 141 259 686
524 176 658 245 subtr
679 172 869 243 AFRICAE

101 357 227 439 batque
249 352 310 416 suis
333 350 516 434 fugientibus
534 349 688 433 suppetias
702 349 749 412 ire
764 347 931 411 cunundit.
979 343 1070 428 Quod
1084 347 1136 411 ubi
1151 343 1275 415 Caesar

137 454 309 539 conspexit,
332 450 497 515 Labienum
512 451 549 515 ab
565 451 628 514 suis
644 449 737 533 copiis
752 449 872 531 longius
887 449 947 513 iam
961 447 1163 527 abscessisse,
1186 453 1274 534 eqni-

80 561 128 631 40
144 569 224 623 tatus
240 556 287 619 sni
301 555 379 616 mam
394 553 546 619 sinistram
561 554 600 615 ad
621 551 866 617 intercludendos
882 550 985 615 hostes
1007 552 1145 617 inmisit.
1189 550 1272 617 Erat

138 661 172 725 in
189 680 227 722 eo
243 677 365 739 campo,
391 655 440 718 ubi
457 676 494 719 ea
511 674 561 718 res
584 653 764 737 gerebatur,
789 652 861 716 nilla
883 674 1046 738 permagna
1068 654 1206 719 turribus
1221 662 1269 717 nu

138 771 298 836 extructae
318 777 393 840 qnae
405 753 533 820 Labieni
550 765 736 839 prospectum
752 754 944 838 impediebat,
962 775 1001 819 ne
1016 766 1119 839 posset
1132 756 1265 820 enimn
1282 768 1300 818 s

103 862 297 927 baduertere
319 858 356 923 ab
381 859 515 939 equitatu
531 852 673 921 Caesaris
696 876 731 920 se
753 856 924 921 intercludi.
971 854 1076 939 ltaque
1098 878 1161 921 non
1185 859 1267 940 prins

139 963 214 1027 uidit
230 973 344 1025 turmas
359 957 503 1036 Iulianas,
528 979 614 1040 qnam
629 979 702 1023 suos
716 958 802 1022 caedi
817 980 835 1022 n
851 969 936 1040 tergo
951 959 1058 1023 sensit.
1087 956 1141 1021 Ex
1155 979 1216 1040 qna
1232 978 1267 1023 re

140 1063 240 1129 subito
261 1062 294 1125 in
317 1071 466 1124 terrorem
487 1080 638 1126 conuerso
656 1059 792 1141 equitatu
805 1057 1006 1124 Numidarum
1022 1069 1104 1123 reeta
1118 1058 1150 1121 in
1164 1070 1268 1123 castra

104 1163 245 1248 dingere
261 1163 423 1225 contendit.
460 1159 540 1227 Galli
555 1157 769 1243 Germanique,
786 1161 836 1242 qul
851 1160 1038 1236 resbtarant,
1054 1180 1096 1223 ax
1109 1160 1266 1243 superiore

141 1265 208 1329 loco
223 1275 254 1326 et
269 1274 338 1348 post
352 1274 468 1346 tergum
483 1262 681 1327 circumuenti
697 1263 873 1345 fortiterque
896 1272 1045 1326 restantes
1065 1261 1268 1324 muciduntur
1289 1271 1315 1325 tt

105 1367 127 1429 d
142 1366 288 1432 uniuersi.
327 1361 415 1445 Quod
430 1363 480 1427 nbi
496 1362 630 1448 legiones
647 1360 813 1448 Scipionis,
833 1382 909 1446 quae
924 1383 978 1445 pro
992 1362 1100 1426 castris
1114 1372 1204 1425 eram
1217 1362 1267 1426 in·

142 1478 295 1542 structae,
320 1466 449 1529 animum
465 1467 672 1544 aduerterunt,
696 1476 777 1529 metu
791 1485 827 1529 ac
842 1476 959 1528 terrore
972 1463 1152 1528 obcaecatae
1168 1464 1266 1527 omni·

108 1567 199 1632 5bus
219 1567 313 1650 portis
337 1567 370 1629 in
392 1587 446 1629 sna
468 1577 569 1630 castra
591 1568 695 1648 ingere
718 1576 891 1650 coeperunt.
934 1563 1099 1645 Postquam
1119 1561 1268 1646 Scipione

143 1669 267 1753 eiusque
282 1666 375 1749 copiis
391 1686 494 1750 eampo
511 1666 693 1750 collibusque
715 1667 881 1733 exturbatis
900 1675 989 1746 atque
1010 1665 1043 1727 in
1062 1675 1164 1729 castra
1180 1685 1268 1729 com·

143 1768 238 1856 pulsis
254 1789 319 1832 cunr
336 1768 469 1851 receptui
481 1764 599 1833 Caesar
613 1771 681 1834 cani
695 1770 838 1835 iussisset
851 1767 1069 1850 equitatumque
1082 1785 1204 1829 omnem
1219 1767 1268 1831 in·
1289 1776 1315 1831 u

143 1883 192 1937 tra
205 1892 277 1937 suas
292 1869 473 1934 munitiones
488 1870 672 1954 recepisset,
696 1892 799 1954 campo
815 1880 940 1954 purgato
956 1868 1169 1933 animaduertit
1182 1867 1267 1931 misi·

144 1974 199 2037 lica
219 1991 347 2055 corpora
361 1967 517 2035 Gallorum
533 1969 829 2054 Germanorumque,
854 1971 904 2054 qni
925 1972 1032 2054 partim
1052 1969 1118 2034 eins
1133 1969 1266 2035 anctori-

144 2084 237 2138 tatem
252 2083 340 2137 erant
354 2092 395 2138 ex
404 2068 504 2138 Gallia
518 2074 627 2153 secuti,
644 2075 751 2159 partina
767 2073 862 2157 pretio
875 2071 1197 2156 pollicitationibusque
1210 2070 1266 2133 ad·

124 2176 226 2241 -uocu
248 2175 286 2241 ad
307 2196 375 2239 eum
398 2197 432 2240 se
454 2176 655 2255 contulerant,
678 2176 826 2253 nonnulli,
850 2175 900 2257 qui
922 2195 965 2239 ex
983 2171 1128 2239 Curionis
1145 2171 1264 2255 proelio

145 2279 224 2361 capti
239 2278 469 2360 conseruatiqne
492 2298 592 2361 parem
607 2277 735 2362 qratiam
756 2277 787 2341 in
803 2277 861 2341 fide
874 2275 1024 2340 seruanda
1040 2285 1197 2358 praestem
1212 2292 1268 2337 un·
1286 2280 1318 2338 td

109 2376 131 2443 6
145 2380 275 2445 lucrant.
304 2379 418 2443 llornm
434 2400 561 2462 corpora
574 2379 700 2443 mirifica
714 2379 815 2462 speeie
829 2377 1083 2460 amplitudiueqne
1096 2395 1187 2439 caesa
1202 2384 1267 2438 toto

87 2481 128 2550 41
144 2501 248 2562 campo
263 2501 298 2543 ac
313 2491 463 2561 prostrata
478 2481 595 2545 diuerso
610 2480 759 2546 iacebant
791 2478 848 2543 His
862 2479 954 2543 rebus
969 2479 1062 2563 gestis
1079 2473 1201 2541 Caena·
1212 2497 1266 2559 po·

146 2591 229 2644 atero
240 2580 288 2643 die
303 2600 343 2642 ex
359 2580 495 2643 omuibus
509 2581 664 2665 praesidiis
679 2582 819 2647 cobortes
832 2582 953 2645 deduxit
968 2591 1059 2663 atque
1073 2599 1177 2643 omnes
1193 2596 1267 2640 snas

145 2681 245 2766 copias
261 2682 292 2744 in
308 2703 410 2765 campo
425 2682 581 2747 instruxit.
616 2679 718 2766 Scipio
733 2684 794 2749 suis
810 2685 887 2748 urale
902 2684 1045 2767 acceptis,
1070 2681 1181 2745 oeoisis
1195 2699 1268 2745 con-

108 2784 368 2866 2unalneratisque
389 2784 470 2848 intra
492 2806 564 2851 snas
580 2784 735 2849 continere
749 2806 784 2849 so
798 2785 979 2849 munitiones
994 2784 1103 2867 coepit.
1150 2779 1270 2846 Caesar
1289 2790 1321 2845 n

144 2888 293 2952 instructa
316 2887 382 2950 acie
402 2886 565 2950 seeundum
586 2886 705 2951 infimas
726 2886 789 2969 iugi
813 2888 930 2951 radices
949 2886 1069 2969 propius
1084 2883 1268 2948 munitiones

144 2988 276 3053 accessit·
293 2987 411 3053 leniter.
456 2983 578 3070 lanaque
596 2988 697 3053 miuus
716 2988 798 3053 mille
814 3010 955 3072 passuum
972 2987 1007 3052 ab
1022 2985 1126 3069 oppido
1141 2981 1265 3060 Vzitta,

145 3089 222 3173 quot
238 3085 339 3172 Scipio
355 3089 495 3168 tenebat,
519 3090 643 3155 aberant
657 3089 791 3174 legiones
807 3088 959 3168 lullanae,
983 3111 1050 3153 cum
1062 3084 1167 3170 Scipio
1182 3085 1268 3148 neri·

145 3199 207 3265 tus,
223 3210 262 3253 ne
277 3191 414 3272 oppidum
429 3192 591 3267 amitteret,
608 3192 686 3257 unde
702 3193 805 3279 aquari
818 3193 997 3275 reliquisque
1008 3191 1099 3254 rebus
1113 3186 1267 3252 subleuari

147 3290 211 3354 eins
228 3292 380 3354 exercitus
396 3304 574 3371 consuerat,
599 3293 713 3356 eductis
736 3295 872 3358 omnibus
895 3295 987 3377 copiis
1003 3291 1185 3375 quadruplici
1200 3289 1269 3353 acie
1290 3297 1321 3349 30

145 3392 293 3456 instructa
317 3413 356 3456 ex
379 3394 517 3457 instituto
541 3416 620 3474 suo,
639 3396 733 3480 prima
756 3397 886 3482 equestri
909 3394 1058 3458 turmatim
1075 3393 1189 3455 directa
1206 3391 1267 3456 ele·

252 3523 268 3572 t
281 3521 407 3586 agebatur
420 3524 445 3573 b.
569 3525 684 3576 turribus
698 3540 736 3575 1111
749 3540 776 3591 a,
791 3528 900 3577 inuersa
912 3523 1005 3577 ordine
1019 3522 1080 3577 eud.
1194 3523 1208 3571 5
1222 3535 1270 3571 0¹·

146 3605 232 3651 truste
244 3615 271 3652 α.
377 3603 489 3655 animuin
501 3603 640 3655 aduertere
651 3605 699 3668 ab,
709 3619 763 3654 nou
776 3606 925 3656 adnimudu.
1031 3603 1139 3654 lsensit
1152 3600 1270 3664 Stepha-

145 3680 470 3743 uua‚aentitc‘mra.l'.
578 3683 847 3748 lenocinamento,
863 3684 1015 3735 resistentes
1027 3696 1055 3731 aa.
1169 3678 1271 3729 lbani·

143 3773 211 3811 mum
224 3760 395 3812 aduerterunt
408 3778 424 3811 u
437 3759 591 3825 (is-rant)
605 3762 629 3823 b,
639 3777 691 3813 uon
705 3762 836 3813 animatu.
941 3759 1112 3816 obcaecatae(
1132 3755 1155 3819 b.

144 3833 175 3889 13
186 3834 275 3898 legere
287 3853 313 3889 a.
420 3845 555 3904 postquam
568 3852 586 3887 a
595 3838 609 3888 b
619 3853 633 3888 e
645 3839 661 3890 2
673 3838 753 3902 aare„
764 3846 854 3905 posteo
867 3839 1018 3904 Stepbnnats
1029 3849 1058 3885 u·
1070 3833 1103 3885 Ρ.
1114 3833 1157 3885 ll.

144 3911 177 3964 18
185 3912 417 3979 pollicitationibus
428 3932 453 3965 n.
508 3968 511 3973 ,
556 3915 589 3967 20
600 3916 730 3969 seruanda
739 3931 797 3981 ego,
806 3923 974 3982 peruentum,-
983 3912 1119 3981 partienda
1126 3910 1230 3974 reliqui
1241 3914 1271 3959 er

143 4002 266 4053 capraea.
280 4004 305 4039 a.
316 3990 344 4039 P.
355 3991 414 4043 212.
521 3991 659 4043 noluerant
673 3993 696 4042 b.
801 3990 944 4048 ascensor
956 3999 1060 4058 postero
1075 3990 1115 4040 die
1128 4004 1154 4049 n,
1164 3993 1268 4054 postero

144 4062 185 4115 die
199 4063 297 4117 Caesar
310 4067 371 4118 edd.
487 4069 519 4122 23
533 4069 643 4122 deduxit
653 4085 671 4120 a
682 4071 706 4133 d,
721 4070 812 4123 eduxit
825 4088 846 4121 o.
972 4072 1005 4124 bb
1018 4071 1173 4122 instructam
1185 4065 1270 4122 uorem

144 4157 161 4193 u
174 4143 198 4193 b.
309 4144 342 4196 ll
357 4145 468 4198 necessit
482 4147 616 4209 ianitore,
632 4146 727 4198 leniter
739 4151 854 4201 accessit
867 4149 926 4200 edd.
1041 4148 1116 4213 pas‘s.
1132 4162 1159 4196 a.

144 4216 241 4287 sztln
253 4235 278 4285 a,
295 4219 371 4273 Vzitn
384 4237 411 4272 u.
518 4223 547 4273 ³1
563 4221 670 4277 dmoen
684 4223 709 4274 b.
