2684 4694
61 178 127 247 bid
459 170 913 242 BELLIALEXANDRINI

121 349 287 432 donumque
302 348 365 411 fors
381 344 541 425 obtulerat,
564 346 807 432 procurrentibus
823 356 854 410 et
868 344 1092 430 erumpentibus
1105 344 1253 411 Alexan·

122 452 217 515 drims
240 470 357 514 muuum
377 495 384 511 .
404 495 412 512 .
433 448 698 533 ..comprehendi
719 448 843 512 multum
867 447 1008 532 operibus
1032 493 1040 511 .
1060 494 1068 509 .
1089 493 1097 510 .
1118 494 1126 511 .
1145 459 1175 511 et
1197 470 1253 513 ar-

84 553 108 620 2
123 552 261 618 dentibus
277 551 382 617 studiis
397 551 543 629 militum,
560 572 617 614 uec
633 551 785 634 diuulgata
801 546 944 614 Caesaris
960 550 1091 614 hortatio
1106 550 1251 634 subsequi

121 655 273 740 legionum
289 666 342 717 aut
356 653 487 717 laborem
503 663 555 716 aut
569 653 717 736 pugnandi
732 662 850 737 poterat
865 651 1077 735 cupiditatem,
1100 663 1134 717 ut
1149 654 1249 736 magis

121 757 293 821 deterrendi
314 767 345 820 et
367 755 538 819 continendi
560 775 578 818 a
600 754 862 838 periculosissimis
884 766 988 819 essent
1004 755 1248 821 dimicationibus
1270 769 1286 818 a

63 857 108 930 28
120 880 207 944 mam
222 858 367 922 incitandi
382 859 419 921 nd
434 857 634 942 pugnandum.
667 856 879 935 Alexandrini,
896 878 964 920 cum
978 856 1134 922 Romanos
1149 871 1183 924 et
1195 879 1249 924 se·

122 961 228 1027 cundis
250 960 341 1024 rebus
365 959 534 1023 confirmari
558 970 588 1022 et
603 959 738 1024 aduersis
752 959 875 1023 incitari
890 959 1029 1025 uiderent
1042 982 1138 1044 neque
1154 962 1250 1026 ullum

120 1062 193 1128 belli
216 1063 335 1127 tertium
351 1083 452 1125 casum
468 1072 612 1138 nossent,
636 1083 696 1144 quo
711 1072 836 1145 possent
849 1083 918 1127 esse
933 1064 1101 1141 firmiores,
1122 1072 1157 1126 ut
1171 1085 1249 1127 eou-

122 1164 237 1229 iectura
261 1165 402 1247 consequi
424 1184 600 1248 possumus,
625 1174 678 1227 aut
699 1163 841 1228 admoniti
864 1187 883 1229 s
904 1166 987 1250 regis
1001 1165 1123 1243 amicis,
1148 1166 1197 1248 qui
1213 1166 1250 1230 iu

124 1261 268 1331 Caesaris
285 1278 372 1331 erant
387 1265 556 1350 praesidiis,
566 1275 618 1329 aut
632 1285 688 1328 suo
704 1266 805 1350 priore
820 1267 946 1331 oonsilio
961 1288 1016 1352 per
1026 1267 1159 1332 occultos
1171 1288 1252 1331 uuu—
1275 1279 1307 1332 lu

123 1369 182 1433 tios
197 1369 262 1455 regi
279 1369 403 1453 probato
418 1369 534 1453 legatos
550 1368 587 1431 ad
603 1365 767 1432 Caesarem
782 1370 948 1448 miseruut,
973 1379 1007 1433 ut
1020 1369 1183 1433 dimitteret
1196 1389 1252 1434 re·

87 1471 189 1555 2gem
213 1471 400 1551 transireque
422 1472 459 1533 ad
482 1490 554 1534 suos
576 1479 746 1552 pateretur:
772 1482 905 1556 paratam
927 1472 1005 1536 enim
1027 1470 1251 1535 multitudinem

123 1593 193 1637 esse
215 1573 380 1635 conlectam
404 1573 502 1636 taedio
525 1571 641 1656 puellae
656 1572 809 1638 fiduciaria
824 1573 1023 1638 dominatione
1038 1572 1250 1636 crudelissima

87 1672 109 1740 ³
124 1671 308 1759 Ganymedis
323 1674 423 1738 lacere
438 1674 480 1752 id,
492 1674 569 1756 quod
585 1694 643 1737 rex
658 1675 852 1759 imperasset;
867 1696 925 1757 quo
940 1674 967 1738 si
982 1683 1105 1737 anctore
1119 1673 1150 1735 iu
1162 1669 1248 1736 Cae·

123 1777 202 1841 suris
225 1776 313 1840 fidem
327 1775 546 1858 amicitiamque
562 1776 682 1842 uenturi
698 1787 820 1853 esseut,
842 1776 950 1841 nullius
965 1775 1090 1861 periculi
1104 1775 1250 1839 timorem
1275 1787 1307 1840 lt

66 1877 304 1950 multitudini
328 1880 392 1941 lore
413 1878 644 1962 impedimento,
669 1901 727 1962 quo
751 1881 849 1944 minus
875 1900 908 1945 se
930 1879 1083 1944 dederent.
1113 1873 1247 1957 Caesar,

125 1982 183 2046 elsi
205 1980 339 2045 lallucem
355 1991 474 2063 gentem
490 2001 666 2069 semperque
682 1982 740 2047 alia
755 1981 956 2065 cogitantem,
983 1982 1043 2046 alia
1057 1979 1250 2044 simulantem

124 2082 201 2148 benc
224 2082 374 2166 cognitam
396 2084 542 2162 babebat,
567 2093 667 2148 tumen
683 2085 850 2169 petentibus
866 2085 937 2149 dare
953 2085 1073 2148 ueniam
1091 2082 1163 2146 utile
1177 2102 1249 2146 esse

87 2184 111 2252 2
124 2185 240 2263 statuit,
258 2186 348 2270 quod,
365 2186 391 2250 si
407 2207 465 2268 quo
480 2197 568 2271 pacto
583 2187 732 2251 sentirent
747 2208 796 2267 ea,
815 2208 891 2271 quae
906 2186 1110 2273 postularent,
1127 2203 1247 2248 mausu-

123 2308 190 2353 rum
205 2288 237 2352 in
252 2289 310 2353 lide
324 2288 477 2353 dimissum
493 2309 595 2372 regem
611 2288 772 2367 credebat,
796 2290 864 2366 siu,
881 2289 911 2353 id
926 2290 1005 2372 quod
1019 2289 1113 2373 magis
1128 2288 1250 2352 illorum
1270 2295 1304 2352 2⁰

126 2401 252 2456 naturae
275 2391 492 2469 conueniebat,
517 2391 620 2455 ducem
643 2392 681 2456 od
701 2391 810 2456 bellum
832 2391 995 2475 gerendum
1016 2412 1121 2475 regem
1136 2390 1249 2456 babere

125 2494 256 2570 uellent,
280 2492 460 2575 splendidius
476 2504 565 2580 atque
580 2495 736 2559 honestius
751 2515 785 2558 se
800 2505 905 2558 contra
921 2514 1023 2578 regem
1038 2516 1125 2577 quam
1142 2505 1248 2558 contra

89 2590 325 2658 deonueuarum
341 2616 377 2658 ao
392 2596 585 2679 fugitiuorum
600 2619 720 2661 manum
735 2596 842 2661 bellum
858 2617 926 2661 esse
942 2606 1109 2680 gesturum.
1143 2595 1250 2680 ltaque

123 2717 225 2782 regem
242 2697 428 2777 cohortatus,
446 2709 479 2763 ut
493 2701 665 2764 consuleret
679 2720 774 2785 regno
790 2711 935 2784 paterno,
961 2712 1099 2784 parceret
1114 2699 1251 2783 praecla-

123 2798 261 2864 rissimae
276 2800 409 2885 patriae,
430 2822 505 2884 quac
521 2803 654 2887 turpibus
666 2803 814 2867 incendiis
826 2813 857 2865 et
867 2802 964 2866 ruinis
976 2812 1058 2866 esset
1070 2803 1248 2880 deformata,
1272 2813 1306 2867 25

125 2902 208 2967 ciues
230 2924 302 2967 suos
324 2903 448 2988 primum
472 2904 508 2968 ad
528 2905 688 2970 sanitatem
710 2915 886 2982 reuocaret,
912 2905 1017 2969 deiude
1039 2915 1245 2981 couscruoret,

125 3004 211 3067 lidem
227 3007 334 3090 populo
349 3005 488 3071 Romano
502 3005 618 3090 sibique
633 3017 821 3092 praestaret,
846 3028 911 3069 oum
926 3008 992 3090 ipsc
1007 3016 1118 3070 tantum
1134 3005 1162 3068 ei
1178 3025 1248 3068 ere·

126 3105 231 3185 deret,
249 3119 283 3170 ut
298 3109 333 3171 ad
349 3109 451 3174 bostes
467 3120 599 3174 armatos
615 3130 682 3175 enm
697 3108 849 3186 mitteret,
867 3110 974 3173 dextra
989 3110 1123 3174 dextram
1138 3118 1251 3171 teneus

89 3202 111 3266 l
126 3204 274 3273 dimittere
297 3213 396 3294 coepit
417 3213 518 3277 adulta
541 3213 600 3278 iam
616 3222 715 3277 aetate
729 3233 866 3296 puerum.
897 3210 941 3275 Ar
954 3213 1057 3295 regius
1073 3211 1188 3275 animus
1204 3209 1250 3273 di-

126 3308 259 3392 sciplinis
283 3311 481 3378 fallacissimis
505 3315 659 3393 eruditus,
683 3334 721 3378 ne
736 3335 754 3377 a
769 3316 866 3399 gentis
882 3335 955 3379 suae
970 3314 1103 3379 moribus
1119 3314 1250 3397 degene-
1273 3323 1305 3375 tt

125 3422 226 3488 raret,
243 3413 317 3477 llens
333 3434 421 3479 orare
437 3428 543 3481 eontra
557 3414 721 3482 Caesarem
738 3419 853 3502 coepit,
878 3439 915 3482 ne
930 3438 964 3481 so
978 3416 1160 3482 dimitteret:
1186 3437 1250 3480 nou

90 3507 111 3573 5
127 3512 204 3576 euim
221 3514 278 3578 sibi
292 3536 417 3600 reguum
432 3519 528 3602 ipsum
543 3531 707 3606 conspectu
717 3515 862 3586 Caesaris
877 3540 945 3586 esse
959 3520 1130 3584 iucundius.
1157 3514 1251 3582 Com·

123 3701 259 3770 docunque
273 3704 322 3771 (o).
429 3706 572 3759 blacernas
585 3723 633 3774 ego
647 3710 815 3774 significant.
830 3710 861 3761 Ρ.
877 3708 936 3760 193.
1048 3703 1166 3770 multum]
1180 3705 1252 3757 mili-

123 3783 215 3832 tumb.
320 3786 514 3837 drumonem.
640 3787 775 3853 8quiuc.
899 3785 1000 3850 llregi
1012 3782 1251 3848 cod.Vrs.,regis

121 3857 234 3921 reliqui.
356 3861 388 3913 12
401 3861 591 3912 multitudinem
604 3878 621 3912 u
631 3864 654 3927 b,
669 3878 769 3914 omnem
782 3863 972 3914 multitudinem
986 3877 1013 3912 u.
1137 3860 1169 3912 lt
1183 3860 1252 3911 ddu-

123 3933 206 3983 oiaria
218 3950 277 3998 ego,
293 3935 427 3988 fiduciario
441 3954 458 3989 a
469 3941 521 4002 bc‚·
535 3940 672 3993 fiduciario
686 3956 765 4004 reguo
779 3958 807 3992 u.
914 3941 1152 4007 lbamiciciamquc
1164 3955 1191 4004 o,
1206 3946 1248 3991 at·

122 4028 173 4080 que
187 4013 325 4066 amicitiam
341 4017 365 4066 b.
491 4019 522 4070 17
536 4020 558 4070 si
572 4036 599 4070 a.
740 4022 771 4073 lb
786 4027 861 4087 pacto
872 4022 904 4072 Ρ.
917 4020 1071 4083 Manutius,
1087 4019 1156 4070 iacto
1169 4017 1249 4069 codd.

231 4091 371 4141 senticeta
386 4093 458 4144 ‘mss¹
470 4095 614 4161 pleriquc’.
761 4098 795 4154 22
807 4114 837 4149 se
850 4113 867 4147 a
880 4096 941 4148 add.
955 4101 1072 4162 priores,
1087 4112 1147 4147 sese
1160 4093 1250 4148 Aldus

123 4180 204 4232 nepos
218 4183 245 4218 u.
350 4169 385 4223 2⁴
398 4172 531 4239 parceret]
545 4181 572 4223 et
583 4173 647 4225 odd.
661 4191 678 4225 a
689 4176 713 4226 b.
831 4175 865 4228 ³2
878 4175 929 4225 sibi
942 4191 1049 4239 reguum
1063 4176 1146 4242 ipsum
1159 4190 1175 4224 a
1189 4172 1251 4224 Ste-

120 4242 239 4307 phanus,
255 4260 361 4310 reguum
375 4248 458 4315 ipsum
471 4248 522 4300 sibi
535 4255 640 4301 ceteras
652 4250 713 4302 add.
818 4252 955 4304 iocundius
968 4266 995 4301 a.

487 4330 503 4355 O
