2692 4688
471 274 619 351 GAPV'l'
640 278 795 350 tt-tu.
1187 278 1252 351 illd

72 456 268 542 diripiendum
284 452 499 538 delendumque
513 453 666 519 militibus.
698 450 815 519 Caesar
828 452 948 517 iuterim
964 452 1091 518 lustrato
1106 468 1195 521 excr-
1206 457 1251 527 ⁷5

73 561 136 625 citu
157 581 186 623 a.
209 559 239 621 d.
256 565 306 621 xtt
321 554 390 622 liat.
416 556 515 643 April.
540 567 660 643 postero
682 558 730 622 die
752 556 903 642 productis
926 555 1077 620 uniuersis
1100 558 1194 641 copiis

72 674 252 746 progressus
281 660 318 724 ab
340 661 402 725 suis
423 661 530 725 uostris
552 660 633 725 milia
654 676 793 744 passuum
813 667 837 723 V
857 679 875 722 a
899 654 1051 743 Scipionis
1073 658 1195 722 circiter

73 765 162 827 duum
184 763 298 827 milium
321 762 480 827 interiecto
502 763 600 847 sputio
623 763 655 827 in
677 762 742 827 acis
765 761 911 826 constitit.
943 750 1105 844 Postquam
1120 762 1231 828 satist

36 863 52 930 l
76 865 185 949 diuque
199 864 390 930 aduersarios
405 864 442 928 ab
457 884 491 929 se
507 864 543 928 ad
560 863 757 929 dimicmdum
772 862 913 927 inuitatus
928 863 1127 949 supersedere
1140 880 1196 948 pu·

72 986 151 1053 gnae
165 966 393 1046 animaduertit,
415 963 531 1031 reducit
546 967 648 1051 copias
663 975 841 1051 posteroque
857 964 904 1030 diu
919 974 1019 1030 eastra
1034 975 1135 1030 mouet
1150 962 1230 1031 ιιι-3

74 1087 131 1153 que
146 1070 182 1134 ad
198 1068 334 1153 oppidum
350 1064 528 1150 Sarsuram,
550 1069 601 1134 ubi
616 1065 719 1154 Scipio
733 1067 931 1134 Numidarum
947 1067 1093 1134 habuerat
1107 1082 1195 1153 prae·

72 1168 179 1236 sidium
195 1173 435 1255 frumentumque
450 1180 702 1257 comportaucrat,
718 1172 764 1234 ire
779 1167 942 1236 contundit.
967 1166 1056 1250 Quod
1070 1170 1122 1235 ubi
1132 1164 1194 1234 lm-
1209 1170 1231 1234 4

72 1273 178 1337 bicnus
200 1273 430 1348 animaduertit,
454 1289 521 1338 cum
542 1272 674 1357 equitatu
695 1272 812 1355 leuique
833 1283 985 1337 armatura
1007 1288 1114 1358 agmen
1129 1274 1195 1337 eius

16 1384 50 1439 tu
74 1385 239 1440 extremum
262 1395 385 1460 corpere
407 1376 506 1460 coepit
527 1383 616 1459 atque
637 1377 681 1440 ita
695 1374 826 1439 lixarum
840 1385 1119 1458 mercatumque,
1143 1374 1195 1460 qni

72 1477 194 1561 plostris
209 1498 324 1542 meroes
339 1477 509 1562 portabant,
519 1477 694 1563 interceptis
709 1476 838 1541 sarcinis
853 1476 953 1541 addito
965 1477 1062 1541 auimo
1074 1477 1195 1562 propius

73 1579 275 1663 audaciusque
289 1582 405 1645 accedit
418 1581 455 1644 ad
468 1580 615 1667 legiones,
628 1580 706 1665 qood
716 1579 908 1644 existimabat
919 1579 1028 1644 milites
1037 1578 1093 1643 sub
1103 1592 1196 1643 unere

73 1700 108 1745 au
123 1680 178 1746 sub
193 1682 321 1747 sarcinis
337 1680 516 1769 defatigatus
532 1703 664 1768 pugnare
676 1700 737 1747 nou
747 1698 847 1767 posse.
872 1679 1018 1763 Quaeres
1029 1677 1229 1747 Cessaremb

73 1803 133 1846 non
156 1785 320 1847 loiellerate
344 1805 471 1868 namque
494 1785 651 1868 expeditos
674 1804 715 1849 ex
736 1784 862 1868 singolis
877 1784 1046 1868 legionibus
1062 1784 1193 1848 tricenus

16 1894 48 1949 ts
72 1885 183 1949 milites
207 1905 275 1949 esse
297 1886 440 1950 iusserat.
471 1882 577 1969 ltaque
599 1904 651 1951 eos
671 1887 703 1950 iu
725 1887 885 1969 equitatum
901 1883 1029 1950 Labieni
1052 1886 1194 1949 inmissos

71 1985 178 2049 turnus
196 2004 323 2049 suorum
344 1987 496 2072 suppetias
518 1987 619 2050 mittit.
652 1987 732 2050 'l'um
754 1985 909 2052 Labienus
931 1987 1088 2052 conuersis
1109 1982 1230 2072 eqoisb

72 2086 229 2171 signorum
244 2098 406 2172 conspectu
421 2089 598 2174 perterritus
614 2089 786 2173 turpissime
801 2084 906 2172 lugere
921 2091 1085 2154 contendit.
1113 2085 1230 2153 Mul-7

71 2189 111 2254 tis
126 2189 191 2253 cios
207 2186 328 2265 occisis,
346 2190 545 2275 compluribus
560 2190 727 2254 uolneratis
741 2190 851 2254 milites
867 2186 1022 2273 legionarii
1038 2191 1076 2254 od
1091 2206 1195 2254 suase

71 2293 222 2375 recipiunt
243 2291 330 2376 sigua
353 2301 443 2376 atqrm
465 2292 526 2356 iter
540 2293 689 2378 inceptum
704 2293 751 2356 ire
766 2302 941 2377 coeperunt.
972 2289 1126 2356 Labienus
1139 2310 1195 2376 per

12 2404 48 2461 w
70 2395 170 2478 iugum
198 2411 343 2457 summum
372 2394 459 2459 collis
489 2394 667 2460 dextrorsus
691 2395 795 2480 procul
816 2393 956 2480 subsequi
979 2416 1038 2459 uon
1061 2390 1192 2458 desistit.

70 2494 232 2578 Postquam
248 2490 365 2559 Caesar
384 2497 420 2561 ud
436 2498 572 2584 oppidum
589 2492 750 2562 Sarsuram
765 2498 867 2578 ueuit,
889 2497 1127 2584 inspectantibus
1142 2496 1193 2561 ad·
1205 2494 1250 2566 ib

72 2597 215 2663 uersariis
237 2598 396 2663 interiecto
417 2598 568 2684 praesidio
583 2597 754 2684 Scipionis,
778 2621 845 2665 unm
867 2601 930 2666 suis
953 2601 1098 2666 auxilium
1115 2596 1194 2664 icore

71 2720 131 2765 non
146 2702 310 2780 auderent,
328 2702 447 2767 fortiter
460 2712 646 2788 repugnante
661 2699 698 2765 Ρ.
714 2699 870 2782 Cornelio,
888 2714 1013 2766 euocato
1029 2699 1190 2787 Scipionis,

73 2804 120 2886 qui
142 2802 183 2866 ibi
205 2814 364 2888 praeerat,
393 2815 481 2891 atque
502 2827 520 2869 a
541 2804 727 2869 multitudine
749 2805 954 2869 circumuento
977 2803 1194 2886 interiectuque

11 2916 47 2974 23
69 2905 174 2991 oppido
195 2907 310 2990 potitur
333 2916 421 2990 otquc
443 2907 484 2971 ibi
507 2909 655 2972 frumento
678 2907 827 2972 exercitui
850 2908 920 2970 dotu
942 2915 1064 2991 postero
1085 2904 1134 2969 die
1156 2904 1230 2970 etz

71 3007 207 3093 oppidum
217 3008 377 3072 'l'hisdram
394 3009 548 3092 peruenit3
564 3008 595 3074 in
611 3028 669 3093 quo
678 3005 839 3073 Considius
854 3009 952 3094 perid
967 3018 1082 3091 tempos
1096 3008 1194 3071 iuerat

71 3128 139 3173 cum
162 3110 268 3192 grandi
290 3111 441 3192 praesidio
455 3111 637 3192 colorisque
652 3128 707 3174 suu
721 3111 931 3195 gladiatorum.
964 3105 1082 3173 Caesar
1096 3109 1228 3195 oppidiil

70 3222 179 3276 natura
195 3221 350 3295 perspecta
365 3229 461 3295 aquae
475 3211 574 3295 inopia
590 3212 626 3276 ob
641 3208 861 3297 oppugnatione
875 3213 939 3277 cius
952 3212 1113 3294 deterritus
1124 3232 1193 3298 pru·

70 3314 152 3377 tinus
174 3314 325 3397 proiectus
348 3313 471 3377 circitor
492 3313 571 3377 milia
595 3334 735 3398 passuum
756 3325 804 3378 1111
819 3314 856 3379 ud
878 3334 983 3398 aquam
1004 3316 1077 3379 iecit
1092 3325 1191 3378 castra

12 3427 47 3480 au
69 3424 159 3500 atque
180 3415 248 3480 iude
265 3416 312 3480 die
328 3426 435 3504 quurto
451 3432 592 3500 egressus
608 3416 686 3481 redit
701 3438 805 3481 rursus
821 3419 857 3481 ad
873 3439 908 3482 ea
924 3428 1042 3495 castra,
1065 3437 1139 3501 quae
1155 3417 1191 3479 ad

177 3657 193 3711 2
207 3655 240 3705 od
253 3671 289 3706 ru
303 3662 329 3706 tx
343 3656 427 3724 April.
441 3672 468 3708 u.
604 3657 785 3724 Sprogressus
799 3658 838 3721 (u)
852 3657 867 3709 3
880 3658 959 3722 dest,
974 3672 1113 3725 processus
1128 3658 1193 3706 ‘rinei

69 3735 179 3787 omnes'.
283 3734 560 3799 obsuisa,usnisu.
666 3734 957 3787 loireumieotoube.
1052 3736 1188 3800 babuco,

69 3826 122 3862 um.
139 3811 169 3872 ὸς
183 3825 198 3860 a
211 3827 239 3862 so
252 3824 279 3861 u.
384 3827 470 3878 pugna
480 3811 619 3862 Danubius.
635 3812 718 3867 ΜΟ.
824 3814 1004 3879 dpostsroque
1017 3828 1033 3862 u
1047 3812 1106 3863 cod.
1116 3810 1188 3877 Vre,

68 3897 224 3957 posteraque
239 3890 271 3953 b,·
285 3896 388 3955 postero
402 3906 429 3940 u.
539 3897 616 3957 atque
629 3904 646 3941 o
660 3888 675 3941 b
687 3892 703 3947 2
717 3888 796 3954 aaut,
811 3896 889 3957 atque
903 3891 953 3942 iter
966 3904 993 3940 u.
1104 3890 1136 3944 tu
1149 3907 1192 3943 ca-

69 3983 129 4037 pere
143 3969 168 4019 b.
273 3968 304 4020 13
318 3983 348 4018 ac
363 3968 474 4019 sorclnis
488 3968 513 4018 b.
624 3967 830 4021 lbinmlssosu.
937 3966 1192 4031 liiugcrccontco·

70 4050 109 4100 dit
120 4065 137 4101 o
152 4046 315 4113 Stephanus,
333 4046 467 4097 contendit
480 4044 570 4110 ingero
583 4051 688 4098 eeteros
701 4044 761 4098 edu.
886 4044 918 4098 ts
931 4052 1007 4114 atque
1019 4044 1192 4114 interceptum

69 4127 121 4178 iter
133 4129 273 4192 cooperunt
286 4128 313 4173 et
325 4125 353 4172 tn
366 4126 493 4189 margine
505 4136 583 4185 agere
598 4118 623 4174 b.
729 4122 762 4178 2³
776 4130 906 4191 pugnante
919 4124 944 4174 b.
1047 4122 1081 4178 25
1090 4122 1122 4174 ad
1136 4138 1190 4175 cm.

70 4217 96 4255 u.
202 4198 379 4258 td'l'blsdrum
389 4215 416 4265 u,
426 4198 547 4251 'lisdrom
559 4214 577 4249 u
589 4204 616 4251 et
628 4198 878 4252 ‘sicuul'l'bisdram
888 4199 964 4251 mss!
1067 4198 1209 4257 ‘thum

69 4277 189 4344 Lipsius,
204 4286 282 4345 atquo
296 4276 373 4329 codd.
483 4276 679 4346 impugnatione
693 4275 722 4330 b.
830 4277 870 4332 'db
883 4269 1232 4344 disposuimusmll‘-

62 4362 129 4424 pust
140 4364 226 4407 costra
238 4372 263 4421 a,
278 4363 345 4409 aute
357 4370 481 4423 egressus
494 4368 513 4410 tt
520 4376 530 4426 ,·
543 4372 599 4412 om.
616 4358 644 4412 b.
756 4362 861 4428 questa
872 4370 893 4406 u
905 4370 933 4406 c.

72 4450 162 4507 Caesar,
173 4453 330 4516 edtdpperd.
1033 4423 1082 4488 ᾖ
