2692 4688
432 180 911 255 commonebo-to.
1230 179 1294 247 227

116 373 190 439 erat,
208 370 326 436 umen,
351 357 426 440 quod
443 359 523 422 ornni
541 356 638 423 Gallia
656 369 758 443 pecata
774 355 889 421 Morini
906 355 1097 443 Menapiique
1111 374 1235 440 supere·

115 474 203 537 rant,
228 460 277 545 qni
299 460 330 523 in
354 460 446 524 aroris
461 471 565 525 essent
579 482 676 544 neque
691 461 728 524 ad
744 481 810 524 eum
827 481 965 543 umquem
980 460 1095 544 legatos
1110 460 1147 523 de
1162 478 1235 543 pace

115 565 280 640 misissent,
298 562 461 626 arbitratus
477 563 505 625 id
522 562 629 627 bellum
640 564 780 627 celeriter
793 563 899 626 confici
915 583 1003 646 posse
1018 583 1054 626 eo
1069 561 1234 624 exereitum

117 666 260 743 adduxit3
277 665 327 748 qui
343 665 433 749 longe
448 665 506 728 ulia
521 666 639 729 ratione
653 687 689 730 ac
704 664 810 749 reliqui
822 661 901 729 Galli
919 664 1027 729 bellurn
1043 683 1152 748 gerere
1167 683 1237 727 coe·

82 785 97 834 5
119 779 237 854 perunt⁴
270 765 351 831 Nam
367 768 443 850 quod
454 766 673 851 intellegebant
688 769 835 831 maximas
851 767 1008 845 nationes,
1034 786 1110 850 quae
1125 761 1275 849 proeli02

118 870 363 947 contendissent,
388 870 489 953 pulsas
512 881 727 957 superatusque
749 891 817 934 esse
833 870 1081 952 continentesque
1096 867 1188 932 siluas
1202 887 1240 932 so

120 971 241 1059 paludes
257 968 424 1049 hortans,
449 992 486 1039 eo
507 993 541 1036 se
556 995 668 1056 suaque
683 972 784 1037 omnia
800 972 1003 1037 contulerunt.
1049 971 1097 1035 rto
1112 965 1274 1053 queruurd

118 1076 234 1139 initium
257 1075 399 1137 siluarum
423 1097 487 1138 cum
505 1072 623 1139 Caesar
645 1076 833 1159 peruenisset
849 1086 1006 1158 castraque
1022 1074 1138 1136 munire
1153 1070 1240 1135 insti·

120 1177 240 1254 tuisset,
258 1195 353 1258 neque
369 1177 463 1262 bostis
478 1177 599 1241 interim
606 1177 692 1242 nens
706 1189 800 1256 esset,
817 1178 959 1262 dispersis
976 1177 1005 1239 in
1022 1196 1113 1261 opere
1128 1173 1242 1238 nostris

64 1291 97 1345 to
119 1279 219 1344 subito
235 1299 274 1342 ex
298 1279 436 1343 omnibus
452 1280 585 1363 partibus
601 1280 697 1344 siluae
712 1279 909 1344 euolauerunt
922 1290 952 1342 et
966 1278 996 1341 in
1013 1288 1133 1340 nostros
1148 1276 1241 1359 impe·

121 1392 183 1446 tum
200 1383 350 1444 iecerunt.
373 1378 481 1445 Nostri
498 1383 639 1447 celeriter
653 1403 737 1446 errna
753 1392 897 1466 ceperunt
912 1401 1023 1462 eosque
1038 1380 1068 1443 in
1084 1379 1177 1443 siluas
1192 1375 1279 1441 roi

121 1485 264 1570 pulerunt
285 1493 316 1546 et
337 1483 528 1567 conpluribus
549 1485 715 1548 interiectis
731 1485 848 1568 longius
864 1482 1088 1567 inpeditionibus
1105 1481 1179 1545 locis
1193 1499 1243 1544 so·

122 1586 183 1650 cuti
199 1606 312 1671 paucos
328 1605 368 1649 ex
382 1587 445 1649 suis
461 1587 701 1670 deperdidernnt.
738 1586 873 1670 Reliquis
889 1586 1028 1667 deinceps
1044 1584 1148 1648 diebus
1163 1579 1242 1647 Ceo·
1255 1580 1299 1651 29

123 1709 175 1752 sar
188 1687 284 1752 siluas
299 1686 425 1752 caedere
440 1688 581 1762 instituit,
602 1700 632 1752 et
648 1710 686 1752 ne
701 1690 767 1772 quis
782 1688 944 1754 inermibus
960 1687 1244 1771 inprudentibusqno

69 1802 101 1854 rt
123 1790 268 1854 militibus
293 1790 331 1854 ab
353 1790 448 1853 latere
463 1792 591 1874 impetus
613 1791 676 1854 lieri
700 1802 821 1876 posset,
848 1810 966 1854 omnem
987 1810 1052 1853 eam
1075 1789 1241 1864 materiam,

125 1913 202 1975 quae
217 1903 282 1956 erat
296 1912 403 1969 csese,
428 1914 602 1958 conuersum
626 1894 662 1957 ed
679 1893 794 1956 hostem
810 1893 985 1957 conlocabat
1000 1902 1030 1956 et
1045 1913 1098 1976 pro
1115 1891 1193 1955 uallo
1208 1887 1247 1954 sd

126 2004 284 2076 utrumque
298 1994 376 2058 istus
392 1995 563 2059 extruebat.
589 1993 760 2058 Incredibili
776 1994 1046 2077 celeritatemagno
1061 1995 1159 2079 spatio
1174 2013 1245 2077 psu-
1260 1990 1283 2055 2

130 2095 176 2158 eis
191 2094 294 2159 diebus
309 2099 456 2174 coniecto,
474 2120 540 2161 cum
556 2097 614 2160 ianr
631 2117 723 2181 pecus
739 2107 828 2178 atque
841 2107 979 2159 extrema
994 2096 1194 2180 inpedimento
1208 2093 1246 2157 eb

128 2197 244 2262 nostris
260 2207 453 2279 tenerentur,
476 2200 533 2283 ipsi
550 2200 705 2263 densiores
720 2198 811 2263 siluas
832 2207 985 2282 peterent,
1010 2197 1155 2260 eiusmodi
1176 2205 1248 2260 sunt

72 2311 105 2364 Β)
128 2310 323 2386 tempestates
339 2314 533 2380 consecutae,
550 2301 593 2365 uti
609 2321 682 2388 opus
692 2300 865 2366 necessario
881 2299 1166 2363 intermittereturet
1177 2318 1248 2361 con-

130 2402 297 2468 tinuetione
312 2404 450 2468 imbrium
468 2406 578 2469 diutius
601 2403 655 2468 sub
677 2403 801 2489 pellibus
816 2403 926 2466 milites
941 2400 1088 2466 contineri
1106 2421 1166 2465 non
1182 2419 1250 2482 pos·

130 2515 211 2568 sent.
241 2500 348 2592 ltaque
364 2508 489 2572 uastatis
504 2509 642 2571 omuibus
659 2527 762 2572 eorum
779 2505 878 2590 agris,
896 2504 971 2569 uicis
987 2504 1189 2588 aedificiisque
1203 2498 1285 2569 ira-t

129 2604 1110 2691 censiscaesarexercicumreduxircuinnulercisnolentisque,
1126 2605 1251 2689 reliquis
1304 2678 1309 2688 ,

128 2706 1250 2799 itemciuitatibus‚quaeproximebellnmfecerant,inbibernisconlocauit.

241 2848 253 2900 i
268 2847 422 2918 lienspiqne
433 2854 474 2917 A,
490 2851 602 2919 llennpii
614 2853 646 2905 Β.
762 2854 778 2907 2
792 2850 889 2917 essent]
903 2855 980 2900 erant
992 2847 1027 2899 A.
1148 2843 1181 2893 sd
1195 2857 1253 2895 cust

128 2931 394 2996 P⁰⁸il⁸⁰⁸P⁰¹¹ilss
500 2946 619 2997 umquem
631 2932 751 2999 Ades.
859 2927 1078 2981 emissionum.
1195 2936 1253 2974 oss·

132 3005 227 3056 leriter
239 3007 332 3058 eondci
344 3007 384 3072 Β,
398 3009 490 3060 condel
504 3010 663 3077 celeriters.
780 3006 917 3060 dsdducit
930 3020 988 3053 cum
1003 3019 1019 3055 x
1033 3015 1139 3067 supero
1154 3000 1176 3053 0
1183 3038 1192 3064 ,
1208 2998 1255 3050 ds-

132 3081 209 3147 xiis·
330 3086 435 3137 ustione
447 3103 484 3139 m.
496 3102 540 3152 pr.
555 3088 588 3139 B.
727 3086 822 3137 bellum
837 3100 915 3147 sporo
929 3083 1099 3133 instituerunt
1110 3078 1256 3145 abesset

133 3158 281 3210 seeundum
295 3161 362 3213 oud.
377 3162 408 3226 d,
430 3166 458 3212 in
477 3180 530 3229 quo
550 3164 667 3230 exempl.
688 3164 771 3215 Febr.
786 3162 883 3213 bellurn
903 3175 995 3224 gerere
1016 3158 1187 3209 instituerunt
1200 3157 1257 3223 degi

132 3237 230 3302 ”sord
336 3242 422 3292 5osnr
436 3243 603 3309 ermbeds.
705 3238 1031 3292 deontinentessiluusb.
1155 3233 1258 3301 ipsiu·

134 3314 261 3379 despuas
273 3317 404 3368 hebebant
417 3318 514 3385 dods.
619 3319 636 3369 8
650 3318 750 3369 Caesar
761 3333 817 3368 curn
832 3315 995 3383 peruenisset
1005 3315 1055 3380 es.
1141 3312 1174 3363 10
1186 3312 1256 3363 silas

134 3393 310 3447 suolsserunt
321 3411 357 3447 m.
368 3412 414 3461 pr.
426 3396 459 3447 Β.
568 3397 599 3450 ll
614 3395 707 3462 nostri]
723 3396 786 3446 nibil
799 3411 835 3446 m.
849 3410 892 3458 pr.
906 3394 940 3444 B.
1068 3395 1211 3456 coeperunt
1222 3389 1256 3441 B.

244 3471 313 3522 silus
326 3474 366 3537 A,
381 3474 475 3524 silum
487 3475 536 3540 es.
658 3474 826 3540 reppulerunt
836 3474 870 3521 B.
996 3469 1028 3521 tr
1042 3467 1212 3534 conpluribus
1223 3466 1258 3518 B.

244 3549 446 3614 inpeditionibus
458 3550 483 3601 B
494 3554 575 3602 initio
588 3551 614 3601 in
626 3566 680 3600 sec.
693 3565 731 3599 m.
744 3563 868 3613 copreae.
1034 3544 1065 3596 1³
1079 3543 1122 3610 ox]
1136 3545 1168 3596 dc
1181 3544 1207 3596 D
1218 3559 1260 3595 so-

135 3626 255 3678 mdunr
268 3627 355 3692 oud,
369 3632 420 3694 put
430 3633 547 3680 mett.
654 3628 856 3695 deperdiderunt
868 3622 1084 3686 Abenses,
1098 3622 1260 3689 disperdide-

135 3713 200 3758 rsst
212 3707 264 3768 trs.
353 3708 385 3760 ll
399 3707 524 3773 institnit]
537 3708 624 3773 coepit
637 3707 663 3758 d.
754 3703 1004 3771 inprudentibusquc
1018 3701 1042 3751 A
1054 3701 1090 3765 (is
1103 3716 1152 3766 que
1164 3715 1201 3750 m.
1213 3715 1259 3766 pr.

136 3783 340 3849 on.)BCDs.
413 3785 656 3837 ibeonloesbstB.
730 3780 958 3834 liestruebstB.
1042 3775 1262 3842 18inpedinents

136 3859 233 3927 Abs.
313 3861 439 3912 ascetria
453 3862 503 3925 ds.
586 3862 618 3914 tt
632 3867 786 3926 tempestate
799 3858 901 3922 spots,
917 3860 1085 3922 tempestates
1099 3864 1160 3907 sunt
1172 3855 1261 3909 Ateus

137 3941 373 4002 strepentes.
454 3936 731 4001 wesessromds.
809 3930 1263 3999 reduxitj,perdusitABODB.

221 4015 398 4083 chobiisqos
411 4017 435 4069 Β
449 4019 522 4068 ‘mse
535 4017 654 4083 plurimi
660 4015 677 4066 ’.
746 4015 780 4070 rt
794 4013 893 4064 iteruin
907 4011 1059 4063 ciuitatibus
1073 4011 1120 4063 bc.
1178 4007 1265 4077 prosi·

141 4108 184 4146 sus
197 4092 314 4159 (d)eet,
328 4097 378 4159 pus·
387 4094 573 4160 prosinse,s‚·
587 4093 697 4143 mesine
709 4091 766 4142 AB
778 4091 959 4156 (lenissimae)
974 4089 1060 4141 CDE
1073 4090 1173 4140 ‘ornnes
1185 4083 1263 4136 met&

223 4172 374 4224 conlocauit
384 4174 419 4225 Β.
550 4171 632 4224 lulius
646 4170 738 4222 Celsus
751 4168 937 4220 Constantinus
950 4185 977 4219 u.
991 4183 1016 4217 c.
1030 4167 1082 4230 legi
1095 4165 1157 4217 belli
1170 4161 1265 4214 Gallici

144 4248 213 4300 liber
224 4250 319 4301 tertius
331 4249 441 4317 explicit
456 4250 490 4302 Β.

527 4366 866 4380 m
