2692 4688
80 193 144 258 644
471 182 601 249 neunt
624 182 930 250 ALEXANDRlNl

102 362 122 427 3
138 357 266 426 Romani
283 368 315 421 et
329 378 423 439 regna
438 357 587 421 sociorum
603 357 771 441 reciperare
786 357 894 441 legatis
909 355 1124 439 respondebat.
1140 356 1266 445 Magnis

139 475 170 528 et
198 459 348 527 coutinuis
368 458 524 523 itineribus
552 462 697 524 conlectis
727 481 793 522 cnm
818 460 996 523 aduentaret
1018 461 1055 523 ad
1076 459 1263 548 Nicopolim,

138 564 216 649 quod
240 562 376 647 oppidum
400 562 528 646 positum
552 563 582 625 iu
597 561 740 624 Armenia
764 561 879 624 minore
902 573 949 625 est
972 561 1061 646 plano
1081 564 1182 649 ipsum
1196 568 1263 632 loco

139 665 289 730 montibus
313 674 410 727 tamen
434 665 502 727 altis
518 665 555 728 ab
571 665 685 727 duobus
700 664 844 727 lateribus
860 663 988 728 obiectis
1003 666 1077 731 satis
1094 669 1264 752 magnoin·

138 766 265 833 teruallo
281 767 317 830 ab
334 766 440 850 oppido
456 767 598 844 remotis,
616 777 715 829 castra
730 766 829 849 posuit
844 767 934 848 longe
949 787 967 829 a
981 767 1124 853 Nicopoli
1139 771 1263 837 circiter
1281 785 1295 835 1

102 871 219 936 -lmilia
243 891 383 952 passuum
399 878 456 931 vn.
490 865 606 949 Quibus
627 889 667 932 ex
691 869 798 933 castris
821 889 888 931 cum
912 867 997 933 loeus
1012 882 1160 954 augustus
1175 885 1264 956 atque

137 972 297 1057 impeditus
313 982 394 1035 esset
410 973 621 1049 transeundus,
634 970 805 1035 Plrarnaoes
821 971 853 1032 in
869 970 985 1035 insidiis
1002 973 1136 1037 delectos
1148 975 1264 1058 pedites

138 1095 301 1156 omnesque
326 1093 419 1155 pacne
442 1073 588 1155 disposuit
603 1076 736 1156 equites,
761 1093 899 1157 magnam
925 1085 1025 1138 autem
1046 1076 1262 1141 multitudinem

138 1177 254 1261 peeoris
278 1176 356 1238 iutra
380 1196 432 1239 eas
455 1177 556 1239 luuees
582 1177 717 1258 dissipari
741 1175 833 1238 iussit
848 1195 1041 1259 paganosque
1055 1178 1262 1262 etoppidauos

103 1279 169 1343 bin
193 1278 239 1342 liis
261 1277 336 1340 locis
360 1278 536 1341 obuersari:
562 1289 609 1351 ut,
633 1279 698 1341 siue
720 1278 836 1342 amicus
859 1276 1009 1342 Domitius
1031 1300 1082 1342 eas
1106 1279 1263 1362 angustias
1285 1289 1312 1343 11

139 1381 300 1455 transiret,
325 1379 395 1443 nibil
412 1381 447 1442 de
463 1380 579 1443 insidiis
595 1381 818 1462 suspicaretur,
836 1402 903 1444 oum
919 1380 949 1443 in
965 1381 1046 1463 agris
1061 1391 1092 1443 et
1106 1401 1217 1463 pecora
1232 1391 1263 1445 et

138 1483 273 1549 homiues
290 1482 543 1544 animaduerteret
558 1484 672 1547 uersari
689 1493 835 1565 tamquam
850 1484 1009 1546 amicorum
1026 1482 1177 1561 aduentu;
1194 1482 1261 1546 siue

138 1585 275 1649 inimicus
292 1593 324 1645 ut
339 1582 368 1644 in
385 1582 512 1645 bostium
530 1584 603 1646 lines
620 1585 751 1662 ueniret,
770 1586 879 1668 praede
893 1583 1054 1666 diripienda
1069 1584 1182 1647 milites
1197 1583 1260 1647 dis·

80 1688 123 1757 87
139 1687 309 1770 siparentnr
344 1683 530 1767 dispersique
559 1687 768 1751 caederentur.
814 1685 895 1750 llaec
923 1705 987 1748 cnm
1016 1683 1257 1762 administraret,

140 1807 296 1871 numquam
316 1797 413 1849 tamen
436 1787 654 1851 intermittebat
669 1790 784 1874 legatos
800 1790 836 1852 de
854 1807 923 1874 paee
938 1797 1026 1870 atque
1042 1784 1176 1849 amicitia
1190 1785 1260 1849 mit·
1285 1798 1312 1849 ts

142 1903 207 1957 tere
222 1891 258 1953 ad
269 1888 443 1965 Domitium,
456 1910 521 1951 cunr
539 1890 595 1952 boo
611 1891 674 1974 ipso
691 1893 827 1956 erederet
842 1891 958 1954 facilius
970 1910 1037 1954 eum
1049 1887 1145 1972 decipi
1157 1907 1259 1971 posse.

139 1993 183 2057 As
205 2003 311 2055 contra
334 2012 402 2075 spes
426 1991 507 2073 pacis
532 1988 662 2055 Domitio
686 1993 715 2055 iu
739 1995 850 2057 eisdem
874 1992 981 2058 castris
1005 1989 1141 2054 morendi
1163 1989 1263 2053 attulit

102 2097 272 2162 2eausarn.
303 2092 348 2158 lta
362 2091 537 2158 Pliaruaees
560 2094 669 2158 amissa
686 2096 815 2177 proximi
832 2096 973 2179 temporis
990 2092 1166 2168 occasione,
1190 2111 1258 2153 eum

139 2209 315 2276 uereretur,
338 2219 376 2261 ne
399 2209 655 2279 cognoscerentur
670 2198 816 2274 insidiae,
842 2218 912 2260 suos
927 2197 961 2261 iu
976 2205 1077 2259 castra
1091 2191 1256 2256 reuocauit.

102 2303 122 2366 3
139 2301 287 2366 Domitius
311 2310 430 2385 postero
453 2300 500 2362 die
516 2300 637 2383 propius
652 2298 821 2384 Nicopolim
837 2298 968 2363 accessit
982 2307 1140 2377 castraque
1154 2292 1262 2376 oppido
1282 2302 1311 2357 11

139 2404 274 2467 corutulit.
308 2400 393 2484 Quae
416 2402 483 2462 dum
505 2402 642 2465 muniunt
665 2403 781 2481 nostri,
804 2401 977 2466 Pharnaces
998 2399 1094 2463 aciem
1115 2395 1261 2459 instruxit

102 2506 122 2568 4
139 2526 194 2567 suo
211 2525 292 2566 moro
307 2514 397 2584 atque
411 2503 560 2565 instituto.
581 2501 616 2565 ln
635 2507 732 2568 lroute
748 2506 826 2567 enim
842 2503 968 2586 simplici
984 2502 1097 2564 directa
1113 2499 1180 2562 acie
1195 2518 1259 2561 cor·

139 2627 199 2671 uua
220 2605 305 2669 trinis
321 2604 516 2668 firmabantur
531 2605 690 2670 subsidiis:
715 2607 816 2672 eadum
833 2607 950 2672 ratione
967 2604 1040 2666 baec
1055 2600 1155 2665 media
1170 2599 1261 2665 collo·

139 2709 283 2774 cabantur
297 2707 362 2771 acie
379 2707 492 2772 duobus
508 2709 614 2772 dextro
630 2709 812 2792 sinistraque
828 2706 995 2771 interuallis
1011 2702 1199 2786 simplicibus
1212 2722 1260 2765 or·

104 2813 255 2878 {rdinibus
277 2810 444 2875 instructis.
481 2807 613 2873 Perleeit
643 2811 792 2895 inceptum
823 2820 991 2874 castrorum
1014 2826 1088 2890 opus
1108 2803 1262 2869 Domitius
1282 2813 1312 2867 et

81 2915 125 2987 38
140 2927 223 3001 parte
245 2914 396 3000 copiarum
421 2934 473 2996 pro
496 2913 573 2976 uallo
599 2915 771 2977 constituta.
811 2910 955 2975 Proxima
978 2920 1066 2975 noete
1084 2904 1259 2971 Pharnaces

139 3020 311 3101 interruptis
328 3017 502 3093 tabellariis,
520 3016 567 3098 qui
584 3018 619 3078 de
635 3015 850 3080 Alexandrinis
866 3014 954 3077 rebus
971 3014 1086 3077 litteras
1099 3009 1137 3075 ad
1152 3005 1259 3071 Domi·

139 3121 210 3182 timu
243 3120 395 3195 l'erebant,
429 3119 584 3202 cognoscit
606 3116 768 3183 Caesarem
798 3138 905 3201 magno
936 3118 966 3178 in
991 3113 1122 3198 periculo
1143 3110 1261 3175 uersari

139 3221 322 3305 llagitarique
338 3221 373 3283 ab
384 3221 528 3297 llotrritio,
546 3232 678 3303 utquam
695 3221 820 3304 primum
832 3217 958 3283 Caesari
972 3215 1105 3281 subsidia
1115 3214 1259 3291 mitteret,

102 3322 123 3385 2
139 3323 317 3407 propiusque
333 3323 395 3404 ipso
413 3323 627 3387 Alexandriani
645 3344 697 3406 per
711 3319 829 3407 Syriam
846 3321 1014 3385 accederet.
1054 3315 1123 3399 Qua
1140 3315 1261 3401 cognita
1281 3323 1311 3375 11

247 3529 257 3579 1
275 3529 421 3595 reciperare
435 3547 461 3593 u,
476 3532 594 3597 recipere
608 3547 639 3593 r,·
653 3544 808 3597 recuperare
823 3546 848 3579 u.
956 3530 1041 3577 boatu
1054 3532 1142 3575 costra
1155 3521 1261 3573 eddecel

137 3623 169 3657 ex
183 3622 209 3669 u,
225 3614 299 3656 extra
313 3608 337 3656 b.
470 3609 486 3659 8
500 3625 564 3675 pene
577 3626 605 3659 α.
741 3610 756 3659 ll
771 3607 899 3657 intrabas
914 3606 938 3653 b.
1071 3603 1101 3653 10
1116 3601 1156 3653 bis
1169 3617 1185 3652 a
1198 3600 1259 3651 edd.

135 3690 251 3750 priores,
268 3687 299 3737 iis
312 3687 343 3736 Ρ.
358 3686 500 3737 tlunuttus
513 3703 540 3737 u.
697 3687 831 3738 obseruari
845 3702 861 3735 n
876 3688 901 3735 b.
1064 3684 1121 3735 siue
1134 3682 1223 3745 codd„
1238 3681 1261 3732 si

136 3765 223 3814 Aldus
237 3781 264 3816 u.
380 3766 490 3832 eunicus]
504 3768 560 3817 siue
576 3767 694 3817 iuimicus
708 3767 772 3818 odd.
787 3765 882 3828 cedd.‚·
897 3779 966 3829 picae
978 3767 1041 3812 unte
1055 3769 1083 3812 ut
1098 3760 1156 3827 (13)
1166 3765 1259 3827 poetri,

136 3857 189 3891 orn.
200 3843 285 3892 Aldus
298 3859 324 3891 u.
341 3844 369 3892 Ρ.
383 3844 440 3895 195.
550 3846 697 3895 l2uui1num
712 3847 865 3896 aduerteret
876 3860 893 3894 u
906 3849 932 3893 sl
945 3860 981 3891 eur
994 3858 1047 3892 iuno
1057 3843 1111 3892 del.
1121 3857 1149 3891 u.

136 3926 257 3982 illitum
271 3920 320 3980 (a).
465 3923 593 3973 aduentus
607 3932 634 3974 ut
648 3924 673 3973 in
688 3940 704 3973 a
718 3925 732 3973 b
745 3941 767 3985 e,
782 3923 894 3972 aduentu
910 3921 949 3970 sin
964 3935 1027 3969 uero
1042 3927 1069 3968 nt
1083 3918 1108 3968 in
1122 3933 1150 3966 u.

137 3996 329 4060 lldispcrsib.
440 3998 675 4065 lbnunipuuuu().
781 3995 1008 4063 indeminute.
1116 3993 1146 4046 11
1161 3992 1259 4044 eisdem

133 4077 174 4139 (o)
188 4075 247 4125 edd.
262 4079 382 4138 priores,
398 4077 488 4127 iisdem
503 4079 609 4143 Lipsius
624 4097 649 4129 u.
756 4081 788 4131 ts
802 4096 857 4129 euru
872 4085 1009 4128 noceretur
1023 4092 1090 4127 uirus
1104 4075 1171 4137 ded,
1186 4089 1261 4125 uere·

136 4163 208 4205 retur
221 4170 236 4204 a
251 4155 265 4201 li
279 4170 309 4213 e,·
325 4154 424 4203 :teritus
439 4153 525 4204 Aldus
539 4172 565 4204 u.
690 4157 721 4208 21
737 4157 861 4221 contulit]
876 4172 921 4205 rex
935 4154 998 4205 udd-
1013 4157 1132 4204 uelint.
1148 4167 1220 4202 uers.
1234 4152 1259 4202 b.

243 4231 340 4283 uostris
354 4246 380 4280 u.
497 4232 530 4280 et.
544 4232 659 4297 simplice
675 4234 747 4283 ‘mse
762 4232 836 4297 pert*
947 4233 1052 4281 derecta
1065 4247 1082 4281 a
1097 4232 1171 4281 ‘essm
1185 4229 1261 4296 ped!

241 4310 274 4361 et
287 4308 430 4360 constituta
442 4322 501 4371 ego,
517 4307 635 4360 instituto
649 4326 666 4359 a
680 4309 695 4358 b
708 4326 722 4358 e
734 4310 761 4360 d.
776 4310 805 4360 l’.
822 4310 880 4363 tet.
1009 4310 1042 4365 21
1057 4310 1258 4377 limitemque?

133 4390 199 4435 dett.
306 4388 337 4436 ub
351 4401 376 4448 u,
393 4400 406 4433 u
421 4382 481 4433 edd.
586 4385 693 4437 Caesari
706 4386 750 4437 ab
765 4385 843 4451 utute,
857 4384 907 4437 sibi
920 4401 948 4435 u.
