2692 4688
517 216 817 289 ...ῃ-

97 392 307 462 existimabat'
323 393 501 459 adulterum
525 403 642 459 tantum
662 393 849 480 participium
874 398 1125 483 ‘contractisque'
1145 400 1225 464 rele-

96 519 203 565 ramus
218 507 310 580 atquc
323 497 368 562 sic
382 496 455 561 baec
470 497 563 561 uerba
579 517 774 561 enarremuse
801 497 947 562 ‘nauibus
962 501 1083 564 circiter
1095 494 1225 564 LXXX

98 601 250 666 onerariis
264 599 379 664 coactis
394 609 426 662 et
440 609 486 664 tot
499 599 627 664 nauibus
642 600 818 677 contractis,
836 611 909 683 quot
923 601 997 664 satis
1013 621 1080 666 esse
1098 602 1135 666 ad
1150 604 1225 667 duas

97 703 348 788 transportandas
363 702 499 786 legiones
514 701 729 767 existimabat'.
774 698 841 766 lloc
863 703 952 767 modo
974 714 1006 768 et
1026 704 1173 768 onerariis
1196 714 1227 770 et

99 805 201 890 longis
216 805 346 869 nauibus
362 804 516 868 exereitus
531 805 687 869 traductus
702 803 828 882 dicitur,
854 816 888 868 nt
902 816 985 869 recte
1001 827 1029 868 c.
1046 803 1107 883 29,
1124 807 1145 868 2
1161 808 1226 872 lon-

99 930 156 994 gae
173 929 269 973 naues
283 905 508 972 commemorari
525 907 690 991 potuerint,
707 907 813 990 quibus
829 906 858 970 id
869 909 977 970 lactum
991 918 1084 971 esset.
1108 905 1226 973 Deinde

98 1011 159 1075 iam
174 1020 259 1075 recte
274 1010 333 1074 duo
349 1009 439 1074 uerba
455 1009 561 1072 similis
576 1009 802 1094 significationis
818 1019 980 1093 ponuntur,
998 1012 1226 1094 utpotededua·

99 1113 156 1178 bus
178 1112 293 1190 rebus,
317 1112 562 1196 quemadmodum
587 1113 653 1175 bor.
678 1133 785 1174 comm.
810 1109 857 1190 ll,
881 1110 945 1188 25,
972 1113 989 1176 1
1013 1113 1155 1198 scriptum
1179 1125 1227 1178 est

103 1215 343 1280 ‘centurionibus
359 1213 467 1278 occisis
482 1213 687 1297 signiferoque
710 1213 900 1277 interiecto’.
934 1209 1050 1295 ‘Quot’
1072 1226 1170 1279 autem
1192 1217 1226 1280 in

99 1319 156 1382 bac
170 1318 291 1382 ratione
307 1316 511 1380 necessarium
527 1336 596 1380 esse
611 1327 746 1399 apparet.
792 1312 932 1380 Orosium
954 1318 1101 1381 eteoclem
1118 1318 1166 1381 bic
1180 1329 1226 1382 at·

101 1441 160 1504 qne
182 1441 238 1483 nos
262 1419 373 1504 legisse
393 1439 491 1502 neque
511 1419 602 1482 aliter
623 1418 715 1497 baec,
740 1439 827 1501 quam
850 1418 940 1503 uolgo
962 1419 1012 1497 lit,
1035 1419 1224 1484 intellexisse

102 1523 194 1587 uerba
210 1524 278 1587 eiua
299 1519 387 1602 (Vl,
411 1519 454 1602 9)
476 1522 653 1584 osteuduota
681 1520 819 1584 ‘nauibus
835 1520 957 1584 circiter
970 1523 1120 1586 onerariis
1134 1533 1224 1606 atque

102 1625 248 1689 actuariis
269 1621 422 1707 octoginta
445 1621 632 1710 praeparatis
654 1622 685 1686 in
704 1621 886 1687 llritanoiom
903 1624 1138 1704 transuebitor’,
1165 1625 1224 1689 nisi

102 1727 182 1810 quod
196 1726 359 1802 comario,
377 1725 481 1788 utalia
496 1724 563 1788 aliis
578 1722 666 1802 locis,
682 1724 746 1808 ipse
761 1724 879 1789 adiecit.

190 1826 230 1892 C.
248 1825 309 1906 38,
325 1827 348 1890 2
361 1847 402 1891 cx
417 1824 568 1891 codicibus
583 1824 782 1913 interpolatae
797 1827 929 1892 familiae
943 1827 1040 1891 adbuc
1055 1826 1098 1891 ita
1113 1827 1224 1893 editum

104 1942 169 1996 esta
186 1927 261 2012 ‘Qui
275 1950 343 1994 cum
357 1940 479 2015 propter
492 1929 645 1992 siccitates
660 1928 815 2013 paludum,
832 1952 889 2013 quo
904 1952 938 1995 sc
952 1930 1141 2015 reciperent,
1165 1950 1225 1994 non

106 2033 272 2111 baberent,
293 2053 351 2116 quo
373 2031 509 2116 perfugio
531 2032 687 2115 superiore
702 2052 783 2095 anuo
798 2042 886 2095 erant
899 2033 965 2107 usi,
987 2054 1091 2098 omnes
1113 2036 1178 2098 lere
1192 2034 1224 2098 in

105 2145 283 2220 potestatem
299 2133 428 2199 Labieni
443 2134 669 2218 peruenerunt’.
702 2131 763 2198 Sed
782 2135 813 2197 in
836 2134 929 2196 tribus
945 2135 1063 2218 optimis
1078 2136 1164 2199 codd.
1182 2137 1225 2200 le·

106 2240 187 2322 gitur
204 2245 276 2322 ‘pao
291 2237 448 2323 superiore
462 2257 541 2299 anno
556 2237 732 2321 perfuerunt
746 2236 792 2300 usi
800 2238 821 2314 ⁹,
847 2236 933 2299 cuius
948 2236 1116 2320 scripturae
1130 2237 1162 2300 in
1177 2258 1225 2302 re·

106 2342 193 2426 liquis
207 2342 357 2405 correctio
373 2348 517 2423 temptata
538 2348 603 2418 est,
626 2339 709 2402 uelut
730 2339 762 2402 in
776 2337 864 2424 Egm.
881 2350 913 2402 et
926 2336 1017 2403 Vrat.
1042 2359 1088 2422 pr.
1113 2341 1225 2404 omisso

107 2444 195 2528 ‘per’,
205 2445 244 2529 p'n
258 2442 326 2508 aliis
344 2441 482 2524 ‘semper'
497 2442 567 2505 inde
582 2442 702 2505 ellccto.
724 2440 838 2507 Verum
854 2440 1223 2524 uiditWeissenboruioa,

105 2547 155 2630 qni
170 2547 201 2610 in
217 2543 342 2630 Bergkii
357 2557 388 2610 et
402 2540 544 2608 Caesaris
561 2545 676 2628 epbem.
694 2565 723 2607 a.
743 2542 825 2609 1845
840 2566 869 2630 p.
889 2543 929 2610 53
944 2545 1135 2611 scribendum
1147 2547 1226 2612 dixit

107 2656 178 2733 ‘qno
193 2650 349 2734 superiore
365 2669 443 2713 anuo
459 2647 594 2732 perfugio
610 2649 728 2710 lucrant
748 2646 816 2710 usi’.
861 2646 1005 2731 Apertum
1029 2661 1077 2713 est
1098 2650 1225 2715 enimin

105 2752 225 2836 optimis
240 2752 327 2815 codd.
349 2751 387 2815 ab
409 2752 512 2815 eadem
533 2750 651 2838 syllaba
665 2750 701 2813 ad
718 2749 841 2813 alteram
862 2749 1051 2829 aberratum,
1075 2751 1107 2813 in
1130 2753 1226 2817 inter·

104 2853 211 2938 polatis
226 2865 326 2918 autem
343 2864 374 2918 et
387 2854 547 2918 uerborum
561 2854 785 2917 collocationem
809 2863 840 2915 et
862 2854 986 2916 sormam
1002 2852 1225 2936 plusquamper-

105 2957 176 3021 iecti
191 2957 228 3021 ad
243 2956 483 3041 peruagatiorem
498 2955 645 3019 rationem
661 2965 774 3018 mutatu
789 2974 869 3019 esse.
907 2952 989 3016 Nam
1005 2954 1082 3040 quod
1099 2949 1225 3019 Schnei-

104 3058 192 3123 derus
209 3060 353 3144 seriptum
369 3059 460 3123 luisse
470 3069 553 3143 putat
570 3057 803 3144 ‘quosuperiore
818 3077 897 3119 anno
907 3057 1042 3140 perfugio
1052 3067 1141 3119 erant
1153 3056 1223 3136 usi‘,

106 3161 145 3225 ita
161 3181 254 3225 cansa
268 3160 426 3225 aberrandi
443 3183 503 3224 non
518 3173 597 3226 erat.
641 3157 938 3243 Plusquamperlecta
959 3170 1057 3221 autem
1078 3157 1143 3223 eius
1163 3161 1225 3224 lor·

106 3285 183 3344 uae,
201 3264 288 3328 cuius
303 3273 352 3328 est
366 3265 489 3326 ‘lucram
505 3266 600 3342 usus’‚
618 3284 678 3326 non
693 3265 789 3326 solum
804 3261 842 3325 ad
858 3261 982 3325 alterum
999 3262 1225 3348 plusquamper-

106 3367 227 3440 leetum,
244 3367 297 3430 sed
306 3376 490 3450 aequorecte
498 3367 535 3428 ad
551 3365 766 3446 imperfectum,
785 3366 961 3450 perlectum,
979 3366 1225 3447 praesensbislo-

105 3469 199 3532 rienm
216 3471 408 3532 referuntura
430 3471 460 3532 id
475 3469 554 3533 enim
570 3463 787 3531 Sobneidcrum
803 3486 932 3550 negare,
956 3487 996 3530 ex
1012 3467 1050 3530 iis
1065 3468 1224 3551 exemplis,

105 3592 181 3655 quae
196 3570 349 3654 ascripsit,
366 3571 494 3656 colligo3
512 3592 580 3634 nam
595 3570 688 3654 ipsius
703 3570 796 3634 uerba
812 3590 858 3632 me
874 3590 976 3654 parum
992 3568 1167 3652 intellegere
1182 3571 1226 3634 la-

105 3683 195 3736 teor.·
216 3668 266 3736 ct.
284 3673 378 3757 igitur
387 3669 454 3737 cio.
472 3669 618 3758 proSulla
631 3672 685 3750 22,
702 3670 744 3736 63
763 3682 900 3757 ‘poenam
916 3670 1044 3734 ambitus
1059 3672 1225 3751 auferebat,

105 3797 182 3860 puae
196 3776 298 3839 iuerat
313 3797 408 3860 nuper
421 3776 624 3861 superioribus
640 3776 756 3859 lep’bus
772 3774 957 3851 constituta’,
975 3775 1010 3835 ad
1027 3773 1092 3836 Att.
1110 3771 1153 3851 ll,
1170 3773 1225 3854 24,

104 3876 270 3942 3‘addidit
287 3879 325 3941 ad
347 3889 534 3954 extremum,
557 3901 622 3942 eum
645 3879 704 3942 iam
726 3877 846 3941 dimissa
869 3876 1010 3939 contione
1033 3887 1228 3942 reuocatusa

106 3979 232 4046 Vatinio
247 3982 376 4057 ruisset,
393 3977 479 4063 adQ.
498 3984 567 4045 irat.
585 3978 629 4058 ss,
646 3979 679 4059 8,
696 3981 717 4045 2
734 3981 823 4064 ‘quod
838 3977 941 4043 ldibos
958 3990 988 4042 et
1004 3979 1147 4062 postridie
1164 3980 1228 4042 lue·

104 4095 154 4147 rat
168 4085 281 4147 dietum
297 4084 334 4146 dc
347 4104 421 4168 agro
437 4080 592 4168 Campano
607 4094 703 4147 actum
720 4084 770 4162 iri,
787 4103 848 4146 non
864 4092 912 4144 est
927 4081 1046 4159 actum'3
1064 4076 1139 4145 Sall.
1157 4077 1225 4164 lug.

105 4185 148 4249 52
169 4187 319 4250 ‘aduerso
334 4186 423 4264 colle,
440 4188 527 4252 sicuti
544 4197 734 4272 praeceptum
750 4187 860 4262 luerat,
877 4183 1036 4261 euadont',
1061 4183 1102 4248 59
1120 4182 1229 4265 ‘quiin

106 4289 246 4374 proximo
268 4288 359 4354 locati
385 4290 521 4368 loerant,
552 4287 705 4373 paulisper
725 4287 822 4351 territi
846 4285 1087 4387 perturbantur‘‚
1119 4283 1161 4348 93
1183 4282 1226 4344 in.
