2692 4688
533 183 836 252 ...58-

124 365 184 421 tur.
215 351 300 421 Sene
321 356 352 422 id
374 358 415 422 ite
437 355 473 419 eh
497 356 552 419 huo
573 376 608 419 re
622 353 752 422 alienum
768 367 835 435 est,
857 354 998 422 ntmiror
1012 348 1247 426 Schneidewin

123 470 254 525 mentem
270 458 402 525 ueniene.
444 456 615 544 Simplicius
630 460 761 524 dixisset
773 460 853 525 hello
868 470 974 524 contre
988 459 1178 525 Ariouistum
1193 483 1246 545 ge-

122 563 217 627 rendo
232 560 374 631 Haeduos
398 583 457 624 non
478 562 588 626 mereri
611 563 648 625 de
668 560 835 640 Romanis,
859 563 912 627 ned
934 560 1089 626 Romanos
1112 563 1149 628 de
1164 561 1245 629 flee-

124 665 209 742 duie,
234 664 284 747 qui
299 663 443 727 auxilium
458 663 495 727 ab
511 664 570 731 illis
585 664 843 748 ,implorauermu
868 675 902 728 ut
915 661 1063 730 Ariouisti
1079 665 1195 730 iniuriis
1209 666 1246 731 li·

122 766 312 833 hererentur.
340 764 444 830 Nihilo
460 766 558 831 minue
574 776 656 832 necte
672 766 788 832 lleedui
803 767 914 851 optime
929 778 1079 832 merentes
1094 768 1244 833 dicuntur.

122 866 231 951 Neque
246 869 324 933 enim
341 869 421 933 lecto
435 869 532 933 solum
547 869 623 933 hene
638 870 748 934 mereri
763 870 845 948 licet,
862 870 915 932 sed
931 869 1034 948 etiem,
1052 870 1102 934 uhi
1116 871 1181 937 ciue
1196 893 1247 936 co·

123 970 172 1056 pin
187 971 304 1050 delicit,
327 972 428 1036 enimo
447 983 479 1035 et
494 972 660 1037 uoluntate.
692 969 744 1037 ct.
762 968 829 1037 Cic.
847 993 901 1056 pro
915 969 1021 1037 Plenc.
1039 971 1101 1050 33,
1116 970 1161 1037 80
1178 974 1246 1056 ‘qui

123 1083 194 1137 tunt
208 1072 279 1137 honi
294 1073 394 1152 ciues,
410 1075 461 1156 qui
477 1073 565 1152 helli,
585 1075 636 1157 qui
651 1075 729 1139 domi
745 1075 783 1138 de
797 1075 892 1159 petria
908 1075 985 1141 benc
1000 1085 1169 1155 merentes,
1186 1076 1246 1141 nisi

123 1177 174 1259 qni
189 1176 303 1259 petrice
317 1176 463 1243 beneficio
477 1177 713 1243 memineruntl'
729 1175 765 1241 Ιιι
779 1177 1025 1261 inscriptionibus
1040 1188 1140 1243 nutem
1157 1178 1245 1243 etiem

123 1289 257 1343 mortuos
271 1279 349 1345 hone
362 1291 513 1345 merentes
529 1280 585 1343 dici
602 1291 704 1345 notum
724 1290 783 1345 eet.

209 1377 248 1446 C.
265 1380 320 1458 hl,
339 1381 355 1444 l
372 1383 404 1446 in
420 1383 465 1447 his
481 1383 600 1447 uerhio:
627 1380 794 1446 ‘Postridie
815 1382 881 1445 eius
896 1381 955 1447 diei
970 1377 1088 1447 Caesen
1102 1382 1246 1466 praesidi·

124 1504 172 1547 ιιιιι
188 1484 322 1569 utrisque
337 1485 466 1563 cestris,
491 1486 567 1568 qnod
590 1485 664 1549 ontis
687 1504 755 1550 esse
776 1485 872 1551 uisum
888 1495 954 1558 est,
975 1484 1117 1567 reliquit,
1141 1506 1245 1550 omnes

124 1584 237 1651 olarios
251 1587 282 1650 in
298 1599 461 1672 conspectu
477 1588 605 1653 hostium
623 1609 677 1672 pro
692 1587 800 1652 cestris
815 1586 979 1652 minorihus
994 1585 1169 1664 constituit,
1186 1608 1245 1669 quo

124 1688 222 1753 miuus
238 1691 424 1758 multitudine
448 1691 574 1757 militum
589 1691 824 1778 legionariorum
839 1710 893 1774 pro
908 1690 1036 1754 hortium
1052 1708 1176 1753 numero
1192 1711 1246 1753 nu·

124 1790 223 1871 lohet,
250 1805 283 1857 nt
303 1794 340 1858 ed
365 1795 497 1878 speciem
520 1794 624 1859 eluriio
646 1795 813 1870 uteretur'‚
831 1794 971 1874 frequent
987 1792 1073 1857 codd.
1092 1792 1244 1871 mendum,

123 1896 201 1977 quod
216 1907 299 1960 recte
313 1897 372 1961 iem
388 1897 553 1961 sustulerat
562 1893 731 1975 Manutius,
747 1894 790 1962 ite
805 1905 839 1958 nt
855 1895 945 1977 ‘qnod
960 1893 1068 1958 minno'
1084 1894 1244 1972 scriberet,

122 1993 472 2063 reduxitSchoeiderns.
496 1996 646 2063 Nimirum
662 1999 720 2065 inm
733 1996 964 2083 Oudendorpius
979 2009 1016 2062 eo
1031 1996 1156 2063 artificio
1172 2016 1246 2061 neue

123 2110 201 2175 eret,
220 2110 253 2163 ιιι
268 2101 358 2165 uerba
377 2107 447 2183 ‘quo
463 2102 575 2166 minns'
593 2102 750 2167 referende
766 2102 884 2167 diceret
897 2102 934 2165 nd
950 2102 1048 2165 altere
1064 2108 1120 2165 ‘co
1136 2099 1245 2180 mngie’

123 2203 328 2285 superioribus
352 2204 534 2289 cogitatione
556 2205 724 2268 adicienda.
770 2200 831 2266 Sed
854 2222 892 2264 eo
913 2202 1009 2283 magio
1032 2201 1161 2281 eliquem
1181 2219 1246 2263 rem

123 2304 207 2383 ficri,
231 2327 290 2388 quo
309 2308 605 2384 minorarentur,
632 2315 693 2368 tum
708 2306 826 2368 demum
840 2313 924 2367 recte
940 2302 998 2365 dici
1013 2310 1155 2383 opponet,
1178 2321 1246 2366 cnm

123 2407 247 2471 uerbum
263 2410 467 2491 gradationem
483 2408 601 2490 recipit.
644 2403 798 2469 Constitui
812 2417 910 2467 cutem
927 2422 1023 2484 noque
1037 2401 1133 2486 megin
1149 2421 1246 2484 neque

124 2509 223 2571 minuo
238 2510 394 2591 quicquam
410 2520 519 2593 potest
552 2506 657 2591 Iteque
673 2508 828 2571 dicendum
851 2506 959 2569 fnisset
988 2511 1043 2569 ‘eo
1067 2505 1166 2588 plnres
1181 2506 1246 2569 ule·

123 2609 187 2674 rios
202 2612 378 2688 constituit,
395 2633 454 2694 quo
469 2612 596 2688 minns’‚
619 2609 696 2692 quod
718 2619 819 2673 temen
843 2607 891 2672 hic
913 2608 1001 2691 plene
1023 2607 1154 2672 alienum
1175 2618 1243 2671 estc

123 2729 227 2776 ontnee
242 2713 320 2775 enim
337 2713 448 2778 durius
458 2707 576 2776 Cneser
590 2711 799 2776 constituerat.
817 2709 861 2775 Et
875 2731 913 2774 ne
929 2711 994 2792 quie
1010 2710 1117 2773 melion
1131 2729 1167 2774 ee
1181 2729 1246 2775 rem

123 2812 235 2879 hahere
250 2815 415 2894 existimet,
432 2836 498 2879 cunr
514 2815 662 2879 sententia
676 2814 719 2878 ιιι
734 2815 956 2878 conformetur:
982 2819 1033 2877 ‘ut
1048 2833 1084 2876 eo
1099 2811 1194 2896 megin
1207 2812 1247 2879 ed

122 2918 253 3001 speciem
268 2920 372 2984 alariis
387 2929 536 2996 uteretur,
553 2938 612 2999 quo
627 2917 748 2993 mium,
765 2937 827 2979 nun
840 2936 894 3000 pro
909 2915 1046 2998 portione
1061 2914 1185 2979 alterins
1201 2915 1246 2979 rei

123 3020 290 3103 uugehetur
303 3022 438 3107 species,
463 3021 517 3086 sed
532 3019 705 3084 constitutio
720 3019 837 3085 demum
853 3018 956 3082 eleriie
972 3017 1152 3094 accedebat,
1176 3037 1245 3081 cnm

123 3133 214 3187 antee
228 3145 289 3188 non
305 3125 422 3190 luisset.
458 3122 557 3188 Recte
580 3122 674 3208 igitur
687 3120 844 3187 Μιιιιιιιιιιιι
867 3141 986 3187 centem
1006 3141 1025 3184 n
1047 3115 1182 3186 camme
1202 3119 1246 3185 ei·

123 3224 292 3305 gnihcetem
307 3246 376 3289 ense
390 3226 548 3291 iudicauit.
563 3224 647 3290 Idem
662 3227 800 3289 mendum
817 3235 866 3289 eet
880 3225 909 3287 h.
927 3218 1056 3301 ciuili,
1072 3220 1128 3299 58,
1144 3220 1166 3284 4
1182 3229 1246 3285 ‘eo-

123 3323 272 3410 gehnntur
285 3320 423 3410 Corcyra
444 3338 534 3410 utque
549 3327 722 3391 Menenia
745 3327 883 3411 puhnlnm
905 3336 1101 3410 supportare,
1128 3343 1247 3407 qnoque

123 3438 191 3491 erut
205 3427 270 3491 eius
284 3427 330 3491 rei
346 3429 443 3492 minor
454 3430 551 3512 copie,
570 3430 681 3492 hordeo
698 3430 872 3510 theogero,
888 3427 939 3491 nhi
952 3427 1023 3490 item
1036 3425 1173 3510 gradatio
1185 3445 1246 3489 non

122 3528 290 3611 adaugendi
306 3529 416 3601 uerbo,
438 3532 491 3594 ted
513 3530 616 3595 hordei
639 3550 762 3592 numero
778 3528 931 3594 conuenit.
977 3522 1040 3591 Sed
1062 3528 1119 3592 hoc
1140 3529 1200 3592 ium
1214 3527 1248 3591 ιιι

123 3627 215 3697 Leid.
231 3652 295 3696 see.
312 3633 501 3697 emendatum
515 3642 596 3697 erat:
615 3630 742 3696 eorund.
760 3650 867 3693 comm.
884 3626 912 3709 Ι,
929 3627 984 3707 52,
1000 3628 1022 3692 t
1037 3650 1093 3693 nos
1108 3630 1247 3693 correxi·

124 3755 191 3799 nus
215 3734 405 3800 ‘ciuitatibus
427 3772 488 3812 -,
512 3736 590 3819 quod
607 3735 705 3797 minor
720 3743 788 3797 erat
801 3733 942 3797 frumenti
958 3732 1061 3817 copie,
1085 3749 1176 3813 pecus
1191 3729 1246 3791 ιιιι-

124 3834 269 3920 peruhct'.
300 3837 388 3919 Apud
404 3836 487 3902 llirt.
504 3837 535 3900 h.
553 3835 633 3901 Gell.
651 3831 740 3912 vill,
756 3833 790 3912 9,
806 3835 827 3898 d
842 3846 927 3901 recte
942 3836 1041 3899 editur
1057 3832 1156 3896 ‘alter'
1182 3834 1247 3911 (or-

124 3935 194 4015 do),
219 3938 287 4021 ‘qni
302 3939 423 4023 propior
436 3939 553 4002 hostem
567 3939 599 4001 in
615 3939 680 4023 ipro
695 3938 775 4001 nullo
790 3937 954 4002 collocutus
968 3935 1087 4000 eooet’:
1109 3933 1142 3997 in
1158 3932 1244 3995 codd.

124 4037 165 4103 iti
181 4059 297 4122 qunque
312 4041 456 4124 scriptum
472 4051 520 4104 eet
535 4046 606 4123 ‘quo
622 4041 763 4125 propior'.

211 4137 250 4206 C.
268 4139 322 4220 53,
338 4142 416 4207 dex
430 4141 549 4207 Heineii
566 4146 737 4207 coniectura
754 4141 857 4227 posuis
881 4139 938 4204 ‘lhi
952 4138 1093 4223 perpauci
1107 4147 1160 4200 eut
1174 4136 1247 4201 uiri-

125 4242 181 4314 bttt
195 4243 300 4309 uonliei
317 4253 438 4313 uouere
452 4246 673 4311 contenderunt
686 4258 741 4313 cut
754 4245 893 4310 lintrihns
907 4240 1038 4310 inuentis
1048 4239 1107 4303 nihi
1118 4238 1246 4304 salutem
