<?xml version="1.0" encoding="UTF-8"?>
<!DOCTYPE html PUBLIC "-//W3C//DTD XHTML 1.0 Transitional//EN"
    "http://www.w3.org/TR/xhtml1/DTD/xhtml1-transitional.dtd">
<html xmlns="http://www.w3.org/1999/xhtml" xml:lang="en" lang="en">
 <head>
  <title>
</title>
<meta http-equiv="Content-Type" content="text/html;charset=utf-8" />
  <meta name='ocr-system' content='tesseract 3.04.00' />
  <meta name='ocr-capabilities' content='ocr_page ocr_carea ocr_par ocr_line ocrx_word'/>
</head>
<body>
  <div class='ocr_page' id='page_1' title='image "./civliicaesarisc02hirtgoog_0544.png"; bbox 0 0 2692 4688; ppageno 0'>
   <div class='ocr_carea' id='block_1_1' title="bbox 425 208 930 296">
    <p class='ocr_par' dir='ltr' id='par_1_1' title="bbox 425 208 930 296">
     <span class='ocr_line' id='line_1_1' title="bbox 425 208 930 296; baseline -0.004 -17"><span class='ocrx_word' id='word_1_1' title='bbox 425 210 565 281; x_wconf 77' lang='lat' dir='ltr'><strong>cotim.</strong></span> <span class='ocrx_word' id='word_1_2' title='bbox 582 210 598 279; x_wconf 93' lang='lat'>1</span> <span class='ocrx_word' id='word_1_3' title='bbox 613 208 709 280; x_wconf 76' lang='lat' dir='ltr'><strong>CAP.</strong></span> <span class='ocrx_word' id='word_1_4' title='bbox 725 211 766 280; x_wconf 78' lang='lat' dir='ltr'><strong>at</strong></span> <span class='ocrx_word' id='word_1_5' title='bbox 782 250 825 265; x_wconf 86' lang='lat'>-</span> <span class='ocrx_word' id='word_1_6' title='bbox 837 210 881 296; x_wconf 88' lang='lat'><strong>11,</strong></span> <span class='ocrx_word' id='word_1_7' title='bbox 897 210 930 280; x_wconf 77' lang='grc'><strong>2.</strong></span> 
     </span>
    </p>
   </div>
   <div class='ocr_carea' id='block_1_2' title="bbox 338 555 1017 632">
    <p class='ocr_par' dir='ltr' id='par_1_2' title="bbox 338 555 1017 632">
     <span class='ocr_line' id='line_1_2' title="bbox 338 555 1017 632; baseline 0 -1"><span class='ocrx_word' id='word_1_8' title='bbox 338 556 382 632; x_wconf 84' lang='lat' dir='ltr'><strong>C.</strong></span> <span class='ocrx_word' id='word_1_9' title='bbox 438 555 619 630; x_wconf 85' lang='lat' dir='ltr'><strong>lVLll</strong></span> <span class='ocrx_word' id='word_1_10' title='bbox 669 555 1017 631; x_wconf 71' lang='lat' dir='ltr'><strong>consultus</strong></span> 
     </span>
    </p>
   </div>
   <div class='ocr_carea' id='block_1_3' title="bbox 198 780 1159 901">
    <p class='ocr_par' dir='ltr' id='par_1_3' title="bbox 198 780 1159 901">
     <span class='ocr_line' id='line_1_3' title="bbox 198 780 1159 901; baseline -0.004 -7"><span class='ocrx_word' id='word_1_11' title='bbox 198 782 324 894; x_wconf 84' lang='lat' dir='ltr'><strong>DE</strong></span> <span class='ocrx_word' id='word_1_12' title='bbox 386 780 730 888; x_wconf 84' lang='lat' dir='ltr'>BELLO</span> <span class='ocrx_word' id='word_1_13' title='bbox 800 780 1159 901; x_wconf 84' lang='lat' dir='ltr'><strong>OlVlLl</strong></span> 
     </span>
    </p>
   </div>
   <div class='ocr_carea' id='block_1_4' title="bbox 368 1006 985 1080">
    <p class='ocr_par' dir='ltr' id='par_1_4' title="bbox 368 1006 985 1080">
     <span class='ocr_line' id='line_1_4' title="bbox 368 1006 985 1080; baseline -0.002 -2"><span class='ocrx_word' id='word_1_14' title='bbox 368 1006 722 1078; x_wconf 79' lang='lat' dir='ltr'><strong>comunurnulvs</strong></span> <span class='ocrx_word' id='word_1_15' title='bbox 744 1006 985 1080; x_wconf 83' lang='lat' dir='ltr'>SECVNDVS.</span> 
     </span>
    </p>
   </div>
   <div class='ocr_carea' id='block_1_5' title="bbox 574 1237 783 1250">
    <p class='ocr_par' dir='ltr' id='par_1_5' title="bbox 574 1237 783 1250">
     <span class='ocr_line' id='line_1_5' title="bbox 574 1237 783 1250; baseline 0 0"><span class='ocrx_word' id='word_1_16' title='bbox 574 1237 783 1250; x_wconf 49' lang='grc' dir='ltr'><strong>,ι’-</strong></span> 
     </span>
    </p>
   </div>
   <div class='ocr_carea' id='block_1_6' title="bbox 117 1419 1239 1613">
    <p class='ocr_par' dir='ltr' id='par_1_6' title="bbox 117 1419 1239 1613">
     <span class='ocr_line' id='line_1_6' title="bbox 205 1419 1239 1509; baseline -0.001 -21"><span class='ocrx_word' id='word_1_17' title='bbox 205 1420 283 1488; x_wconf 87' lang='lat' dir='ltr'><strong>Dum</strong></span> <span class='ocrx_word' id='word_1_18' title='bbox 297 1421 372 1488; x_wconf 80' lang='lat' dir='ltr'><strong>bauo</strong></span> <span class='ocrx_word' id='word_1_19' title='bbox 385 1422 418 1486; x_wconf 90' lang='lat' dir='ltr'><strong>in</strong></span> <span class='ocrx_word' id='word_1_20' title='bbox 434 1419 579 1505; x_wconf 74' lang='lat' dir='ltr'><strong>Hispania</strong></span> <span class='ocrx_word' id='word_1_21' title='bbox 594 1431 758 1507; x_wconf 79' lang='lat' dir='ltr'><strong>geruntur,</strong></span> <span class='ocrx_word' id='word_1_22' title='bbox 785 1419 823 1488; x_wconf 87' lang='lat' dir='ltr'><strong>C.</strong></span> <span class='ocrx_word' id='word_1_23' title='bbox 840 1420 1011 1488; x_wconf 78' lang='lat' dir='ltr'>Trebonius</span> <span class='ocrx_word' id='word_1_24' title='bbox 1026 1423 1163 1509; x_wconf 78' lang='lat' dir='ltr'><strong>legatus,</strong></span> <span class='ocrx_word' id='word_1_25' title='bbox 1188 1422 1239 1506; x_wconf 88' lang='lat' dir='ltr'><strong>qui</strong></span> 
     </span>
     <span class='ocr_line' id='line_1_7' title="bbox 117 1522 1239 1613; baseline -0.003 -22"><span class='ocrx_word' id='word_1_26' title='bbox 117 1527 155 1592; x_wconf 90' lang='lat' dir='ltr'><strong>ad</strong></span> <span class='ocrx_word' id='word_1_27' title='bbox 171 1528 418 1613; x_wconf 74' lang='lat' dir='ltr'><strong>oppugnationem</strong></span> <span class='ocrx_word' id='word_1_28' title='bbox 435 1522 592 1588; x_wconf 79' lang='lat' dir='ltr'><strong>Massiliae</strong></span> <span class='ocrx_word' id='word_1_29' title='bbox 606 1523 728 1588; x_wconf 83' lang='lat' dir='ltr'><strong>relictus</strong></span> <span class='ocrx_word' id='word_1_30' title='bbox 744 1536 828 1604; x_wconf 89' lang='lat' dir='ltr'><strong>erat,</strong></span> <span class='ocrx_word' id='word_1_31' title='bbox 853 1525 965 1590; x_wconf 73' lang='lat' dir='ltr'><strong>duabm</strong></span> <span class='ocrx_word' id='word_1_32' title='bbox 981 1547 1022 1589; x_wconf 81' lang='lat' dir='ltr'><strong>ex</strong></span> <span class='ocrx_word' id='word_1_33' title='bbox 1037 1526 1170 1609; x_wconf 89' lang='lat' dir='ltr'><strong>partibus</strong></span> <span class='ocrx_word' id='word_1_34' title='bbox 1186 1545 1239 1609; x_wconf 80' lang='lat' dir='ltr'><strong>ag·</strong></span> 
     </span>
    </p>
   </div>
   <div class='ocr_carea' id='block_1_7' title="bbox 62 1625 1278 3753">
    <p class='ocr_par' dir='ltr' id='par_1_7' title="bbox 118 1625 1274 1714">
     <span class='ocr_line' id='line_1_8' title="bbox 118 1625 1274 1714; baseline 0 -21"><span class='ocrx_word' id='word_1_35' title='bbox 118 1650 240 1714; x_wconf 79' lang='lat' dir='ltr'><strong>geram,</strong></span> <span class='ocrx_word' id='word_1_36' title='bbox 264 1628 370 1693; x_wconf 84' lang='lat' dir='ltr'><strong>niueas</strong></span> <span class='ocrx_word' id='word_1_37' title='bbox 390 1637 548 1710; x_wconf 88' lang='lat' dir='ltr'><strong>turresque</strong></span> <span class='ocrx_word' id='word_1_38' title='bbox 571 1628 607 1690; x_wconf 93' lang='lat' dir='ltr'><strong>ad</strong></span> <span class='ocrx_word' id='word_1_39' title='bbox 630 1626 766 1710; x_wconf 91' lang='lat' dir='ltr'><strong>oppidum</strong></span> <span class='ocrx_word' id='word_1_40' title='bbox 790 1648 880 1710; x_wconf 84' lang='lat' dir='ltr'><strong>agore</strong></span> <span class='ocrx_word' id='word_1_41' title='bbox 902 1628 1042 1693; x_wconf 86' lang='lat' dir='ltr'><strong>instituit.</strong></span> <span class='ocrx_word' id='word_1_42' title='bbox 1080 1625 1149 1694; x_wconf 90' lang='lat' dir='ltr'><strong>Vna</strong></span> <span class='ocrx_word' id='word_1_43' title='bbox 1172 1626 1274 1693; x_wconf 60' lang='lat' dir='ltr'><strong>aratz</strong></span> 
     </span>
    </p>

    <p class='ocr_par' dir='ltr' id='par_1_8' title="bbox 118 1728 1237 1816">
     <span class='ocr_line' id='line_1_9' title="bbox 118 1728 1237 1816; baseline -0.001 -22"><span class='ocrx_word' id='word_1_44' title='bbox 118 1731 257 1816; x_wconf 80' lang='lat' dir='ltr'><strong>proxima</strong></span> <span class='ocrx_word' id='word_1_45' title='bbox 271 1730 369 1815; x_wconf 87' lang='lat' dir='ltr'><strong>portui</strong></span> <span class='ocrx_word' id='word_1_46' title='bbox 385 1728 621 1812; x_wconf 88' lang='lat' dir='ltr'><strong>naualibusque,</strong></span> <span class='ocrx_word' id='word_1_47' title='bbox 638 1730 734 1792; x_wconf 88' lang='lat' dir='ltr'><strong>altera</strong></span> <span class='ocrx_word' id='word_1_48' title='bbox 749 1730 784 1792; x_wconf 92' lang='lat' dir='ltr'><strong>ad</strong></span> <span class='ocrx_word' id='word_1_49' title='bbox 801 1741 933 1813; x_wconf 86' lang='lat' dir='ltr'><strong>partem,</strong></span> <span class='ocrx_word' id='word_1_50' title='bbox 952 1751 1007 1812; x_wconf 91' lang='lat' dir='ltr'><strong>qua</strong></span> <span class='ocrx_word' id='word_1_51' title='bbox 1024 1740 1071 1793; x_wconf 87' lang='lat' dir='ltr'><strong>est</strong></span> <span class='ocrx_word' id='word_1_52' title='bbox 1084 1731 1181 1794; x_wconf 91' lang='lat' dir='ltr'><strong>aditus</strong></span> <span class='ocrx_word' id='word_1_53' title='bbox 1196 1750 1237 1794; x_wconf 85' lang='lat' dir='ltr'><strong>ex</strong></span> 
     </span>
    </p>

    <p class='ocr_par' dir='ltr' id='par_1_9' title="bbox 81 1829 1274 2017">
     <span class='ocr_line' id='line_1_10' title="bbox 81 1829 1239 1915; baseline -0.003 -18"><span class='ocrx_word' id='word_1_54' title='bbox 81 1838 99 1896; x_wconf 76' lang='lat' dir='ltr'><strong>b</strong></span> <span class='ocrx_word' id='word_1_55' title='bbox 122 1831 222 1897; x_wconf 86' lang='lat' dir='ltr'><strong>Gallia</strong></span> <span class='ocrx_word' id='word_1_56' title='bbox 236 1842 327 1914; x_wconf 85' lang='lat' dir='ltr'><strong>atque</strong></span> <span class='ocrx_word' id='word_1_57' title='bbox 342 1829 507 1915; x_wconf 87' lang='lat' dir='ltr'><strong>llispauia,</strong></span> <span class='ocrx_word' id='word_1_58' title='bbox 532 1833 568 1895; x_wconf 87' lang='lat' dir='ltr'><strong>ad</strong></span> <span class='ocrx_word' id='word_1_59' title='bbox 585 1831 614 1894; x_wconf 94' lang='lat' dir='ltr'><strong>id</strong></span> <span class='ocrx_word' id='word_1_60' title='bbox 629 1851 730 1909; x_wconf 87' lang='lat' dir='ltr'><strong>mare,</strong></span> <span class='ocrx_word' id='word_1_61' title='bbox 755 1833 831 1913; x_wconf 89' lang='lat' dir='ltr'><strong>quod</strong></span> <span class='ocrx_word' id='word_1_62' title='bbox 848 1833 964 1897; x_wconf 91' lang='lat' dir='ltr'><strong>adiaoet</strong></span> <span class='ocrx_word' id='word_1_63' title='bbox 978 1832 1014 1896; x_wconf 89' lang='lat' dir='ltr'><strong>ad</strong></span> <span class='ocrx_word' id='word_1_64' title='bbox 1031 1832 1139 1895; x_wconf 87' lang='lat' dir='ltr'><strong>ostium</strong></span> <span class='ocrx_word' id='word_1_65' title='bbox 1154 1830 1239 1895; x_wconf 84' lang='lat' dir='ltr'><strong>Rho·</strong></span> 
     </span>
     <span class='ocr_line' id='line_1_11' title="bbox 119 1931 1274 2017; baseline -0.001 -19"><span class='ocrx_word' id='word_1_66' title='bbox 119 1936 202 1999; x_wconf 90' lang='lat' dir='ltr'><strong>dani.</strong></span> <span class='ocrx_word' id='word_1_67' title='bbox 243 1931 382 1996; x_wconf 78' lang='lat' dir='ltr'><strong>Massilia</strong></span> <span class='ocrx_word' id='word_1_68' title='bbox 397 1934 475 1997; x_wconf 87' lang='lat' dir='ltr'><strong>euim</strong></span> <span class='ocrx_word' id='word_1_69' title='bbox 492 1935 554 1997; x_wconf 87' lang='lat' dir='ltr'><strong>lere</strong></span> <span class='ocrx_word' id='word_1_70' title='bbox 570 1954 610 1997; x_wconf 87' lang='lat' dir='ltr'><strong>ex</strong></span> <span class='ocrx_word' id='word_1_71' title='bbox 626 1931 722 1996; x_wconf 88' lang='lat' dir='ltr'><strong>tribus</strong></span> <span class='ocrx_word' id='word_1_72' title='bbox 738 1934 834 2016; x_wconf 88' lang='lat' dir='ltr'><strong>oppidi</strong></span> <span class='ocrx_word' id='word_1_73' title='bbox 851 1935 982 2017; x_wconf 91' lang='lat' dir='ltr'><strong>partibus</strong></span> <span class='ocrx_word' id='word_1_74' title='bbox 999 1935 1073 1998; x_wconf 90' lang='lat' dir='ltr'><strong>mari</strong></span> <span class='ocrx_word' id='word_1_75' title='bbox 1089 1933 1236 2014; x_wconf 72' lang='lat' dir='ltr'><strong>adluiturp</strong></span> <span class='ocrx_word' id='word_1_76' title='bbox 1254 1931 1274 1997; x_wconf 79' lang='grc'>3</span> 
     </span>
    </p>

    <p class='ocr_par' dir='ltr' id='par_1_10' title="bbox 119 2034 1238 2121">
     <span class='ocr_line' id='line_1_12' title="bbox 119 2034 1238 2121; baseline -0.001 -20"><span class='ocrx_word' id='word_1_77' title='bbox 119 2036 236 2120; x_wconf 82' lang='lat' dir='ltr'><strong>reliqua</strong></span> <span class='ocrx_word' id='word_1_78' title='bbox 251 2044 357 2119; x_wconf 88' lang='lat' dir='ltr'><strong>quarta</strong></span> <span class='ocrx_word' id='word_1_79' title='bbox 380 2046 446 2114; x_wconf 86' lang='lat' dir='ltr'><strong>est,</strong></span> <span class='ocrx_word' id='word_1_80' title='bbox 475 2057 550 2119; x_wconf 91' lang='lat' dir='ltr'><strong>quae</strong></span> <span class='ocrx_word' id='word_1_81' title='bbox 565 2035 674 2097; x_wconf 89' lang='lat' dir='ltr'><strong>aditum</strong></span> <span class='ocrx_word' id='word_1_82' title='bbox 691 2034 799 2097; x_wconf 89' lang='lat' dir='ltr'><strong>babeat</strong></span> <span class='ocrx_word' id='word_1_83' title='bbox 813 2034 849 2098; x_wconf 96' lang='lat' dir='ltr'><strong>ab</strong></span> <span class='ocrx_word' id='word_1_84' title='bbox 865 2047 957 2099; x_wconf 90' lang='lat' dir='ltr'><strong>terra.</strong></span> <span class='ocrx_word' id='word_1_85' title='bbox 1004 2035 1099 2101; x_wconf 87' lang='lat' dir='ltr'><strong>Huius</strong></span> <span class='ocrx_word' id='word_1_86' title='bbox 1121 2057 1238 2121; x_wconf 86' lang='lat' dir='ltr'><strong>quoque</strong></span> 
     </span>
    </p>

    <p class='ocr_par' dir='ltr' id='par_1_11' title="bbox 118 2136 1275 2324">
     <span class='ocr_line' id='line_1_13' title="bbox 119 2136 1238 2223; baseline 0 -21"><span class='ocrx_word' id='word_1_87' title='bbox 119 2139 209 2223; x_wconf 91' lang='lat' dir='ltr'><strong>spatii</strong></span> <span class='ocrx_word' id='word_1_88' title='bbox 224 2158 295 2222; x_wconf 87' lang='lat' dir='ltr'><strong>pars</strong></span> <span class='ocrx_word' id='word_1_89' title='bbox 310 2143 357 2218; x_wconf 87' lang='lat' dir='ltr'><strong>ea,</strong></span> <span class='ocrx_word' id='word_1_90' title='bbox 374 2155 455 2222; x_wconf 84' lang='lat' dir='ltr'><strong>quae·</strong></span> <span class='ocrx_word' id='word_1_91' title='bbox 465 2139 500 2202; x_wconf 90' lang='lat' dir='ltr'><strong>ad</strong></span> <span class='ocrx_word' id='word_1_92' title='bbox 518 2158 618 2201; x_wconf 82' lang='lat' dir='ltr'><strong>arram</strong></span> <span class='ocrx_word' id='word_1_93' title='bbox 634 2136 774 2221; x_wconf 87' lang='lat' dir='ltr'><strong>pertinet,</strong></span> <span class='ocrx_word' id='word_1_94' title='bbox 791 2137 849 2200; x_wconf 86' lang='lat' dir='ltr'><strong>loci</strong></span> <span class='ocrx_word' id='word_1_95' title='bbox 866 2148 972 2201; x_wconf 86' lang='lat' dir='ltr'><strong>natura</strong></span> <span class='ocrx_word' id='word_1_96' title='bbox 987 2150 1018 2201; x_wconf 90' lang='lat' dir='ltr'><strong>et</strong></span> <span class='ocrx_word' id='word_1_97' title='bbox 1032 2140 1110 2202; x_wconf 87' lang='lat' dir='ltr'><strong>ualle</strong></span> <span class='ocrx_word' id='word_1_98' title='bbox 1127 2137 1238 2202; x_wconf 89' lang='lat' dir='ltr'><strong>altissi-</strong></span> 
     </span>
     <span class='ocr_line' id='line_1_14' title="bbox 118 2236 1275 2324; baseline 0 -22"><span class='ocrx_word' id='word_1_99' title='bbox 118 2261 167 2302; x_wconf 88' lang='lat' dir='ltr'><strong>ma</strong></span> <span class='ocrx_word' id='word_1_100' title='bbox 183 2241 295 2304; x_wconf 89' lang='lat' dir='ltr'><strong>munita</strong></span> <span class='ocrx_word' id='word_1_101' title='bbox 311 2240 430 2324; x_wconf 79' lang='lat' dir='ltr'><strong>longam</strong></span> <span class='ocrx_word' id='word_1_102' title='bbox 447 2252 478 2304; x_wconf 87' lang='lat' dir='ltr'><strong>et</strong></span> <span class='ocrx_word' id='word_1_103' title='bbox 492 2240 636 2303; x_wconf 86' lang='lat' dir='ltr'><strong>difficilem</strong></span> <span class='ocrx_word' id='word_1_104' title='bbox 653 2236 741 2301; x_wconf 89' lang='lat' dir='ltr'><strong>habet</strong></span> <span class='ocrx_word' id='word_1_105' title='bbox 756 2239 1017 2322; x_wconf 78' lang='lat' dir='ltr'><strong>oppugnationem.</strong></span> <span class='ocrx_word' id='word_1_106' title='bbox 1057 2239 1105 2301; x_wconf 84' lang='lat' dir='ltr'><strong>Ad</strong></span> <span class='ocrx_word' id='word_1_107' title='bbox 1122 2260 1156 2302; x_wconf 90' lang='lat' dir='ltr'><strong>ea</strong></span> <span class='ocrx_word' id='word_1_108' title='bbox 1172 2240 1275 2323; x_wconf 78' lang='lat' dir='ltr'><strong>per-4</strong></span> 
     </span>
    </p>

    <p class='ocr_par' dir='ltr' id='par_1_12' title="bbox 62 2340 1240 2428">
     <span class='ocr_line' id='line_1_15' title="bbox 62 2340 1240 2428; baseline -0.002 -22"><span class='ocrx_word' id='word_1_109' title='bbox 62 2352 97 2406; x_wconf 83' lang='lat' dir='ltr'><strong>au</strong></span> <span class='ocrx_word' id='word_1_110' title='bbox 121 2343 245 2406; x_wconf 84' lang='lat' dir='ltr'><strong>finienda</strong></span> <span class='ocrx_word' id='word_1_111' title='bbox 261 2364 351 2428; x_wconf 87' lang='lat' dir='ltr'><strong>opera</strong></span> <span class='ocrx_word' id='word_1_112' title='bbox 368 2340 406 2409; x_wconf 81' lang='lat' dir='ltr'><strong>C.</strong></span> <span class='ocrx_word' id='word_1_113' title='bbox 424 2341 594 2406; x_wconf 82' lang='lat' dir='ltr'><strong>Trebonius</strong></span> <span class='ocrx_word' id='word_1_114' title='bbox 610 2362 747 2426; x_wconf 83' lang='lat' dir='ltr'><strong>maguam</strong></span> <span class='ocrx_word' id='word_1_115' title='bbox 769 2342 966 2405; x_wconf 88' lang='lat' dir='ltr'><strong>iumentorum</strong></span> <span class='ocrx_word' id='word_1_116' title='bbox 983 2350 1071 2423; x_wconf 87' lang='lat' dir='ltr'><strong>atque</strong></span> <span class='ocrx_word' id='word_1_117' title='bbox 1088 2341 1240 2404; x_wconf 87' lang='lat' dir='ltr'><strong>homiuum</strong></span> 
     </span>
    </p>

    <p class='ocr_par' dir='ltr' id='par_1_13' title="bbox 120 2443 1239 2531">
     <span class='ocr_line' id='line_1_16' title="bbox 120 2443 1239 2531; baseline -0.002 -24"><span class='ocrx_word' id='word_1_118' title='bbox 120 2444 335 2510; x_wconf 87' lang='lat' dir='ltr'><strong>multitudinem</strong></span> <span class='ocrx_word' id='word_1_119' title='bbox 353 2446 488 2510; x_wconf 87' lang='lat' dir='ltr'><strong>exomni</strong></span> <span class='ocrx_word' id='word_1_120' title='bbox 505 2443 658 2531; x_wconf 84' lang='lat' dir='ltr'><strong>prouincia</strong></span> <span class='ocrx_word' id='word_1_121' title='bbox 673 2455 781 2523; x_wconf 82' lang='lat' dir='ltr'><strong>uorat3</strong></span> <span class='ocrx_word' id='word_1_122' title='bbox 799 2444 911 2508; x_wconf 91' lang='lat' dir='ltr'><strong>nimina</strong></span> <span class='ocrx_word' id='word_1_123' title='bbox 927 2444 1142 2527; x_wconf 77' lang='lat' dir='ltr'><strong>materiamque</strong></span> <span class='ocrx_word' id='word_1_124' title='bbox 1158 2464 1239 2506; x_wconf 84' lang='lat' dir='ltr'><strong>oom-</strong></span> 
     </span>
    </p>

    <p class='ocr_par' dir='ltr' id='par_1_14' title="bbox 119 2545 1274 2739">
     <span class='ocr_line' id='line_1_17' title="bbox 120 2545 1238 2633; baseline 0 -23"><span class='ocrx_word' id='word_1_125' title='bbox 120 2547 231 2633; x_wconf 85' lang='lat' dir='ltr'><strong>portari</strong></span> <span class='ocrx_word' id='word_1_126' title='bbox 252 2547 347 2613; x_wconf 90' lang='lat' dir='ltr'><strong>iubet.</strong></span> <span class='ocrx_word' id='word_1_127' title='bbox 380 2545 497 2631; x_wconf 81' lang='lat' dir='ltr'><strong>Quibus</strong></span> <span class='ocrx_word' id='word_1_128' title='bbox 520 2547 697 2631; x_wconf 84' lang='lat' dir='ltr'><strong>comparatis</strong></span> <span class='ocrx_word' id='word_1_129' title='bbox 721 2547 810 2611; x_wconf 87' lang='lat' dir='ltr'><strong>rebus</strong></span> <span class='ocrx_word' id='word_1_130' title='bbox 832 2569 974 2633; x_wconf 79' lang='lat' dir='ltr'><strong>aggerem</strong></span> <span class='ocrx_word' id='word_1_131' title='bbox 997 2549 1027 2612; x_wconf 90' lang='lat' dir='ltr'><strong>iu</strong></span> <span class='ocrx_word' id='word_1_132' title='bbox 1051 2547 1238 2611; x_wconf 76' lang='lat' dir='ltr'><strong>altitudinem</strong></span> 
     </span>
     <span class='ocr_line' id='line_1_18' title="bbox 119 2646 1274 2739; baseline -0.001 -26"><span class='ocrx_word' id='word_1_133' title='bbox 119 2651 224 2733; x_wconf 87' lang='lat' dir='ltr'><strong>pedum</strong></span> <span class='ocrx_word' id='word_1_134' title='bbox 240 2660 338 2714; x_wconf 84' lang='lat' dir='ltr'>Lxxx</span> <span class='ocrx_word' id='word_1_135' title='bbox 355 2650 480 2739; x_wconf 69' lang='lat' dir='ltr'><strong>entruit.</strong></span> <span class='ocrx_word' id='word_1_136' title='bbox 514 2646 574 2715; x_wconf 89' lang='lat' dir='ltr'><strong>Sed</strong></span> <span class='ocrx_word' id='word_1_137' title='bbox 597 2651 672 2714; x_wconf 86' lang='lat' dir='ltr'><strong>tanti</strong></span> <span class='ocrx_word' id='word_1_138' title='bbox 692 2661 778 2714; x_wconf 86' lang='lat' dir='ltr'><strong>eraut</strong></span> <span class='ocrx_word' id='word_1_139' title='bbox 792 2652 956 2735; x_wconf 89' lang='lat' dir='ltr'><strong>antiquitus</strong></span> <span class='ocrx_word' id='word_1_140' title='bbox 972 2652 1003 2713; x_wconf 94' lang='lat' dir='ltr'><strong>iu</strong></span> <span class='ocrx_word' id='word_1_141' title='bbox 1019 2650 1125 2734; x_wconf 92' lang='lat' dir='ltr'><strong>oppido</strong></span> <span class='ocrx_word' id='word_1_142' title='bbox 1141 2649 1235 2713; x_wconf 91' lang='lat' dir='ltr'><strong>omui·</strong></span> <span class='ocrx_word' id='word_1_143' title='bbox 1251 2649 1274 2719; x_wconf 81' lang='lat'>2</span> 
     </span>
    </p>

    <p class='ocr_par' dir='ltr' id='par_1_15' title="bbox 120 2752 1237 2837">
     <span class='ocr_line' id='line_1_19' title="bbox 120 2752 1237 2837; baseline -0.002 -22"><span class='ocrx_word' id='word_1_144' title='bbox 120 2774 169 2815; x_wconf 86' lang='lat' dir='ltr'><strong>nur</strong></span> <span class='ocrx_word' id='word_1_145' title='bbox 184 2773 285 2816; x_wconf 87' lang='lat' dir='ltr'><strong>rerum</strong></span> <span class='ocrx_word' id='word_1_146' title='bbox 310 2753 346 2816; x_wconf 89' lang='lat' dir='ltr'><strong>ad</strong></span> <span class='ocrx_word' id='word_1_147' title='bbox 369 2753 477 2817; x_wconf 90' lang='lat' dir='ltr'><strong>bellum</strong></span> <span class='ocrx_word' id='word_1_148' title='bbox 499 2762 657 2837; x_wconf 90' lang='lat' dir='ltr'><strong>apparatus</strong></span> <span class='ocrx_word' id='word_1_149' title='bbox 680 2762 820 2836; x_wconf 87' lang='lat' dir='ltr'><strong>tantaque</strong></span> <span class='ocrx_word' id='word_1_150' title='bbox 836 2752 991 2816; x_wconf 88' lang='lat' dir='ltr'><strong>mullitudo</strong></span> <span class='ocrx_word' id='word_1_151' title='bbox 1008 2762 1237 2828; x_wconf 87' lang='lat' dir='ltr'><strong>tormentorum,</strong></span> 
     </span>
    </p>

    <p class='ocr_par' dir='ltr' id='par_1_16' title="bbox 65 2854 1278 3145">
     <span class='ocr_line' id='line_1_20' title="bbox 65 2854 1239 2935; baseline -0.005 -18"><span class='ocrx_word' id='word_1_152' title='bbox 65 2864 97 2917; x_wconf 76' lang='lat' dir='ltr'><strong>lt</strong></span> <span class='ocrx_word' id='word_1_153' title='bbox 121 2864 154 2917; x_wconf 87' lang='lat' dir='ltr'><strong>ut</strong></span> <span class='ocrx_word' id='word_1_154' title='bbox 169 2875 272 2919; x_wconf 90' lang='lat' dir='ltr'><strong>eorum</strong></span> <span class='ocrx_word' id='word_1_155' title='bbox 285 2854 626 2920; x_wconf 83' lang='lat' dir='ltr'><strong>uimuullaeeoutextae</strong></span> <span class='ocrx_word' id='word_1_156' title='bbox 642 2855 800 2919; x_wconf 88' lang='lat' dir='ltr'><strong>uimiuibus</strong></span> <span class='ocrx_word' id='word_1_157' title='bbox 817 2855 924 2918; x_wconf 90' lang='lat' dir='ltr'><strong>uineae</strong></span> <span class='ocrx_word' id='word_1_158' title='bbox 940 2854 1090 2917; x_wconf 88' lang='lat' dir='ltr'><strong>sustinere</strong></span> <span class='ocrx_word' id='word_1_159' title='bbox 1107 2864 1239 2935; x_wconf 89' lang='lat' dir='ltr'><strong>possent.</strong></span> 
     </span>
     <span class='ocr_line' id='line_1_21' title="bbox 120 2952 1278 3042; baseline -0.002 -22"><span class='ocrx_word' id='word_1_160' title='bbox 120 2959 252 3022; x_wconf 80' lang='lat' dir='ltr'><strong>Asseros</strong></span> <span class='ocrx_word' id='word_1_161' title='bbox 267 2958 347 3021; x_wconf 87' lang='lat' dir='ltr'><strong>enim</strong></span> <span class='ocrx_word' id='word_1_162' title='bbox 363 2959 466 3042; x_wconf 86' lang='lat' dir='ltr'><strong>pedum</strong></span> <span class='ocrx_word' id='word_1_163' title='bbox 482 2969 532 3022; x_wconf 87' lang='lat' dir='ltr'><strong>xtt</strong></span> <span class='ocrx_word' id='word_1_164' title='bbox 548 2957 717 3041; x_wconf 82' lang='lat' dir='ltr'><strong>cuspidibus</strong></span> <span class='ocrx_word' id='word_1_165' title='bbox 734 2959 859 3042; x_wconf 88' lang='lat' dir='ltr'><strong>praefixi</strong></span> <span class='ocrx_word' id='word_1_166' title='bbox 875 2968 964 3039; x_wconf 90' lang='lat' dir='ltr'><strong>atque</strong></span> <span class='ocrx_word' id='word_1_167' title='bbox 980 2955 1008 3017; x_wconf 94' lang='lat' dir='ltr'><strong>bi</strong></span> <span class='ocrx_word' id='word_1_168' title='bbox 1025 2953 1163 3016; x_wconf 79' lang='lat' dir='ltr'><strong>maximis</strong></span> <span class='ocrx_word' id='word_1_169' title='bbox 1179 2952 1278 3018; x_wconf 79' lang='lat' dir='ltr'><strong>bal-2</strong></span> 
     </span>
     <span class='ocr_line' id='line_1_22' title="bbox 121 3052 1276 3145; baseline -0.005 -21"><span class='ocrx_word' id='word_1_170' title='bbox 121 3059 200 3124; x_wconf 88' lang='lat' dir='ltr'><strong>lintis</strong></span> <span class='ocrx_word' id='word_1_171' title='bbox 215 3061 298 3124; x_wconf 85' lang='lat' dir='ltr'><strong>missi</strong></span> <span class='ocrx_word' id='word_1_172' title='bbox 315 3080 370 3145; x_wconf 86' lang='lat' dir='ltr'><strong>per</strong></span> <span class='ocrx_word' id='word_1_173' title='bbox 385 3071 432 3123; x_wconf 88' lang='lat' dir='ltr'><strong>llll</strong></span> <span class='ocrx_word' id='word_1_174' title='bbox 448 3061 569 3124; x_wconf 86' lang='lat' dir='ltr'><strong>ordines</strong></span> <span class='ocrx_word' id='word_1_175' title='bbox 593 3059 718 3122; x_wconf 83' lang='lat' dir='ltr'><strong>cratium</strong></span> <span class='ocrx_word' id='word_1_176' title='bbox 742 3063 773 3123; x_wconf 90' lang='lat' dir='ltr'><strong>in</strong></span> <span class='ocrx_word' id='word_1_177' title='bbox 791 3071 872 3122; x_wconf 90' lang='lat' dir='ltr'><strong>terra</strong></span> <span class='ocrx_word' id='word_1_178' title='bbox 888 3058 1103 3140; x_wconf 86' lang='lat' dir='ltr'><strong>deligebantur.</strong></span> <span class='ocrx_word' id='word_1_179' title='bbox 1135 3052 1276 3137; x_wconf 70' lang='lat' dir='ltr'><strong>Itaqueb</strong></span> 
     </span>
    </p>

    <p class='ocr_par' dir='ltr' id='par_1_17' title="bbox 122 3159 1277 3350">
     <span class='ocr_line' id='line_1_23' title="bbox 122 3159 1242 3246; baseline -0.003 -22"><span class='ocrx_word' id='word_1_180' title='bbox 122 3161 275 3246; x_wconf 86' lang='lat' dir='ltr'><strong>pedalibus</strong></span> <span class='ocrx_word' id='word_1_181' title='bbox 299 3163 389 3246; x_wconf 87' lang='lat' dir='ltr'><strong>liguis</strong></span> <span class='ocrx_word' id='word_1_182' title='bbox 413 3162 579 3227; x_wconf 83' lang='lat' dir='ltr'><strong>coniunctis</strong></span> <span class='ocrx_word' id='word_1_183' title='bbox 601 3161 680 3223; x_wconf 90' lang='lat' dir='ltr'><strong>inter</strong></span> <span class='ocrx_word' id='word_1_184' title='bbox 702 3182 736 3224; x_wconf 88' lang='lat' dir='ltr'><strong>se</strong></span> <span class='ocrx_word' id='word_1_185' title='bbox 751 3161 884 3244; x_wconf 85' lang='lat' dir='ltr'><strong>porticus</strong></span> <span class='ocrx_word' id='word_1_186' title='bbox 901 3159 1129 3242; x_wconf 86' lang='lat' dir='ltr'><strong>iutegebantur‚</strong></span> <span class='ocrx_word' id='word_1_187' title='bbox 1154 3168 1242 3241; x_wconf 87' lang='lat' dir='ltr'><strong>atque</strong></span> 
     </span>
     <span class='ocr_line' id='line_1_24' title="bbox 123 3258 1277 3350; baseline -0.005 -23"><span class='ocrx_word' id='word_1_188' title='bbox 123 3266 178 3328; x_wconf 82' lang='lat' dir='ltr'><strong>laao</strong></span> <span class='ocrx_word' id='word_1_189' title='bbox 193 3286 287 3350; x_wconf 80' lang='lat' dir='ltr'><strong>agger</strong></span> <span class='ocrx_word' id='word_1_190' title='bbox 300 3266 380 3329; x_wconf 90' lang='lat' dir='ltr'><strong>iuter</strong></span> <span class='ocrx_word' id='word_1_191' title='bbox 402 3286 507 3329; x_wconf 91' lang='lat' dir='ltr'><strong>manus</strong></span> <span class='ocrx_word' id='word_1_192' title='bbox 532 3263 748 3348; x_wconf 76' lang='lat' dir='ltr'><strong>proferebatur.</strong></span> <span class='ocrx_word' id='word_1_193' title='bbox 781 3261 987 3326; x_wconf 83' lang='lat' dir='ltr'><strong>Antecedebat</strong></span> <span class='ocrx_word' id='word_1_194' title='bbox 1001 3261 1119 3325; x_wconf 89' lang='lat' dir='ltr'><strong>testudo</strong></span> <span class='ocrx_word' id='word_1_195' title='bbox 1135 3260 1239 3345; x_wconf 92' lang='lat' dir='ltr'><strong>pedum</strong></span> <span class='ocrx_word' id='word_1_196' title='bbox 1255 3258 1277 3321; x_wconf 80' lang='lat' dir='ltr'><strong>t</strong></span> 
     </span>
    </p>

    <p class='ocr_par' dir='ltr' id='par_1_18' title="bbox 63 3362 1277 3554">
     <span class='ocr_line' id='line_1_25' title="bbox 63 3362 1242 3450; baseline -0.008 -18"><span class='ocrx_word' id='word_1_197' title='bbox 63 3377 98 3432; x_wconf 78' lang='lat'><strong>20</strong></span> <span class='ocrx_word' id='word_1_198' title='bbox 121 3377 169 3430; x_wconf 83' lang='lat' dir='ltr'><strong>Lx</strong></span> <span class='ocrx_word' id='word_1_199' title='bbox 184 3368 329 3450; x_wconf 89' lang='lat' dir='ltr'><strong>aequandi</strong></span> <span class='ocrx_word' id='word_1_200' title='bbox 345 3369 403 3433; x_wconf 86' lang='lat' dir='ltr'><strong>lori</strong></span> <span class='ocrx_word' id='word_1_201' title='bbox 427 3388 518 3431; x_wconf 90' lang='lat' dir='ltr'><strong>causa</strong></span> <span class='ocrx_word' id='word_1_202' title='bbox 534 3369 612 3430; x_wconf 83' lang='lat' dir='ltr'><strong>lacta</strong></span> <span class='ocrx_word' id='word_1_203' title='bbox 627 3367 699 3430; x_wconf 87' lang='lat' dir='ltr'><strong>item</strong></span> <span class='ocrx_word' id='word_1_204' title='bbox 715 3388 756 3430; x_wconf 84' lang='lat' dir='ltr'><strong>ex</strong></span> <span class='ocrx_word' id='word_1_205' title='bbox 772 3365 941 3429; x_wconf 77' lang='lat' dir='ltr'><strong>fortissimis</strong></span> <span class='ocrx_word' id='word_1_206' title='bbox 958 3366 1064 3449; x_wconf 80' lang='lat' dir='ltr'><strong>liguis,</strong></span> <span class='ocrx_word' id='word_1_207' title='bbox 1082 3362 1242 3425; x_wconf 84' lang='lat' dir='ltr'><strong>eorruolnta</strong></span> 
     </span>
     <span class='ocr_line' id='line_1_26' title="bbox 122 3460 1277 3554; baseline -0.006 -21"><span class='ocrx_word' id='word_1_208' title='bbox 122 3468 259 3534; x_wconf 88' lang='lat' dir='ltr'><strong>omnibus</strong></span> <span class='ocrx_word' id='word_1_209' title='bbox 273 3470 374 3550; x_wconf 90' lang='lat' dir='ltr'><strong>rebus,</strong></span> <span class='ocrx_word' id='word_1_210' title='bbox 393 3471 498 3554; x_wconf 89' lang='lat' dir='ltr'><strong>quibus</strong></span> <span class='ocrx_word' id='word_1_211' title='bbox 514 3469 591 3554; x_wconf 82' lang='lat' dir='ltr'><strong>iguis</strong></span> <span class='ocrx_word' id='word_1_212' title='bbox 607 3470 703 3533; x_wconf 86' lang='lat' dir='ltr'><strong>iactus</strong></span> <span class='ocrx_word' id='word_1_213' title='bbox 720 3479 748 3532; x_wconf 91' lang='lat' dir='ltr'><strong>et</strong></span> <span class='ocrx_word' id='word_1_214' title='bbox 763 3468 876 3553; x_wconf 90' lang='lat' dir='ltr'><strong>lapides</strong></span> <span class='ocrx_word' id='word_1_215' title='bbox 890 3468 1007 3532; x_wconf 84' lang='lat' dir='ltr'><strong>delendi</strong></span> <span class='ocrx_word' id='word_1_216' title='bbox 1023 3474 1160 3552; x_wconf 87' lang='lat' dir='ltr'><strong>possent.</strong></span> <span class='ocrx_word' id='word_1_217' title='bbox 1181 3460 1242 3527; x_wconf 86' lang='lat' dir='ltr'><strong>Sed</strong></span> <span class='ocrx_word' id='word_1_218' title='bbox 1257 3460 1277 3526; x_wconf 83' lang='lat'><strong>5</strong></span> 
     </span>
    </p>

    <p class='ocr_par' dir='ltr' id='par_1_19' title="bbox 120 3571 1278 3753">
     <span class='ocr_line' id='line_1_27' title="bbox 120 3571 1242 3657; baseline -0.008 -20"><span class='ocrx_word' id='word_1_219' title='bbox 120 3573 294 3656; x_wconf 82' lang='lat' dir='ltr'><strong>magnitudo</strong></span> <span class='ocrx_word' id='word_1_220' title='bbox 303 3594 438 3657; x_wconf 90' lang='lat' dir='ltr'><strong>operum,</strong></span> <span class='ocrx_word' id='word_1_221' title='bbox 456 3573 580 3635; x_wconf 90' lang='lat' dir='ltr'><strong>altitudo</strong></span> <span class='ocrx_word' id='word_1_222' title='bbox 590 3572 666 3635; x_wconf 89' lang='lat' dir='ltr'><strong>muri</strong></span> <span class='ocrx_word' id='word_1_223' title='bbox 676 3582 764 3654; x_wconf 86' lang='lat' dir='ltr'><strong>atque</strong></span> <span class='ocrx_word' id='word_1_224' title='bbox 780 3572 919 3648; x_wconf 88' lang='lat' dir='ltr'><strong>turrium,</strong></span> <span class='ocrx_word' id='word_1_225' title='bbox 937 3571 1094 3633; x_wconf 90' lang='lat' dir='ltr'><strong>multitudo</strong></span> <span class='ocrx_word' id='word_1_226' title='bbox 1110 3579 1242 3631; x_wconf 89' lang='lat' dir='ltr'><strong>tormen-</strong></span> 
     </span>
     <span class='ocr_line' id='line_1_28' title="bbox 125 3666 1278 3753; baseline -0.005 -15"><span class='ocrx_word' id='word_1_227' title='bbox 125 3686 221 3739; x_wconf 89' lang='lat' dir='ltr'><strong>torum</strong></span> <span class='ocrx_word' id='word_1_228' title='bbox 238 3697 354 3740; x_wconf 91' lang='lat' dir='ltr'><strong>omnem</strong></span> <span class='ocrx_word' id='word_1_229' title='bbox 372 3675 659 3739; x_wconf 87' lang='lat' dir='ltr'><strong>administrationem</strong></span> <span class='ocrx_word' id='word_1_230' title='bbox 676 3673 823 3736; x_wconf 84' lang='lat' dir='ltr'><strong>tardabat.</strong></span> <span class='ocrx_word' id='word_1_231' title='bbox 865 3668 1000 3736; x_wconf 83' lang='lat' dir='ltr'><strong>Crebrae</strong></span> <span class='ocrx_word' id='word_1_232' title='bbox 1017 3671 1105 3733; x_wconf 91' lang='lat' dir='ltr'><strong>etiam</strong></span> <span class='ocrx_word' id='word_1_233' title='bbox 1121 3689 1174 3753; x_wconf 89' lang='lat' dir='ltr'><strong>per</strong></span> <span class='ocrx_word' id='word_1_234' title='bbox 1188 3666 1278 3732; x_wconf 62' lang='lat' dir='ltr'><strong>abl-6</strong></span> 
     </span>
    </p>
   </div>
   <div class='ocr_carea' id='block_1_8' title="bbox 123 3819 1245 4353">
    <p class='ocr_par' dir='ltr' id='par_1_20' title="bbox 123 3819 1245 4353">
     <span class='ocr_line' id='line_1_29' title="bbox 232 3819 1134 3890; baseline -0.011 -16"><span class='ocrx_word' id='word_1_235' title='bbox 232 3824 325 3890; x_wconf 84' lang='lat' dir='ltr'><strong>lucipit</strong></span> <span class='ocrx_word' id='word_1_236' title='bbox 336 3824 404 3875; x_wconf 89' lang='lat' dir='ltr'><strong>liber</strong></span> <span class='ocrx_word' id='word_1_237' title='bbox 415 3822 546 3873; x_wconf 85' lang='lat' dir='ltr'><strong>secundus</strong></span> <span class='ocrx_word' id='word_1_238' title='bbox 559 3821 675 3872; x_wconf 84' lang='lat' dir='ltr'><strong>eiusdem</strong></span> <span class='ocrx_word' id='word_1_239' title='bbox 689 3821 811 3886; x_wconf 79' lang='lat' dir='ltr'><strong>operior.</strong></span> <span class='ocrx_word' id='word_1_240' title='bbox 918 3819 1041 3882; x_wconf 78' lang='lat' dir='ltr'><strong>llegntua</strong></span> <span class='ocrx_word' id='word_1_241' title='bbox 1050 3831 1102 3866; x_wconf 88' lang='lat' dir='ltr'><strong>om.</strong></span> <span class='ocrx_word' id='word_1_242' title='bbox 1111 3832 1134 3866; x_wconf 89' lang='lat' dir='ltr'><strong>o.</strong></span> 
     </span>
     <span class='ocr_line' id='line_1_30' title="bbox 123 3893 1243 3969; baseline -0.007 -16"><span class='ocrx_word' id='word_1_243' title='bbox 123 3903 141 3954; x_wconf 73' lang='lat' dir='ltr'><strong>d</strong></span> <span class='ocrx_word' id='word_1_244' title='bbox 154 3908 230 3969; x_wconf 91' lang='lat' dir='ltr'><strong>portu</strong></span> <span class='ocrx_word' id='word_1_245' title='bbox 244 3902 269 3952; x_wconf 86' lang='lat' dir='ltr'><strong>b.</strong></span> <span class='ocrx_word' id='word_1_246' title='bbox 374 3915 440 3965; x_wconf 83' lang='lat' dir='ltr'><strong>quae</strong></span> <span class='ocrx_word' id='word_1_247' title='bbox 454 3907 496 3949; x_wconf 86' lang='lat' dir='ltr'><strong>est</strong></span> <span class='ocrx_word' id='word_1_248' title='bbox 507 3916 534 3949; x_wconf 89' lang='lat' dir='ltr'><strong>o.</strong></span> <span class='ocrx_word' id='word_1_249' title='bbox 651 3899 666 3947; x_wconf 89' lang='lat'>5</span> <span class='ocrx_word' id='word_1_250' title='bbox 680 3898 784 3947; x_wconf 82' lang='lat' dir='ltr'><strong>adiuret</strong></span> <span class='ocrx_word' id='word_1_251' title='bbox 796 3912 845 3962; x_wconf 76' lang='lat' dir='ltr'><strong>ego</strong></span> <span class='ocrx_word' id='word_1_252' title='bbox 854 3915 862 3959; x_wconf 89' lang='lat'><strong>‚·</strong></span> <span class='ocrx_word' id='word_1_253' title='bbox 877 3897 960 3960; x_wconf 77' lang='lat' dir='ltr'><strong>adigit</strong></span> <span class='ocrx_word' id='word_1_254' title='bbox 972 3893 1060 3956; x_wconf 77' lang='lat' dir='ltr'><strong>codd,</strong></span> <span class='ocrx_word' id='word_1_255' title='bbox 1076 3897 1131 3944; x_wconf 78' lang='lat' dir='ltr'><strong>nisa·</strong></span> <span class='ocrx_word' id='word_1_256' title='bbox 1142 3894 1216 3960; x_wconf 78' lang='lat' dir='ltr'><strong>qnod</strong></span> <span class='ocrx_word' id='word_1_257' title='bbox 1226 3910 1243 3944; x_wconf 84' lang='lat' dir='ltr'><strong>a</strong></span> 
     </span>
     <span class='ocr_line' id='line_1_31' title="bbox 123 3971 1241 4040; baseline -0.007 -9"><span class='ocrx_word' id='word_1_258' title='bbox 123 3986 189 4031; x_wconf 83' lang='lat' dir='ltr'><strong>anto</strong></span> <span class='ocrx_word' id='word_1_259' title='bbox 201 3994 273 4031; x_wconf 85' lang='lat' dir='ltr'><strong>oorr.</strong></span> <span class='ocrx_word' id='word_1_260' title='bbox 288 3978 367 4040; x_wconf 65' lang='lat' dir='ltr'><strong>adsit.</strong></span> <span class='ocrx_word' id='word_1_261' title='bbox 383 3978 413 4027; x_wconf 85' lang='grc' dir='ltr'><strong>Ρ.</strong></span> <span class='ocrx_word' id='word_1_262' title='bbox 429 3977 487 4027; x_wconf 79' lang='lat' dir='ltr'><strong>tto.</strong></span> <span class='ocrx_word' id='word_1_263' title='bbox 611 3974 722 4023; x_wconf 84' lang='lat' dir='ltr'><strong>bostium</strong></span> <span class='ocrx_word' id='word_1_264' title='bbox 735 3991 762 4023; x_wconf 86' lang='lat' dir='ltr'><strong>a.</strong></span> <span class='ocrx_word' id='word_1_265' title='bbox 885 3973 997 4025; x_wconf 76' lang='lat' dir='ltr'><strong>fatribus</strong></span> <span class='ocrx_word' id='word_1_266' title='bbox 1010 3989 1042 4023; x_wconf 83' lang='lat' dir='ltr'><strong>ex</strong></span> <span class='ocrx_word' id='word_1_267' title='bbox 1057 3975 1130 4023; x_wconf 67' lang='lat' dir='ltr'><strong>‘man</strong></span> <span class='ocrx_word' id='word_1_268' title='bbox 1145 3978 1171 4023; x_wconf 82' lang='lat' dir='ltr'><strong>et</strong></span> <span class='ocrx_word' id='word_1_269' title='bbox 1182 3971 1241 4023; x_wconf 81' lang='lat' dir='ltr'><strong>odd.</strong></span> 
     </span>
     <span class='ocr_line' id='line_1_32' title="bbox 124 4050 1243 4126; baseline -0.013 -14"><span class='ocrx_word' id='word_1_270' title='bbox 124 4060 199 4126; x_wconf 64' lang='lat' dir='ltr'><strong>qdd!</strong></span> <span class='ocrx_word' id='word_1_271' title='bbox 304 4058 420 4107; x_wconf 89' lang='lat' dir='ltr'><strong>adluitur</strong></span> <span class='ocrx_word' id='word_1_272' title='bbox 431 4072 458 4104; x_wconf 85' lang='lat' dir='ltr'><strong>a.</strong></span> <span class='ocrx_word' id='word_1_273' title='bbox 576 4053 591 4103; x_wconf 85' lang='grc'><strong>7</strong></span> <span class='ocrx_word' id='word_1_274' title='bbox 604 4054 636 4102; x_wconf 91' lang='lat' dir='ltr'><strong>ob</strong></span> <span class='ocrx_word' id='word_1_275' title='bbox 648 4060 719 4102; x_wconf 87' lang='lat' dir='ltr'><strong>terra</strong></span> <span class='ocrx_word' id='word_1_276' title='bbox 732 4069 757 4116; x_wconf 86' lang='lat' dir='ltr'><strong>a,</strong></span> <span class='ocrx_word' id='word_1_277' title='bbox 772 4053 804 4103; x_wconf 90' lang='lat' dir='ltr'><strong>ud</strong></span> <span class='ocrx_word' id='word_1_278' title='bbox 818 4062 914 4104; x_wconf 89' lang='lat' dir='ltr'><strong>terram</strong></span> <span class='ocrx_word' id='word_1_279' title='bbox 928 4070 997 4104; x_wconf 80' lang='lat' dir='ltr'><strong>nnus</strong></span> <span class='ocrx_word' id='word_1_280' title='bbox 1010 4054 1066 4104; x_wconf 74' lang='lat' dir='ltr'><strong>aar.</strong></span> <span class='ocrx_word' id='word_1_281' title='bbox 1081 4059 1110 4103; x_wconf 82' lang='lat' dir='ltr'><strong>ot</strong></span> <span class='ocrx_word' id='word_1_282' title='bbox 1123 4052 1148 4102; x_wconf 78' lang='lat' dir='ltr'><strong>‘b</strong></span> <span class='ocrx_word' id='word_1_283' title='bbox 1162 4050 1225 4100; x_wconf 80' lang='lat' dir='ltr'><strong>nlr&#39;i’</strong></span> <span class='ocrx_word' id='word_1_284' title='bbox 1233 4067 1243 4112; x_wconf 84' lang='lat'><strong>,-</strong></span> 
     </span>
     <span class='ocr_line' id='line_1_33' title="bbox 125 4126 1245 4187; baseline -0.011 -1"><span class='ocrx_word' id='word_1_285' title='bbox 125 4143 225 4186; x_wconf 81' lang='lat' dir='ltr'><strong>eterra</strong></span> <span class='ocrx_word' id='word_1_286' title='bbox 240 4150 267 4187; x_wconf 79' lang='lat' dir='ltr'><strong>o.</strong></span> <span class='ocrx_word' id='word_1_287' title='bbox 371 4129 693 4185; x_wconf 80' lang='lat' dir='ltr'><strong>lleuoeatCinrronr&#39;ur.</strong></span> <span class='ocrx_word' id='word_1_288' title='bbox 801 4131 981 4183; x_wconf 73' lang='lat' dir='ltr'><strong>lbeutruitn.</strong></span> <span class='ocrx_word' id='word_1_289' title='bbox 1087 4126 1245 4180; x_wconf 80' lang='lat' dir='ltr'><strong>lbballiatis</strong></span> 
     </span>
     <span class='ocr_line' id='line_1_34' title="bbox 125 4204 1245 4276; baseline -0.007 -15"><span class='ocrx_word' id='word_1_290' title='bbox 125 4213 176 4276; x_wconf 81' lang='lat' dir='ltr'><strong>(o),</strong></span> <span class='ocrx_word' id='word_1_291' title='bbox 192 4228 245 4262; x_wconf 85' lang='lat' dir='ltr'><strong>uon</strong></span> <span class='ocrx_word' id='word_1_292' title='bbox 259 4211 372 4262; x_wconf 88' lang='lat' dir='ltr'><strong>balistis.</strong></span> <span class='ocrx_word' id='word_1_293' title='bbox 477 4208 510 4261; x_wconf 80' lang='lat'><strong>20</strong></span> <span class='ocrx_word' id='word_1_294' title='bbox 524 4207 664 4257; x_wconf 87' lang='lat' dir='ltr'><strong>conuoluta</strong></span> <span class='ocrx_word' id='word_1_295' title='bbox 675 4221 728 4271; x_wconf 85' lang='lat' dir='ltr'><strong>nr,</strong></span> <span class='ocrx_word' id='word_1_296' title='bbox 743 4207 849 4259; x_wconf 85' lang='lat' dir='ltr'><strong>euoluta</strong></span> <span class='ocrx_word' id='word_1_297' title='bbox 860 4208 969 4273; x_wconf 78' lang='lat' dir='ltr'><strong>reliqui.</strong></span> <span class='ocrx_word' id='word_1_298' title='bbox 1091 4207 1124 4261; x_wconf 79' lang='lat'><strong>23</strong></span> <span class='ocrx_word' id='word_1_299' title='bbox 1137 4204 1245 4255; x_wconf 86' lang='lat' dir='ltr'><strong>orebruo</strong></span> 
     </span>
     <span class='ocr_line' id='line_1_35' title="bbox 127 4284 591 4353; baseline -0.013 -13"><span class='ocrx_word' id='word_1_300' title='bbox 127 4290 206 4340; x_wconf 87' lang='lat' dir='ltr'><strong>etium</strong></span> <span class='ocrx_word' id='word_1_301' title='bbox 219 4303 278 4353; x_wconf 79' lang='lat' dir='ltr'><strong>rgo,</strong></span> <span class='ocrx_word' id='word_1_302' title='bbox 293 4288 401 4340; x_wconf 81' lang='lat' dir='ltr'><strong>crebrae</strong></span> <span class='ocrx_word' id='word_1_303' title='bbox 413 4292 500 4337; x_wconf 73' lang='lat' dir='ltr'><strong>munao</strong></span> <span class='ocrx_word' id='word_1_304' title='bbox 514 4284 591 4335; x_wconf 78' lang='lat' dir='ltr'><strong>codd.</strong></span> 
     </span>
    </p>
   </div>
   <div class='ocr_carea' id='block_1_9' title="bbox 0 0 1360 4688">
    <p class='ocr_par' dir='ltr' id='par_1_21' title="bbox 0 0 1360 4688">
     <span class='ocr_line' id='line_1_36' title="bbox 0 0 1360 4688; baseline 0 0"><span class='ocrx_word' id='word_1_305' title='bbox 0 0 1360 4688; x_wconf 95' lang='lat' dir='ltr'><strong> </strong></span> 
     </span>
    </p>
   </div>
  </div>
 </body>
</html>
