2692 4688
488 156 674 227 connv
696 155 791 227 cnr.
809 158 919 228 a-o.
948 110 952 123 ’
1254 158 1317 228 ιιι

141 339 314 408 uenturum,
322 349 393 393 suas
402 330 590 414 ciuitatisque
597 333 732 396 fortunas
741 331 805 397 eiua
815 331 880 396 ddei
890 331 1115 416 permissurum.
1127 326 1256 411 Caesar,
1272 330 1296 401 4

142 432 199 498 etsi
214 431 419 515 intellegebat,
437 455 494 515 qun
511 434 546 497 de
563 454 653 497 eausa
669 454 705 498 ea
721 434 903 511 dicerentur,
922 454 1056 517 quaeque
1072 456 1138 499 cnm
1154 456 1206 498 res
1221 434 1259 500 ab

140 535 279 600 instituto
294 535 420 599 consilio
437 536 619 613 deterreret,
637 546 747 615 tamen,
765 558 803 601 ne
819 547 965 600 aestatem
981 536 1011 599 in
1028 534 1174 602 Treueris
1190 558 1261 602 cott-

139 656 258 703 enmere
274 648 434 720 cogeretur
449 638 585 702 omnibus
600 640 637 702 ad
652 636 858 702 Britannicum
879 637 987 701 bellum
1010 638 1100 702 rebus
1116 659 1261 723 conpart-

104 755 120 805 5
145 741 195 818 tis,
211 735 447 803 Indutiomarum
464 741 500 803 ad
516 761 549 804 se
565 762 629 804 cum
647 751 687 803 cc
703 741 855 804 obsidibus
871 741 976 804 uenire
991 740 1090 804 iussit.
1136 739 1194 806 llis
1209 741 1297 807 ard-2

141 842 258 920 ductis,
281 841 371 906 iniis
394 841 453 905 lilio
477 843 707 926 propinquisque
729 844 793 907 eius
809 843 965 921 omnibus,
990 866 1065 927 quos
1088 845 1261 909 nominatior

142 953 342 1023 euocauerat,
366 946 538 1009 consolatus
553 942 786 1010 Indutiomarum
810 946 1005 1029 hortatusque
1020 958 1079 1021 est,
1097 947 1139 1011 uti
1153 947 1186 1010 in
1200 947 1262 1011 otu-

141 1047 188 1112 oio
210 1056 366 1124 maneret3
390 1045 483 1111 nihilo
507 1057 605 1111 tamen
622 1048 721 1111 secius
744 1047 924 1131 principibus
947 1048 1151 1112 Treuerorum
1168 1050 1206 1113 ad
1226 1048 1297 1115 ted

142 1148 316 1213 conuocatis
332 1148 385 1213 bos
394 1149 565 1232 singillatim
574 1145 764 1235 Cingetorigi
779 1149 963 1224 conciliauit,
980 1151 1057 1233 quod
1073 1172 1139 1214 cum
1155 1152 1262 1217 merito

83 1262 117 1315 to
140 1251 207 1316 eiua
221 1271 240 1315 a
253 1271 287 1315 se
301 1251 367 1315 beri
381 1251 593 1335 intellegebat,
617 1261 678 1315 tum
699 1253 798 1335 magni
815 1253 964 1316 interesse
979 1252 1182 1318 arbitrabatur
1196 1255 1262 1319 eius

141 1353 352 1419 auctoritatem
367 1353 527 1419 intersuos
537 1375 623 1438 quam
633 1355 788 1439 plurimum
801 1356 914 1434 ualere,
932 1355 1016 1419 cuius
1032 1366 1092 1418 tam
1109 1357 1262 1440 egregiam

141 1456 172 1520 in
187 1476 223 1520 sc
237 1454 420 1520 uoluntatem
431 1458 649 1541 perspexisset.
673 1454 707 1520 ld
724 1457 791 1521 tulit
805 1459 913 1520 facturn
930 1459 1065 1540 grauiter
1077 1453 1298 1523 tudunum-4

141 1579 212 1637 rue,
236 1578 320 1623 tuam
335 1559 461 1645 gratiam
477 1561 558 1624 iuter
571 1581 643 1624 suos
659 1560 769 1638 minui,
794 1570 841 1637 et,
868 1560 916 1643 qui
932 1561 990 1624 iarn
1006 1571 1078 1624 ante
1093 1560 1214 1625 inimico
1228 1561 1262 1626 in

141 1681 196 1725 nos
211 1661 312 1726 animo
327 1661 444 1740 fuisset,
461 1662 553 1726 multo
569 1651 690 1746 grauius
706 1661 761 1725 boc
777 1663 878 1726 dolore
894 1663 1022 1726 exarsit.

85 1775 120 1827 1⁵
226 1761 286 1828 llis
301 1762 393 1828 rebus
408 1766 579 1828 constitutis
595 1759 712 1829 Caesar
727 1765 764 1828 ad
781 1776 896 1849 portum
906 1762 994 1828 ltinm
1010 1786 1078 1829 cum
1092 1764 1261 1848 legionibus
1275 1765 1298 1835 5

142 1865 292 1950 peruenit.
329 1861 375 1929 Ibi
399 1867 553 1950 cognoscit
574 1877 622 1930 Lx
636 1888 750 1945 naues,
774 1887 848 1948 quae
871 1867 902 1930 in
918 1864 1029 1931 Meldis
1051 1869 1147 1932 luctae
1162 1865 1299 1945 erant,2

143 1978 322 2052 tempestate
335 1970 465 2035 reiectas
481 1990 601 2033 cursum
617 1980 719 2033 tencre
736 1990 796 2032 non
812 1969 1049 2052 potuissentque
1064 1971 1189 2048 eodem,
1207 1990 1262 2033 un·

144 2071 289 2134 deerant
308 2072 475 2155 protectae,
497 2071 678 2151 reuertisse3
704 2071 834 2153 reliquas
858 2081 979 2153 paratas
1002 2072 1038 2134 ad
1060 2072 1261 2156 nauigandum

142 2182 235 2256 atque
251 2172 385 2238 omuibus
397 2174 488 2239 rebus
504 2174 665 2238 instructas
687 2173 814 2236 inuenit.
859 2170 975 2234 Eodem
998 2173 1148 2253 equitatus
1172 2171 1297 2236 totiusd

82 2285 120 2342 w
142 2272 263 2340 Galliae
278 2275 418 2340 conuenit
432 2296 558 2340 numero
569 2277 680 2340 milium
690 2285 833 2360 quattuor
847 2273 1055 2359 principesque
1071 2293 1111 2335 ex
1126 2273 1262 2337 omnibus

146 2377 333 2457 ciuitatibus3
350 2399 392 2442 ex
407 2379 513 2461 quibus
529 2400 705 2463 perpaucos,
724 2400 847 2461 quorum
864 2379 895 2441 iu
908 2397 941 2441 se
957 2377 1041 2440 bdem
1051 2385 1261 2460 perspexerat,
1278 2374 1299 2439 t

143 2479 315 2564 relinquere
330 2481 361 2544 iu
377 2479 495 2561 Gallia,
519 2483 652 2566 reliquos
673 2482 807 2545 obsidum
831 2482 897 2544 loco
918 2501 1019 2544 secum
1035 2479 1144 2542 ducere
1160 2478 1263 2543 decre·

143 2593 249 2660 uerat,
266 2585 363 2668 quod,
380 2605 447 2648 cum
463 2585 526 2668 ipse
542 2584 680 2662 abesset,
704 2595 815 2648 motum
832 2580 949 2647 Galliae
964 2582 1137 2646 uerebatur.
1185 2579 1261 2647 Erat
1275 2580 1298 2651 b

144 2706 204 2751 una
218 2706 284 2749 cum
301 2687 412 2750 ceteris
427 2684 599 2750 Dumnorix
615 2685 769 2764 Haeduus,
787 2688 824 2750 do
840 2708 898 2769 quo
913 2684 1034 2764 auteab
1052 2685 1137 2772 uobis
1153 2685 1264 2748 dictum

84 2798 120 2851 25
143 2798 201 2852 est.
236 2786 322 2852 llono
344 2810 445 2853 secum
469 2789 578 2854 babere
600 2791 631 2852 in
655 2789 757 2875 primis
780 2790 989 2864 constituerat,
1008 2787 1085 2869 quod
1102 2807 1168 2849 curn
1183 2785 1265 2869 cupi·

146 2889 215 2953 dum
230 2910 499 2970 rerumnouarum,
517 2892 654 2976 cupidum
669 2891 797 2976 imperii,
816 2892 914 2975 magni
930 2890 1034 2968 animi,
1051 2886 1266 2972 magnaeinter

255 3062 268 3115 1
283 3070 430 3127 uenturum,
445 3060 543 3115 snas'B
558 3066 630 3116 ‘men
646 3065 724 3133 longe
733 3065 877 3133 plur't'mi'3
892 3071 1028 3114 uenturum
1042 3068 1069 3113 et
1081 3077 1142 3113 suas
1156 3077 1183 3112 ιι.

146 3139 198 3192 flde
211 3141 236 3192 b.
342 3144 422 3209 tqua
436 3143 466 3194 de
480 3158 559 3194 causa
571 3143 635 3196 baec
650 3144 802 3194 dicebantur
815 3143 839 3192 b.
956 3155 1055 3207 quaeue
1069 3155 1125 3190 euin
1140 3141 1169 3203 b,
1185 3152 1265 3206 qnae·

145 3219 436 3284 cnmqneeumBCl).
541 3219 694 3272 b'lreueris
707 3221 740 3270 B.
856 3217 1042 3269 lBritoaicum
1056 3217 1087 3266 B.
1205 3229 1265 3266 con·

145 3296 293 3364 parntisB.
399 3297 700 3352 bludnciomarnmllu.
806 3297 924 3349 ducentis
938 3297 997 3364 (B).
1101 3294 1266 3345 iisoddoctis

145 3375 288 3442 m.pr.B.
392 3376 537 3429 diubisa.
654 3375 841 3429 filiisabcde.
958 3374 1264 3440 ilndntiomurumffl),

145 3449 353 3506 induciomarum
366 3470 394 3507 ιι.
499 3464 540 3507 est
553 3473 605 3507 om.
621 3458 646 3508 b.
751 3457 767 3508 8
781 3462 898 3506 maneret
912 3455 999 3506 ABG
1008 3471 1022 3504 e
1036 3455 1148 3519 ‘alitque
1162 3454 1197 3517 ι’,
1210 3467 1267 3521 per-

145 3540 306 3584 maneretis.
410 3532 583 3586 Treuerorum
596 3536 630 3586 B.
735 3533 904 3587 boocatisb.
1016 3531 1267 3584 lbaseBetrelu‘·

147 3614 212 3677 μί,
226 3613 259 3664 ab
273 3627 303 3663 se
316 3612 390 3663 beu.
494 3611 558 3680 tum]
574 3621 658 3664 tamen
673 3613 697 3663 b.
819 3613 849 3664 ll
865 3608 1099 3677 quamplurimum]
1113 3609 1220 3660 nultum
1235 3608 1267 3660 θ.

256 3697 309 3740 tam
321 3705 374 3740 om.
388 3689 416 3740 d.
522 3690 555 3743 ta
567 3691 592 3740 id
607 3691 668 3741 tulit
681 3689 777 3740 lactum
791 3689 906 3764 grauitep
919 3687 942 3737 B
956 3688 1034 3736 ‘rnen
1048 3687 1163 3736 oliorum
1176 3689 1203 3735 et
1215 3687 1271 3735 mci

148 3765 201 3831 tt·,
215 3766 241 3818 id
255 3765 352 3817 tectum
366 3765 482 3830 grauiter
496 3766 558 3818 tulit
570 3782 619 3820 aar.
753 3756 942 3816 indutiom'nrus
954 3764 1018 3827 (B),
1034 3762 1228 3813 induciomarus
1239 3774 1267 3811 ιι.

259 3844 290 3896 lb
303 3844 442 3908 sexaginta
453 3845 488 3895 D.
625 3845 656 3896 ld
671 3844 802 3910 equitatus
815 3845 894 3894 totius
909 3836 1009 3894 Galliae
1023 3842 1046 3892 B
1059 3841 1120 3892 edd.
1132 3840 1267 3908 reliquae,

147 3920 231 3972 totius
242 3918 347 3972 Galliae
360 3922 494 3987 equitatus
505 3921 661 3986 Stephanus
674 3927 702 3971 et
712 3924 771 3971 eina
784 3924 964 3971 annotatione
976 3935 1004 3969 n.
1132 3918 1167 3974 20
1180 3933 1271 3986 perne-

149 3998 188 4047 nit
199 3997 235 4049 1).
358 4005 480 4064 quattuor
492 3998 529 4062 B,
544 4014 597 4049 non
611 4006 730 4064 quatuor.
870 3998 986 4047 omnibns
1000 4012 1032 4048 on
1046 4012 1104 4048 cum
1119 4012 1173 4047 uno
1183 3999 1271 4062 pmi-

147 4089 191 4125 nro
203 4090 233 4127 ιι.
326 4074 367 4127 'at
385 4090 481 4142 pancos
493 4077 532 4127 A.
636 4078 670 4127 at
683 4083 744 4126 unte
757 4074 789 4125 ab
804 4075 876 4125 notin
886 4076 942 4126 AB
957 4074 1097 4140 ‘plerique’
1110 4079 1152 4137 et,
1167 4075 1200 4125 de
1211 4075 1271 4137 qut·

151 4151 213 4216 bus,
228 4152 260 4203 ab
273 4168 309 4204 on
324 4167 338 4203 o
352 4153 488 4217 babeant,
502 4168 557 4203 non
570 4139 693 4215 contffl,
711 4152 781 4214 0123
796 4152 828 4201 ab
842 4151 916 4201 nobis
929 4159 1006 4202 antea
1019 4168 1047 4202 ιι.
1181 4151 1213 4202 25
1226 4149 1271 4198 ba·

146 4227 210 4279 berc
222 4230 248 4280 A
254 4229 278 4280 11
289 4229 326 4281 bo
339 4233 368 4280 ct
380 4231 408 4280 in
422 4244 509 4295 marg.
523 4228 556 4292 d;
570 4228 659 4280 babire
673 4244 725 4279 see.
741 4244 765 4277 ιιι
792 4228 816 4278 B
823 4266 831 4294 ,
846 4227 918 4278 abire
934 4228 1043 4278 CDcd.
