2692 4688
61 213 125 284 ato
462 208 545 278 ·DE
570 207 715 278 BELLO
739 207 873 279 ClVlLl

123 386 265 473 quasdam
283 394 388 447 nactus
411 383 543 447 incendit
564 394 594 448 et
613 405 701 447 uuam
725 386 874 448 frumento
889 391 1026 446 onustam
1042 378 1168 447 abduxit
1182 404 1246 448 ma·

125 508 272 575 gnumquc
295 487 406 549 nostris
429 495 575 549 terrorem
599 487 701 549 iniecit
716 497 747 549 et
762 497 852 549 noctu
868 486 1011 549 militibus
1028 506 1063 549 ac
1078 487 1246 569 sagittariis

18 656 23 665 ,
88 593 109 658 3
125 595 156 658 iu
172 603 284 655 terram
301 588 448 671 expositis
465 588 643 670 praesidium
661 589 790 672 equitum
806 589 914 652 deiecit
928 599 959 650 et
974 588 1048 651 adeo
1063 589 1122 652 loci
1139 610 1248 674 oppor-

124 694 251 758 tunitate
268 690 413 773 proiecit,
436 689 480 751 uti
496 690 532 752 ad
548 687 720 773 Pompeium
742 689 859 754 litteras
883 691 1035 768 mitteret,
1061 711 1155 755 naues
1176 692 1248 755 reli-

125 816 211 881 quas,
228 794 254 856 si
272 792 380 863 uellet,
404 791 526 854 subduci
542 801 573 854 et
587 793 669 855 retici
684 792 821 855 iuberete
846 812 899 855 sua
922 790 1020 857 classe
1042 793 1156 856 auxilia
1177 810 1247 858 sese
1269 806 1286 857 t

68 900 115 972 24
130 894 273 964 Caesaris
290 894 517 979 prohibiturum.
549 891 626 956 Erat
641 914 677 957 eu
694 905 826 978 tempore
842 894 992 958 Antonius
1003 893 1177 974 Brundisii;
1194 898 1253 982 qm·

126 1001 241 1065 uirtute
262 997 384 1060 militum
416 998 546 1060 conlisus
569 998 695 1080 scaphas
716 996 836 1059 nauium
860 1018 1034 1079 magnarum
1057 997 1180 1061 circiter
1200 1007 1249 1061 Lx

128 1101 260 1166 cratibus
284 1099 449 1183 pluteisque
472 1101 608 1163 contexit
630 1119 725 1181 eoque
741 1099 849 1162 milites
866 1099 997 1163 delectos
1012 1100 1145 1184 inposuit
1159 1110 1249 1182 atque

127 1224 179 1269 eas
194 1204 226 1265 iu
247 1202 337 1265 litore
359 1201 489 1283 pluribus
511 1202 586 1265 locis
601 1199 759 1285 separatim
777 1202 924 1285 disposuit
938 1222 1090 1285 nauesque
1108 1203 1248 1265 triremes

128 1306 222 1377 duas,
247 1324 320 1388 quas
335 1300 478 1366 Brundisi
496 1303 645 1366 iaciendas
661 1314 840 1380 curauerat,
857 1325 911 1388 per
927 1325 1047 1367 causam
1064 1304 1251 1367 exercendo·
1275 1314 1309 1369 td

88 1409 192 1479 2rum
208 1406 352 1488 remigum
368 1405 405 1469 ad
422 1407 522 1468 lauces
538 1415 640 1489 portus
657 1406 776 1489 prodire
790 1406 890 1469 iussit.
936 1405 999 1469 llas
1022 1427 1087 1468 cum
1104 1407 1248 1470 audacius

127 1528 303 1596 progressas
318 1504 396 1569 Libo
420 1507 562 1590 uidisset,
587 1528 711 1592 sperans
733 1508 870 1591 intercipi
895 1528 982 1592 posse
1005 1508 1249 1589 quadriremesv

128 1613 165 1675 ad
181 1631 232 1673 eas
248 1608 340 1672 misit.
373 1605 457 1690 Quae
473 1631 538 1671 cum
556 1609 682 1673 nauibus
699 1611 809 1673 nostris
825 1608 1128 1695 appropinquassent,
1147 1610 1246 1672 nostri

127 1712 263 1778 ueterani
278 1711 309 1774 iu
320 1722 435 1793 portum
452 1711 658 1795 refugiebant:
675 1713 718 1776 illi
733 1712 830 1776 studio
845 1711 959 1775 incitati
976 1711 1122 1774 incautius
1138 1730 1247 1793 seque·

92 1814 254 1880 dbautun
274 1811 334 1876 lam
352 1813 535 1876 exomnihus
552 1814 684 1899 partibus
700 1815 799 1878 subito
816 1812 1005 1878 Antonianae
1019 1812 1144 1896 scaphae
1160 1812 1248 1897 signo
1275 1823 1308 1877 tt

129 1920 198 1982 dato
214 1938 246 1981 se
263 1917 293 1978 io
309 1914 411 1978 hostes
427 1916 630 1979 incitauerunt
653 1917 805 2000 prinmque
827 1918 938 2001 impetu
955 1937 1042 1979 unam
1059 1936 1098 1979 ex
1113 1915 1160 1978 his
1176 1935 1248 1996 qua·
1302 1906 1311 1935 '

70 2083 72 2087 .
128 2019 284 2082 driremem
300 2039 367 2080 cum
383 2018 545 2100 remigibus
561 2019 824 2102 defensoribusque
845 2020 908 2082 suis
930 2028 1093 2102 oeperunt,
1117 2017 1248 2099 reliquas

93 2122 257 2206 dturpiter
279 2122 418 2204 refugere
441 2127 616 2204 coegerunt.
653 2121 702 2184 Ad
727 2121 781 2184 hoc
805 2122 1013 2185 detrimentum
1038 2119 1185 2195 accessit,
1215 2128 1249 2181 ut

129 2224 277 2307 equitibus
293 2245 347 2308 per
360 2245 443 2288 oram
460 2225 646 2288 maritumam
662 2224 698 2287 ah
714 2223 848 2288 Antonio
864 2223 1013 2307 dispositis
1029 2222 1132 2304 aquari
1147 2219 1246 2304 prohi-

129 2326 283 2391 berentur.
317 2323 383 2408 Qua
400 2328 581 2389 necessitate
597 2338 628 2390 et
642 2327 805 2409 ignominia
822 2336 975 2410 permotus
984 2324 1062 2388 Libo
1079 2322 1215 2387 discessit
1232 2342 1248 2385 a
1270 2330 1304 2386 11

128 2426 292 2493 Brundisio
306 2428 568 2508 obsessionemque
584 2439 755 2489 nostrorum
772 2429 884 2490 omisit.

70 2530 114 2600 25
214 2526 302 2590 Multi
319 2526 377 2587 iam
387 2539 602 2590 menseseraut
616 2539 646 2591 et
662 2530 1024 2614 biemspraecipitauerat,
1043 2525 1248 2611 nequeBrun·

128 2630 205 2694 disin
227 2648 319 2691 naues
340 2627 531 2711 legionesque
553 2631 589 2692 ad
612 2627 776 2695 Caesarem
799 2633 971 2695 ueniebant.
1017 2630 1064 2693 Ac
1087 2630 1248 2693 nonnullae

130 2733 195 2799 eius
212 2732 253 2796 rei
270 2731 497 2815 praetermissae
514 2734 688 2798 occasiones
705 2730 829 2798 Caesari
846 2734 1041 2807 uidebantur,
1066 2732 1142 2811 quod
1165 2742 1248 2795 certe

130 2856 219 2920 saepe
235 2834 383 2897 [lauerant
398 2834 496 2912 uenti,
521 2835 626 2916 quibus
648 2837 821 2899 necessario
838 2831 1076 2898 committendum
1093 2833 1251 2894 existima·
1272 2840 1305 2895 2⁸

93 2938 192 3004 ttae.
225 2934 404 3020 Quantoque
426 2937 490 3000 eius
512 2938 636 3021 amplius
659 2947 848 3020 processerat
863 2934 1026 3018 temporis,
1053 2942 1137 2995 tauto
1160 2945 1249 2996 erant

130 3042 294 3103 alacriores
310 3041 346 3102 ad
363 3039 525 3119 custodias,
542 3040 591 3123 qui
608 3040 752 3104 classibus
769 3048 939 3124 praeerant,
958 3037 1158 3118 maioremque
1175 3036 1251 3097 lidu-

76 3142 205 3231 ⁴:iciam
223 3141 396 3222 prohibendi
414 3142 578 3222 habebant,
604 3154 635 3207 et
655 3144 768 3208 crebris
785 3140 917 3226 Pompeii
938 3140 1045 3203 litteris
1062 3137 1249 3221 castigaban-

132 3253 192 3320 tur,
210 3244 347 3324 quoniam
364 3245 458 3327 primo
475 3246 642 3309 uenientem
652 3243 816 3311 Caesarem
832 3267 890 3307 non
907 3243 1140 3328 prohibuissent,
1159 3252 1249 3303 utre-

129 3344 225 3425 liquos
236 3344 461 3408 eiusexercitus
476 3348 672 3431 impedirent,
690 3349 851 3430 duriusque
861 3348 968 3410 cotidie
984 3356 1097 3428 tempus
1107 3343 1142 3405 ad
1154 3354 1251 3405 trans·
1274 3351 1306 3404 ³⁰

94 3446 116 3510 4
131 3446 305 3531 portandum
322 3445 484 3510 lenioribus
501 3452 598 3514 uentis
613 3472 673 3514 nou
691 3450 854 3535 spectabat.
894 3446 1009 3531 Quibus
1025 3447 1116 3510 rebus
1133 3465 1249 3529 permo-

241 3656 252 3708 l
269 3655 383 3724 quasdapi
395 3672 423 3706 a.
546 3659 562 3708 3
576 3667 646 3710 terra
660 3661 684 3711 b.
808 3660 984 3726 oportunitate
997 3675 1024 3710 a.
1150 3653 1248 3719 bsesa]

131 3752 189 3787 esse
202 3751 229 3786 a.
353 3736 368 3786 ti
381 3737 424 3801 qul
437 3749 490 3785 om·
505 3736 545 3784 ab
558 3739 574 3786 5
587 3738 655 3788 dett.
783 3738 799 3789 7
811 3739 908 3789 uirtute
920 3753 966 3800 oc,
982 3737 1072 3787 uirtuti
1088 3736 1213 3801 ‘plus-nni
1223 3738 1253 3782 at

131 3815 315 3862 uetustissimi
322 3811 328 3832 '
338 3816 350 3860 ?
362 3827 389 3861 u.
495 3813 624 3878 schaphas
637 3828 662 3863 a.
769 3815 785 3864 8
800 3815 916 3864 delectos
929 3830 981 3864 ona.
999 3816 1024 3864 b.
1135 3809 1251 3876 inposuit

132 3905 158 3940 a.
264 3891 563 3954 llplurihusinloeisb.
680 3894 925 3959 separatimom.b.
1044 3892 1076 3943 10
1089 3889 1209 3940 Brundisi
1223 3903 1249 3937 a.

241 3968 271 4019 ts
286 3970 502 4034 propinquassent
514 3971 554 4019 ab
568 3973 582 4021 5
596 3970 664 4021 dett.
787 3971 817 4022 lb
830 3971 991 4022 Antonianas
1004 3986 1031 4020 a.
1161 3967 1191 4017 ld
1206 3980 1252 4031 per

132 4062 177 4098 ora
191 4047 320 4096 maritima
332 4063 349 4095 a
363 4052 390 4096 et
402 4051 500 4097 omisso
514 4064 560 4112 per
573 4051 587 4098 b
601 4050 750 4113 (marituma
763 4050 803 4111 o).
938 4049 973 4102 22
985 4053 1062 4099 erant
1074 4062 1090 4095 a
1100 4046 1124 4106 b,
1139 4045 1252 4094 transie-

131 4130 191 4174 rant
205 4139 232 4172 a.
355 4123 435 4173 hierna
448 4139 465 4173 o
475 4125 499 4186 b,
514 4125 658 4176 hiemalem
671 4142 688 4176 u
702 4125 855 4192 (hyenae).
995 4126 1028 4176 25
1042 4138 1103 4188 sepe
1117 4137 1142 4170 a.

131 4202 165 4256 26
179 4205 362 4268 processerant
376 4199 400 4249 b.
506 4200 780 4253 attenuarant..
859 4202 891 4255 30
904 4198 1070 4267 impedirent]
1085 4197 1253 4264 prohiberent

131 4281 156 4332 b.
270 4279 301 4330 at
317 4294 366 4328 noo
380 4277 517 4345 spectabat
529 4293 587 4344 ego,
603 4280 792 4346 exspectabant
805 4278 882 4330 codd.
896 4278 968 4346 (asp.
983 4278 1022 4343 a).
1035 4278 1067 4329 P.
1084 4276 1143 4328 ldd.
