2692 4688
540 202 682 272 CAPVT
699 207 851 273 45-47.
1252 204 1319 277 649

136 381 273 442 fortunae
296 399 360 439 rem
384 376 570 441 committere
586 377 693 440 noluit.
734 375 838 459 ltaque
855 378 966 461 primus
981 392 1037 441 sun
1053 378 1260 460 quinqueremi

135 481 166 544 in
182 482 398 564 quadriremem
416 479 508 563 ipsius
517 478 625 543 Octaui
642 481 781 563 impetum
797 479 877 543 feeit.
905 476 1071 543 Celerrime
1085 479 1296 544 fortissime-2

134 604 192 666 que
223 593 328 663 contra
359 582 409 644 illo
440 581 608 664 remigante
630 602 723 645 naues
746 583 892 645 aduersae
914 582 1022 644 rostris
1045 591 1262 644 concurrerunt

135 685 213 748 adeo
228 685 439 759 uehementer,
463 693 496 745 ut
510 685 597 747 uanis
614 681 783 747 Octauiana
798 694 900 747 rostro
915 684 1052 747 discusso
1067 683 1149 765 ligno
1164 681 1262 745 couti·

98 800 112 849 5
138 797 275 850 neretur.
307 782 512 849 Committitur
525 784 637 849 acriter
651 786 774 869 reliquis
790 788 865 851 locis
879 786 1043 870 proelium,
1060 786 1262 848 concurritur·
1278 783 1299 847 3

134 909 194 973 que
216 890 253 952 ad
277 889 369 951 duces
392 889 542 950 maximec
575 908 642 951 nam
673 907 739 951 cum
762 910 817 953 suo
838 888 961 972 quisque
983 887 1129 950 auxilium
1155 888 1259 964 ferret,

135 1010 273 1072 magnum
289 989 456 1052 comminus
471 989 503 1051 iu
518 1000 646 1073 angusto
663 991 735 1053 mari
752 992 895 1073 proelium
914 992 1023 1054 factum
1039 999 1097 1051 est.
1127 986 1297 1070 Quanto-4

135 1112 192 1175 que
215 1092 388 1155 coniunctis
407 1092 503 1175 magis
518 1091 648 1156 nauibus
664 1093 841 1178 confligendi
859 1102 992 1176 potestas
1008 1091 1152 1169 dabatur,
1179 1100 1262 1153 teuto

136 1194 307 1277 superiores
323 1204 411 1257 erant
427 1192 601 1274 Vatinianiq
618 1196 667 1277 qni
683 1195 855 1259 admirando
870 1197 982 1259 uirtute
998 1214 1038 1257 ex
1054 1195 1117 1258 suis
1133 1193 1261 1258 nauibus

82 1306 114 1387 tp
136 1296 167 1358 in
188 1296 316 1359 hostium
339 1316 434 1358 naues
451 1295 604 1359 transilire
619 1317 678 1360 non
695 1297 870 1361 dubitabant
884 1308 915 1360 et
931 1298 1120 1360 dimicatione
1135 1306 1262 1379 aequata

138 1397 227 1479 longe
242 1396 413 1480 superiores
430 1397 540 1460 uirtute
555 1419 618 1461 rem
636 1400 764 1464 feliciter
778 1400 934 1483 gerebam.
973 1398 1158 1482 lleprimitur
1171 1398 1263 1481 ipsius
1278 1394 1298 1461 5

140 1494 251 1562 Octaui
266 1499 483 1582 quadriremis,
507 1502 617 1564 multae
632 1512 785 1584 praetcrea
802 1503 961 1586 capiamur
975 1511 1026 1564 aut
1041 1502 1149 1563 rostris
1165 1501 1264 1584 perfo-

140 1610 225 1663 ratae
240 1612 436 1685 merguntnr3
447 1614 682 1686 propugnatores
692 1600 852 1667 Octauiani
868 1604 975 1687 partim
991 1604 1021 1665 in
1038 1601 1163 1665 nauibus
1177 1602 1263 1684 iugu-

139 1703 249 1781 lantur,
262 1703 369 1787 partim
384 1705 416 1767 in
431 1724 516 1768 mare
531 1706 773 1789 praecipitantur.
791 1701 1015 1789 lpseOctauius
1030 1725 1063 1768 se
1079 1706 1109 1767 in
1122 1700 1298 1787 scaphamti

85 1814 115 1866 ts
139 1806 274 1883 eonfert3
290 1806 323 1867 in
338 1826 424 1888 quem
441 1806 542 1890 plures
558 1827 624 1869 cnm
639 1808 854 1891 confugerent,
872 1808 1014 1892 depressa
1032 1807 1141 1890 scapha
1157 1806 1262 1868 uulne-

134 1916 221 1969 ratus
245 1917 344 1969 temen
366 1907 487 1971 adnatat
508 1909 545 1971 ad
568 1930 654 1971 surum
676 1930 901 1994 myoparonem.
940 1908 987 1972 Eo
1010 1919 1169 1993 receptus,
1194 1904 1297 1970 cum7

136 2007 281 2091 proelium
297 2028 360 2072 nox
374 2008 536 2088 dirimeret,
549 2020 724 2094 tempestate
739 2032 848 2093 magna
863 2011 938 2075 uelis
955 2013 1096 2096 profugit.
1122 2009 1261 2093 Sequun-

137 2120 187 2173 tur
201 2108 280 2174 ltunc
295 2130 367 2175 suae
382 2132 477 2176 naues
494 2115 678 2191 nonnullae,
704 2134 777 2196 quas
794 2134 882 2176 casus
898 2114 935 2176 ab
950 2115 1002 2176 illo
1017 2113 1151 2197 periculo
1166 2110 1262 2174 uindi-

134 2222 229 2275 caret.
261 2212 305 2275 Aa
318 2211 460 2278 Vatinius
475 2236 509 2278 re
524 2215 601 2279 bene
617 2227 700 2300 gesta
716 2216 848 2298 receptui
866 2216 976 2277 cecinit
990 2215 1110 2296 suisque
1126 2211 1317 2281 omnibus-1¹¹1

78 2322 112 2375 2⁰
135 2314 331 2379 incolumibus
345 2316 378 2379 in
394 2335 461 2379 eum
478 2337 512 2380 se
528 2329 643 2401 portum
660 2319 761 2382 uictor
774 2318 905 2401 recepit,
923 2338 981 2399 quo
996 2336 1035 2379 ex
1052 2326 1140 2399 portu
1156 2313 1262 2377 elassis

135 2411 245 2479 Octaui
261 2418 297 2480 ad
312 2417 508 2482 dimicandum
525 2432 726 2504 processerat.
762 2417 853 2504 Capit
868 2440 908 2483 ex
923 2438 959 2482 eo
976 2418 1090 2501 proelio
1106 2426 1257 2502 penterem
1274 2414 1295 2476 2

132 2538 234 2596 uuam,
253 2519 392 2585 triremes
408 2522 493 2596 duas,
511 2523 641 2585 dirrotns
657 2532 716 2585 Vttt
731 2524 956 2607 compluresque
971 2523 1101 2606 remiges
1116 2517 1259 2583 (letania-

134 2642 189 2685 nos
219 2633 399 2707 posteroque
422 2624 463 2686 ibi
486 2625 552 2702 die,
585 2626 653 2687 dum
677 2646 746 2689 suras
771 2626 961 2709 captiuosque
984 2646 1077 2687 naues
1102 2625 1252 2696 reliceret,

134 2735 312 2809 conscripto
328 2736 396 2810 post
412 2725 488 2788 diem
503 2728 624 2789 tertium
640 2730 792 2791 contendit
810 2730 840 2790 in
857 2727 983 2791 insulam
999 2724 1107 2795 lssam,
1129 2722 1205 2805 quod
1222 2741 1258 2785 eo

78 2836 108 2887 25
132 2844 166 2889 sc
183 2828 333 2912 recepisse
349 2849 390 2891 ex
407 2831 473 2912 fuga
491 2829 631 2893 credebat
647 2828 816 2893 Octauium.
852 2829 928 2892 Erat
945 2829 975 2890 in
991 2847 1026 2888 ea
1044 2825 1257 2887 nobilissimum
1274 2817 1294 2882 3

133 2928 288 3012 regionum
313 2951 414 2994 earum
440 2932 575 3014 oppidum
599 2933 932 3013 coniunctissimumqne
956 2927 1096 2993 Octauio.
1136 2923 1206 3004 Quo
1226 2923 1294 2986 utd

133 3032 229 3108 uenit,
246 3031 383 3116 oppidani
399 3036 547 3119 supplices
563 3056 596 3097 sc
606 3034 728 3098 Vatinio
745 3035 932 3107 dediderunt,
945 3029 1148 3111 comperitque
1163 3027 1257 3108 ipsum

131 3132 294 3195 (lcteuinm
309 3135 409 3217 paruis
425 3137 586 3223 paucisque
602 3136 731 3220 nranigiis
748 3146 839 3199 uento
852 3134 985 3197 secundo
996 3133 1149 3213 regionem
1161 3127 1257 3192 Grac·

130 3236 197 3298 eine
221 3236 352 3319 petisse,
377 3239 446 3303 inde
463 3250 496 3302 ut
511 3235 664 3315 Siciliam,
690 3240 795 3303 deinde
811 3238 944 3300 Africam
962 3245 1094 3316 caperet.
1127 3230 1171 3295 lta
1188 3232 1256 3294 bre·
1271 3226 1291 3289 5

78 3346 108 3399 td
131 3336 258 3401 nissimo
277 3341 375 3424 spatio
391 3362 425 3403 re
441 3343 678 3425 praeclarissime
694 3353 779 3427 gesta
796 3340 947 3423 prouincia
964 3348 1085 3422 recepta
1102 3345 1132 3398 et
1148 3332 1256 3396 Corni-

132 3438 199 3502 ficio
214 3441 345 3519 reddita,
366 3445 463 3506 classe
479 3446 718 3508 aduersariorum
736 3464 775 3507 ex
792 3444 841 3505 illo
859 3452 919 3504 toto
936 3443 1002 3504 sinu
1019 3438 1144 3523 expulsa
1161 3434 1257 3498 uictor

129 3560 163 3605 se
178 3538 368 3636 Brundisium
386 3546 525 3611 incolumi
542 3550 678 3610 exercitu
696 3558 723 3610 et
741 3547 837 3608 classe
853 3544 976 3627 recepit.

241 3716 250 3767 l
269 3716 389 3768 fortunae
403 3734 420 3767 u
434 3720 448 3768 d
462 3736 491 3778 e,·
511 3720 633 3770 fortuitae
647 3719 806 3769 dimicationi
823 3718 942 3766 fortunae
956 3714 1036 3772 dett„
1052 3711 1105 3758 nr'ri
1117 3707 1190 3773 qnod
1202 3706 1255 3755 dcto

128 3790 315 3843 dimicationis.
423 3795 531 3846 fisains
545 3812 571 3845 α.
676 3796 769 3846 Octaui
783 3809 809 3844 u.
914 3790 1101 3852 celerrimeque
1116 3784 1255 3835 fortissime

85 3924 89 3933 ,
126 3884 155 3919 u.
267 3869 282 3919 3
296 3872 464 3935 remigantem
478 3888 504 3921 o·
611 3879 797 3922 concurrerunt
810 3886 826 3919 u
841 3869 950 3932 Mete,
965 3872 1135 3916 occurrerunt
1148 3864 1180 3925 ὸς
1194 3877 1254 3912 con·

130 3952 282 3996 cumulas.
403 3949 595 3999 dnnmtumu.
719 3946 927 4009 leoninusfa).
1041 3943 1252 3995 ferentum.

238 4022 271 4075 12
284 4022 377 4076 Octaui
391 4041 417 4075 u.
547 4028 575 4075 l8
590 4026 772 4074 uindieaucrnt
785 4025 809 4072 d.
936 4021 967 4072 ld
981 4019 1065 4072 Vitius
1078 4037 1138 4071 cum
1149 4024 1254 4085 prrnrto

126 4099 283 4165 subpriore
295 4104 303 4152 i
317 4109 343 4155 ct
355 4119 479 4170 errprusc.
495 4119 508 4152 u
523 4119 548 4153 u.
703 4104 731 4153 21
749 4100 841 4150 Octaui
855 4116 881 4164 u,
897 4099 1001 4150 Octauii
1014 4101 1088 4149 ‘mre
1100 4094 1253 4164 plerique,-

125 4178 272 4233 damaim
285 4200 314 4236 u.
421 4185 491 4249 rupit
504 4200 534 4234 eo
549 4185 573 4233 d.
681 4189 811 4249 penterem
825 4181 864 4245 (a)
878 4198 901 4244 c,
917 4182 1094 4247 ‘peutiremem
1109 4177 1154 4226 uel
1166 4180 1254 4240 pente·

126 4273 222 4310 renem
235 4263 340 4312 cclcrf’.
446 4263 480 4315 23
493 4263 529 4313 ibi
541 4278 594 4313 om.
611 4263 636 4310 lr.
740 4263 775 4313 ll
788 4268 936 4327 consumpto
950 4260 1057 4321 Mete,
1073 4274 1126 4308 om.
1140 4253 1251 4317 reliqui.

235 4338 341 4389 tertium
354 4353 381 4401 a,
396 4354 449 4390 nou
464 4354 502 4390 rrr.
595 4340 736 4393 tiorum.
752 4339 776 4388 l.
870 4338 1141 4398 inerrmn‚nrcume.

123 4413 158 4465 at
172 4416 247 4466 uenit
258 4432 275 4466 o
289 4418 314 4480 d,
323 4416 443 4483 peruenit
456 4432 484 4466 u.
590 4416 715 4483 comperit
730 4417 754 4466 d.
860 4412 1064 4468 tutreutsstmo
1076 4405 1225 4472 cogerent
1235 4419 1270 4450 u.
