2692 4688
496 199 817 265 ...169—

101 374 157 458 pite
179 373 378 437 demonstrat.
416 367 501 435 Petri
523 383 749 437 numennumen
769 374 801 437 in
824 375 942 438 bomine
963 376 1058 459 ipsius
1071 372 1221 439 Graeciae

100 488 168 542 aute
196 470 369 539 Christiano
398 484 532 558 temporo
562 477 689 557 reperiri
720 497 781 540 noo
812 477 941 541 uidetur.
979 475 1084 560 ltaque
1107 477 1219 559 optime

101 580 141 646 ll.
163 578 318 663 llauptius
347 575 507 642 Petraeum
529 577 611 641 illum
640 579 789 644 homiuem
812 580 921 643 dictum
946 581 1038 643 luisse
1070 581 1217 659 coniecit,

97 683 170 767 puotl
184 702 298 745 nomen
315 691 345 745 et
359 683 397 745 aul
412 679 563 745 Petreium
580 682 661 745 etad
677 679 798 745 Petrum
815 683 952 766 proxi-e
966 681 1083 746 acoetlit
1097 681 1221 765 legitur·

97 808 150 870 que
164 807 214 870 ap.
232 782 343 869 Polyb.
359 780 420 860 lV,
435 781 478 847 24
493 794 525 847 et
541 778 581 861 V,
601 782 651 846 17.

178 883 219 951 C.
237 884 301 965 36,
330 885 345 950 l
371 886 445 949 boec
465 885 622 968 leguntur:
650 885 841 970 ‘Eodemque
862 898 997 971 tempore
1019 885 1170 949 Domitius
1189 885 1222 947 iu

95 991 306 1057 llaoedoniem
320 989 416 1065 uenit,
435 994 478 1065 et,
495 989 608 1052 cumutl
619 1010 685 1053 eum
697 992 868 1072 frequentes
883 991 1038 1053 cinitutnm
1055 987 1222 1070 legationes

96 1095 259 1160 conuenire
273 1091 463 1176 coepissent,
485 1092 651 1154 nuntiatum
667 1104 715 1155 est
729 1094 836 1157 adesse
852 1092 1023 1177 Scipionem
1044 1112 1112 1154 cum
1128 1089 1223 1173 legio-

96 1200 181 1262 nibus
194 1214 306 1279 magna
321 1206 354 1258 et
367 1194 507 1277 opinione
522 1204 552 1257 et
568 1195 645 1257 lunis
660 1196 810 1259 omnium:
835 1218 902 1259 num
924 1196 1097 1278 plerumque
1119 1192 1150 1255 iu
1166 1212 1222 1255 no·

97 1303 187 1366 uitale
206 1302 290 1363 ianua
313 1296 485 1361 antecedit'.
514 1294 601 1359 llaec
623 1308 761 1360 extremo
781 1298 933 1362 sententia
955 1298 1056 1379 inepte
1079 1295 1219 1359 sdicitur.

96 1402 174 1469 Nan
189 1404 301 1465 lamam
315 1401 348 1464 iu
363 1408 442 1463 noun
457 1420 491 1462 re
506 1419 718 1483 praecurrere,
743 1420 792 1463 res
807 1400 883 1463 udeu
897 1411 969 1464 nota
984 1411 1050 1476 est,
1074 1408 1107 1461 nt
1121 1397 1151 1459 iul
1168 1416 1221 1480 pu·

97 1506 153 1570 title
166 1502 341 1569 mouentur.
372 1499 426 1564 Ex
438 1502 476 1565 iis
491 1513 608 1579 antem,
637 1522 714 1585 quae
729 1502 867 1587 deinceps
883 1504 919 1567 ule
935 1501 1078 1586 Scipione
1093 1518 1220 1564 numan·

97 1620 161 1687 tas,
185 1604 368 1693 perspicitur
387 1622 456 1667 eum
478 1606 574 1668 samue
595 1626 654 1669 uon
670 1606 876 1689 respondisse.
903 1603 1008 1687 ltaque
1029 1601 1219 1668 scribentium

97 1712 216 1777 ridetur
238 1716 322 1773 ‘uam
344 1706 516 1791 plerumque
536 1707 568 1770 in
585 1707 718 1771 nouitate
734 1709 808 1771 lama
825 1730 888 1771 rem
904 1709 1047 1773 excedit'.
1079 1703 1149 1787 Quo
1163 1704 1220 1766 uai-

96 1834 151 1879 aas
173 1813 255 1878 enim
276 1819 369 1873 totam
391 1810 573 1874 sententium
594 1808 725 1893 spuriam
739 1812 924 1889 existimem,
949 1811 1069 1874 nouitas
1086 1805 1219 1889 impetiit,

96 1938 155 2001 quo
168 1912 320 1979 uocabulo
334 1913 376 1977 ita
392 1913 565 1995 magistrum
581 1933 704 1977 usurum
719 1914 813 1979 luisse
827 1934 888 1977 non
903 1914 1046 1977 arbitror.

184 2012 356 2098 Sequuntur
368 2014 454 2079 boeot
475 2014 544 2078 ‘llic
559 2015 757 2080 uolloiuloeo
764 2013 962 2079 Macedoniae
969 2024 1103 2078 muretus
1112 2030 1220 2094 mogun

95 2118 216 2203 impetu
238 2118 361 2181 nuntie
381 2118 421 2182 ecl
444 2116 608 2181 Domitium
627 2128 677 2193 et,
702 2138 770 2181 cum
792 2118 829 2180 nb
852 2138 889 2180 eo
903 2120 984 2181 milia
1000 2138 1140 2201 passuum
1155 2111 1222 2178 XX

96 2222 239 2296 aluisset,
255 2218 353 2283 subito
367 2240 403 2284 se
416 2220 454 2284 atl
470 2216 608 2284 Cassium
625 2216 797 2302 Longinum
812 2219 1042 2282 in'llressolism
1058 2217 1220 2281 conuertit.

99 2324 161 2388 lloc
176 2323 252 2387 adeo
268 2321 408 2386 celeriter
422 2322 512 2397 fecit,
537 2332 572 2385 nt
591 2321 680 2385 simul
701 2324 809 2386 obesse
830 2332 863 2384 et
880 2323 987 2384 uenire
1010 2320 1221 2383 nuntiaretnr’.

99 2425 212 2492 Verum
249 2434 388 2487 extrem
417 2423 624 2508 superioribus
660 2423 762 2489 uerbis
790 2446 851 2488 noo
880 2423 1074 2508 respondent.
1112 2420 1223 2504 Neque

98 2529 176 2593 enim
195 2526 346 2592 aduentus
365 2526 480 2603 solum,
503 2528 557 2591 sed
579 2526 630 2590 uel
652 2528 782 2591 maxime
802 2529 953 2591 discessus
969 2527 1108 2591 celeritas
1125 2525 1224 2589 ‹leola-

98 2632 190 2696 noun
210 2639 290 2695 erat.
319 2626 410 2691 Bulbi
432 2628 545 2713 igitur,
569 2629 646 2712 quod
669 2646 716 2692 tue
737 2630 879 2713 seriptum
902 2650 971 2694 esse
992 2626 1160 2693 aCaesure
1174 2626 1220 2691 Μ.

98 2732 247 2817 ttanpum
269 2730 404 2807 monuit,
430 2730 543 2795 ‘ebione
556 2742 588 2795 et
602 2731 729 2795 uenire’.
762 2729 908 2797 luucrsns
922 2752 1023 2795 rerum
1039 2732 1112 2794 ordo
1129 2732 1223 2814 ipsam

100 2837 281 2902 celeritatem
296 2832 458 2915 significet.

180 2933 222 3003 C.
239 2933 295 3014 3⁷,
316 2933 399 2999 2siu
413 2934 540 3019 seripsis
570 2933 653 3001 ‘Seu
667 2954 733 2999 cum
749 2950 831 3003 esset
846 2940 927 3003 intes
941 2939 1012 3000 bico
1027 2945 1129 2999 costra
1143 2954 1224 2996 eom·

100 3062 153 3125 pas
173 3040 299 3105 circiter
320 3037 434 3101 utilium
454 3056 575 3121 passum
591 3037 648 3118 Vl,
673 3038 823 3104 Domitius
839 3041 946 3103 castris
963 3036 1113 3122 Scipionis
1128 3037 1224 3101 aciem

102 3163 182 3207 suen
197 3141 347 3217 subiecit,
370 3141 423 3205 ille
435 3162 456 3205 a
470 3141 551 3207 uallo
566 3163 627 3206 nou
643 3143 798 3207 discedere
812 3142 1030 3227 perseuerauit.
1062 3138 1109 3203 Ac
1124 3148 1225 3203 umen

103 3264 190 3330 segre
205 3243 336 3309 utentis
352 3240 533 3307 lloauitiauis
548 3244 691 3309 militibus
707 3256 756 3309 est
769 3247 893 3320 loetum,
916 3266 955 3309 ue
971 3242 1086 3329 proelio
1103 3250 1226 3307 conteu-

104 3346 244 3411 lcreter'.
266 3342 348 3409 Nun
364 3346 545 3423 ‘attamen’,
562 3346 641 3430 quotl
656 3346 688 3409 ie
703 3348 789 3411 coll.
803 3347 932 3430 legiter,
955 3345 1138 3411 contrarium
1153 3364 1225 3406 sen·

105 3448 225 3513 tentisru
240 3447 380 3525 inferret,
396 3448 495 3531 quasi,
511 3469 577 3513 eura
587 3444 689 3531 Scipio
704 3448 809 3513 inlnoo
818 3446 1222 3524 munitissinoconstitisset,

106 3544 250 3615 bonitius
272 3550 396 3632 iniquo,
419 3550 450 3614 itl
470 3550 628 3633 expeetm
642 3551 814 3630 debuisset,
838 3564 873 3615 ut
891 3550 1055 3616 Domitiani
1079 3549 1223 3635 proelium

108 3654 335 3716 conmitterent.
359 3650 474 3716 Eulem
488 3672 580 3717 cuusa
594 3662 644 3717 est
658 3655 816 3719 uerborum
831 3676 859 3717 o.
872 3654 927 3733 87,
944 3656 976 3729 b,
993 3655 1043 3721 ubi
1055 3650 1222 3733 Labienus,

108 3764 256 3838 postquem
283 3750 431 3818 Caesaris
461 3754 629 3844 uereitum
652 3759 813 3822 mimum
836 3768 951 3841 partem
972 3758 1060 3821 nonis
1080 3755 1225 3820 ailitibus

108 3869 239 3921 emtore
254 3856 454 3934 asseuerauit,
470 3878 532 3921 nou
547 3869 666 3941 poterut
679 3860 801 3924 adicere
817 3860 991 3938 6Αιίιιιιισιι,
1015 3861 1093 3944 quob
1106 3860 1162 3923 init
1172 3879 1224 3922 ro·

106 3955 181 4023 beris
196 3958 313 4023 duobus
329 3959 451 4042 proeliis
465 3956 688 4046 llyrrboobinis
702 3963 846 4027 interiit':
863 3975 947 4029 recte
963 3965 1002 4028 ibi
1023 3966 1053 4027 in
1069 3963 1142 4029 Pes.
1159 3986 1222 4029 see.

108 4070 135 4125 et
145 4060 234 4129 beiti.
252 4081 299 4143 pr.
316 4062 461 4146 seriptum
477 4074 525 4127 est
541 4070 594 4129 ‘eo
610 4067 736 4130 tamen'.
767 4066 921 4131 Accusate
937 4069 974 4130 de
990 4067 1046 4130 boe
1062 4066 1136 4130 nitio
1149 4066 1224 4130 sutis

108 4162 246 4247 bepueuti
263 4163 426 4246 disputauit
440 4161 612 4251 Mebuigius
627 4168 664 4231 etl
679 4165 745 4233 Cic.
764 4170 800 4235 de
815 4171 867 4234 bn.
884 4190 914 4254 p.
932 4168 998 4233 289
1011 4179 1042 4233 et
1055 4168 1129 4233 tue.

184 4262 226 4332 C·
241 4263 286 4331 38
299 4276 443 4333 curratur
455 4265 635 4350 Domitiun,
649 4269 869 4357 ut'Scipiuneru
881 4273 919 4338 al
941 4292 1070 4356 pugna·
1084 4268 1222 4344 elicerem
