2684 4694
494 203 818 275 ...109—

91 392 209 466 gestum
224 392 285 459 cst,
310 381 505 446 uehementer
519 383 665 447 debilitati
680 393 780 460 erant,
797 376 895 446 tamen
910 402 967 447 sex
983 402 1130 449 annornm
1147 404 1216 473 spa·

90 484 134 548 tio
157 484 275 568 paulum
299 486 512 549 conualescere
536 497 718 570 potueruut:
744 496 774 548 et
790 484 870 547 inira
884 482 1016 551 Rauraci
1037 486 1217 553 commemo⁴

88 587 266 668 muumqui
282 587 398 649 finitimi
413 589 450 651 iis
466 600 553 652 erant
569 600 600 652 ct
614 610 672 652 uua
689 599 750 651 tum
766 582 808 650 cx
823 584 1096 654 llnibus'euierant.
1113 592 1156 656 At
1170 593 1216 656 bis

88 687 240 752 Rauracis
255 699 285 750 et
301 686 385 752 Boiis
401 691 501 774 inepte
516 693 639 775 triginta
654 691 735 753 milia
751 689 840 753 tribui
856 692 1003 754 neminem
1021 694 1108 774 fugit,
1119 715 1217 778 neque

88 791 208 855 dubium
225 801 291 867 est,
315 811 383 852 cum
398 810 456 854 sex
471 793 572 871 milia,
596 814 672 875 quac
687 795 718 855 iu
733 795 792 855 linc
807 792 900 856 totius
915 797 1150 860 enumerationis
1166 820 1218 880 po·

89 892 149 957 situ
173 904 262 968 sunt,
288 893 317 956 in
342 895 426 959 nullo
448 896 551 959 codice
567 906 688 979 praeter
702 906 844 978 quattuor
855 896 1001 979 pessimos
1016 899 1125 981 scripta
1142 900 1215 973 sint,

90 995 161 1078 quin
176 996 300 1078 triginta
315 995 365 1058 illa
381 996 462 1061 milia
477 998 513 1060 ad
530 998 670 1062 ciuitates
685 996 863 1060 Armoricae
887 1000 1076 1083 pertineant,
1100 999 1218 1064 Raura-

91 1092 195 1161 corum
211 1118 286 1161 nero
297 1109 329 1161 et
340 1095 483 1162 Boiorum
500 1120 643 1164 uumerus
658 1101 818 1163 exciderit.
843 1095 923 1163 Cum
938 1111 1036 1166 autem
1052 1100 1218 1167 illillelue-

92 1202 144 1264 tiis
159 1201 288 1280 finitimi,
298 1201 327 1264 bi
342 1201 373 1264 in
390 1200 523 1266 Haeduis
538 1204 629 1286 positi
644 1196 800 1287 esseutlb.
811 1197 892 1265 Gall.
903 1198 930 1280 l,
940 1200 994 1279 28,
1005 1201 1112 1282 avtt,
1123 1204 1156 1284 a,
1166 1205 1215 1290 li),

89 1324 151 1366 uon
172 1314 290 1387 poterat
311 1324 387 1367 unus
403 1325 545 1367 uumerus
561 1306 696 1387 utrisque
717 1304 915 1380 coniunctim,
940 1304 1085 1368 sedidem
1101 1316 1216 1371 tantum

88 1406 209 1488 utrique
223 1406 329 1491 populo
345 1407 503 1491 separatim
517 1406 670 1490 imperari.
682 1403 747 1469 lam
758 1426 849 1490 supra
863 1407 962 1468 monui
979 1409 1133 1472 ordinatos
1149 1430 1217 1475 csse

89 1509 214 1593 populos
229 1511 393 1573 secundum
408 1509 538 1586 numeri,
555 1528 640 1591 sptem
657 1508 852 1584 contulerint,
870 1508 1115 1591 magnitudinem.
1134 1510 1217 1574 Rau·

88 1610 151 1675 raei
163 1613 256 1697 igitur
269 1622 301 1675 ct
315 1609 382 1676 Boii
397 1622 449 1676 aut
463 1612 545 1675 mille
560 1621 631 1689 aut,
656 1611 686 1674 id
702 1612 778 1694 quod
796 1606 967 1694 Stephanus
993 1611 1087 1676 etalii
1102 1624 1217 1678 statue·

89 1724 172 1794 runt,
190 1715 259 1779 bina
274 1714 353 1778 milia
369 1716 525 1778 dederunt.
549 1713 652 1797 Atque
667 1714 745 1778 buuc
759 1734 917 1777 numerum
933 1713 1011 1776 ratio
1026 1735 1131 1779 uerum
1147 1736 1216 1781 essu

89 1817 215 1880 euiucit.
240 1813 286 1880 lta
302 1819 393 1895 cuim,
410 1818 437 1880 si
452 1813 784 1902 proXBellouacornm
801 1816 920 1880 milibus
936 1817 994 1879 dno
1009 1819 1158 1900 ponimus,
1177 1838 1217 1882 cx

87 1917 127 1981 iis
144 1919 288 1995 numeris,
306 1940 381 1999 quos
395 1920 558 1994 edecimus,
577 1940 691 1982 summa
707 1919 866 1982 coniicitur
880 1919 992 1982 milium
1010 1916 1155 1993 CCLIX,
1179 1921 1216 1984 de

88 2040 148 2104 pua
166 2029 250 2081 recte
266 2040 293 2081 c.
310 2017 365 2095 76,
383 2020 402 2081 2
419 2020 477 2082 dici
492 2031 610 2103 poterat
626 2020 718 2082 luisse
732 2040 797 2082 eam
814 2021 943 2102 equitnm
959 2017 1036 2085 Vlll
1058 2021 1170 2084 milium
1186 2030 1218 2084 et

87 2121 223 2207 peditum
240 2119 361 2183 circiter
376 2115 472 2183 CCL.
497 2121 546 2183 Ad
562 2123 681 2184 nomina
698 2131 796 2184 autem
811 2123 976 2185 ciuitatium
992 2122 1216 2187 Armoricarum

89 2224 168 2307 quod
184 2223 312 2301 attinet,
335 2221 478 2285 Redones
494 2219 697 2286 Scbnciderus
711 2223 748 2286 ad
762 2219 804 2296 11,
822 2219 874 2301 34,
894 2221 911 2284 1
936 2224 1038 2287 docuit
1057 2224 1122 2286 siue
1137 2224 1217 2309 uspi-

90 2327 209 2390 ratione
229 2326 404 2389 scribendos
427 2346 514 2403 esse,
544 2326 622 2389 idem
646 2327 683 2390 ad
706 2325 831 2389 eundem
854 2325 952 2388 locum
978 2323 1134 2402 Osismos,
1158 2347 1217 2389 nou

91 2425 244 2494 Osismios
262 2422 423 2492 Caesarem
440 2429 622 2493 nominasse.
661 2427 771 2493 Veneti
794 2447 867 2492 uero
892 2428 1019 2492 eiciendi
1035 2439 1124 2506 sunt,
1142 2448 1217 2512 quos

90 2527 232 2615 Scaliger
246 2551 285 2594 ox
301 2551 356 2594 suo
371 2531 474 2595 codice
489 2530 600 2615 posuit,
618 2531 649 2593 iu
665 2551 724 2617 qno
739 2531 782 2594 ita
797 2540 884 2594 eraut
899 2532 1053 2596 collocuti:
1080 2529 1215 2611 ‘Veneti,

90 2630 294 2710 Lemouices,
317 2630 444 2714 Vuelli'3
461 2634 492 2696 in
508 2634 633 2716 reliquis
649 2634 735 2697 codd.
753 2655 815 2696 uon
829 2634 979 2719 leguntur.
1014 2632 1058 2698 Et
1078 2646 1219 2718 poterant

92 2756 128 2799 eo
150 2736 246 2818 magis
268 2735 382 2809 omitti,
406 2736 482 2819 quod
506 2732 623 2800 Cacsar
644 2748 787 2820 quattuor
800 2736 888 2801 annis
904 2747 991 2799 antea
1016 2738 1096 2800 omni
1111 2749 1218 2802 senatu

91 2858 193 2901 eorum
217 2848 325 2901 necato
335 2838 480 2923 'reliquos
502 2839 557 2902 sub
573 2860 683 2904 corona
700 2840 896 2914 uendiderat,
913 2847 948 2900 ut
961 2838 1026 2922 ipse
1040 2838 1145 2900 rotulit
1159 2836 1216 2916 ΙΠ,

93 2938 135 3003 16
156 2950 238 3002 extr.
264 2937 352 3003 Edidi
375 2952 473 3006 autem
498 2953 591 3004 totum
616 2942 710 3004 locum
732 2943 794 3017 ita,
818 2951 853 3004 ut
874 2940 994 3004 codices
1017 2938 1218 3021 exprimerem

91 3062 188 3123 neque
220 3042 309 3120 uitia,
342 3043 400 3106 uisi
427 3043 475 3106 ubi
502 3044 670 3106 certissima
697 3053 764 3106 crat
789 3041 956 3116 correctio,
986 3039 1140 3116 tollerem,
1170 3041 1218 3104 bic

91 3143 135 3205 ita
157 3142 263 3226 posui,
287 3154 321 3206 ut
342 3165 360 3207 a
384 3142 518 3209 Caesare
542 3146 683 3227 scriptum
714 3145 874 3208 existimo:
899 3139 1063 3227 ‘lmpcrant
1084 3140 1219 3207 Haeduis

91 3256 178 3327 atqcue
193 3265 296 3309 eorum
312 3247 492 3324 clientibus,
511 3244 707 3330 Segusiauis,
724 3245 948 3322 Ambluarctis,
967 3244 1107 3308 Aulercis
1121 3242 1219 3309 Brau-

91 3347 267 3425 uooicibus,
291 3344 492 3423 Brannouiis,
516 3349 596 3411 milia
611 3344 758 3426 XXXV3
782 3368 882 3433 parem
899 3368 1052 3412 numerum
1069 3347 1218 3412 Aruernis

93 3450 243 3512 adiunctis
259 3447 431 3514 Eleutheris
447 3448 612 3529 Cadurcio,
630 3448 773 3529 Gabalis,
792 3450 941 3528 Velauiis,
959 3453 1008 3534 qni
1024 3452 1079 3514 snb
1095 3451 1218 3535 imperio

91 3550 299 3615 Aruernorum
316 3573 383 3616 esse
398 3565 599 3630 consuerunt3
625 3550 795 3636 Sequanis,
813 3549 1001 3630 Senonibus,
1018 3550 1216 3638 Biturigibus,

94 3650 257 3730 Santonis,
275 3653 424 3732 Rutenis,
443 3652 627 3719 Carnutibus
643 3656 779 3719 duodena
795 3655 897 3732 milia3
916 3652 1088 3719 Bellouacis
1105 3652 1136 3717 X
1157 3681 1165 3733 ι
1184 3677 1219 3718 o-

95 3767 182 3822 ctona
207 3753 382 3820 Pictonibus
404 3768 435 3819 et
457 3756 592 3821 Turonis
615 3768 647 3821 ct
666 3754 792 3821 Parisiis
808 3768 837 3819 et
861 3756 1217 3836 Heluetiis3An1bianis,

91 3857 344 3938 Mediomatricis,
363 3858 561 3935 Petrocoriis,
577 3859 715 3937 Neruiis,
732 3857 874 3933 Morinis,
891 3857 1112 3944 Nitiobrigibus
1129 3851 1218 3942 quina

93 3963 196 4040 ruilia3
214 3963 353 4026 Aulercis
371 3957 554 4025 Cenomanis
570 3962 711 4039 totidem3
728 3959 923 4025 Atrebatibus
939 3958 1003 4037 Ν,
1021 3960 1219 4027 Velliocassis

93 4066 238 4145 totidem3
262 4062 474 4128 Lemouioibus
499 4075 530 4129 et
544 4062 685 4127 Aulercis
701 4060 920 4127 Eburouicibus
942 4075 1047 4141 terna3
1073 4062 1220 4129 Rauracis

94 4176 127 4228 et
141 4164 225 4230 Boiis
241 4166 327 4245 bina3
352 4164 453 4229 XXX
474 4167 626 4231 uniuersis
648 4165 835 4244 ciuitatibus,
864 4187 941 4248 quae
956 4164 1112 4230 Oceanum
1129 4167 1220 4228 attin-

95 4278 171 4351 gunt
197 4289 330 4351 quaeque
361 4290 463 4335 eorum
487 4268 703 4334 consuetudine
725 4268 903 4333 Armoricae
925 4270 1132 4352 appellantur,
1162 4284 1220 4346 quo
