<?xml version="1.0" encoding="UTF-8"?>
<!DOCTYPE html PUBLIC "-//W3C//DTD XHTML 1.0 Transitional//EN"
    "http://www.w3.org/TR/xhtml1/DTD/xhtml1-transitional.dtd">
<html xmlns="http://www.w3.org/1999/xhtml" xml:lang="en" lang="en">
 <head>
  <title>
</title>
<meta http-equiv="Content-Type" content="text/html;charset=utf-8" />
  <meta name='ocr-system' content='tesseract 3.04.00' />
  <meta name='ocr-capabilities' content='ocr_page ocr_carea ocr_par ocr_line ocrx_word'/>
</head>
<body>
  <div class='ocr_page' id='page_1' title='image "./civliicaesarisc02hirtgoog_0110.png"; bbox 0 0 2684 4694; ppageno 0'>
   <div class='ocr_carea' id='block_1_1' title="bbox 492 209 816 275">
    <p class='ocr_par' dir='ltr' id='par_1_1' title="bbox 492 209 816 275">
     <span class='ocr_line' id='line_1_1' title="bbox 492 209 816 275; baseline 0.006 -16"><span class='ocrx_word' id='word_1_1' title='bbox 492 209 816 275; x_wconf 74' lang='grc'>-103-</span> 
     </span>
    </p>
   </div>
   <div class='ocr_carea' id='block_1_2' title="bbox 83 375 1216 4354">
    <p class='ocr_par' dir='ltr' id='par_1_2' title="bbox 88 375 1216 1875">
     <span class='ocr_line' id='line_1_2' title="bbox 91 375 1216 465; baseline 0.003 -23"><span class='ocrx_word' id='word_1_2' title='bbox 91 379 193 462; x_wconf 84' lang='lat' dir='ltr'>magni</span> <span class='ocrx_word' id='word_1_3' title='bbox 209 380 333 442; x_wconf 85' lang='lat' dir='ltr'>laceret.</span> <span class='ocrx_word' id='word_1_4' title='bbox 360 375 420 443; x_wconf 85' lang='lat' dir='ltr'>Sed</span> <span class='ocrx_word' id='word_1_5' title='bbox 435 381 465 443; x_wconf 95' lang='lat' dir='ltr'>id</span> <span class='ocrx_word' id='word_1_6' title='bbox 482 380 568 465; x_wconf 91' lang='lat' dir='ltr'>plane</span> <span class='ocrx_word' id='word_1_7' title='bbox 584 383 765 444; x_wconf 89' lang='lat' dir='ltr'>contrarium</span> <span class='ocrx_word' id='word_1_8' title='bbox 778 392 836 456; x_wconf 90' lang='lat' dir='ltr'>est,</span> <span class='ocrx_word' id='word_1_9' title='bbox 853 403 919 444; x_wconf 87' lang='lat' dir='ltr'>com</span> <span class='ocrx_word' id='word_1_10' title='bbox 936 381 1085 464; x_wconf 88' lang='lat' dir='ltr'>equitibus</span> <span class='ocrx_word' id='word_1_11' title='bbox 1101 392 1216 446; x_wconf 85' lang='lat' dir='ltr'>tantum</span> 
     </span>
     <span class='ocr_line' id='line_1_3' title="bbox 93 480 1216 566; baseline 0.002 -21"><span class='ocrx_word' id='word_1_12' title='bbox 93 482 217 559; x_wconf 88' lang='lat' dir='ltr'>tribuat,</span> <span class='ocrx_word' id='word_1_13' title='bbox 235 492 268 543; x_wconf 90' lang='lat' dir='ltr'>ut</span> <span class='ocrx_word' id='word_1_14' title='bbox 282 481 327 544; x_wconf 91' lang='lat' dir='ltr'>eis</span> <span class='ocrx_word' id='word_1_15' title='bbox 341 483 391 545; x_wconf 92' lang='lat' dir='ltr'>uel</span> <span class='ocrx_word' id='word_1_16' title='bbox 406 483 542 566; x_wconf 84' lang='lat' dir='ltr'>legn&#39;ones</span> <span class='ocrx_word' id='word_1_17' title='bbox 557 480 702 548; x_wconf 74' lang='lat' dir='ltr'>Caesaris</span> <span class='ocrx_word' id='word_1_18' title='bbox 718 505 751 547; x_wconf 89' lang='lat' dir='ltr'>se</span> <span class='ocrx_word' id='word_1_19' title='bbox 767 485 937 566; x_wconf 76' lang='lat' dir='ltr'>fugaturum</span> <span class='ocrx_word' id='word_1_20' title='bbox 952 485 1094 549; x_wconf 78' lang='lat' dir='ltr'>confidat.</span> <span class='ocrx_word' id='word_1_21' title='bbox 1117 481 1152 547; x_wconf 90' lang='lat' dir='ltr'>lu</span> <span class='ocrx_word' id='word_1_22' title='bbox 1168 504 1216 547; x_wconf 94' lang='lat' dir='ltr'>re-</span> 
     </span>
     <span class='ocr_line' id='line_1_4' title="bbox 92 583 1216 670; baseline 0.003 -23"><span class='ocrx_word' id='word_1_23' title='bbox 92 585 182 667; x_wconf 86' lang='lat' dir='ltr'>liquis</span> <span class='ocrx_word' id='word_1_24' title='bbox 198 584 284 646; x_wconf 88' lang='lat' dir='ltr'>codd.</span> <span class='ocrx_word' id='word_1_25' title='bbox 302 584 412 667; x_wconf 85' lang='lat' dir='ltr'>legitur</span> <span class='ocrx_word' id='word_1_26' title='bbox 433 592 477 648; x_wconf 90' lang='lat' dir='ltr'>‘et</span> <span class='ocrx_word' id='word_1_27' title='bbox 490 586 572 669; x_wconf 84' lang='lat' dir='ltr'>ipsos</span> <span class='ocrx_word' id='word_1_28' title='bbox 588 586 704 668; x_wconf 86' lang='lat' dir='ltr'>quidem</span> <span class='ocrx_word' id='word_1_29' title='bbox 722 607 781 648; x_wconf 94' lang='lat' dir='ltr'>non</span> <span class='ocrx_word' id='word_1_30' title='bbox 797 585 906 649; x_wconf 87' lang='lat' dir='ltr'>debere</span> <span class='ocrx_word' id='word_1_31' title='bbox 922 584 1080 649; x_wconf 84' lang='lat' dir='ltr'>dubitare’.</span> <span class='ocrx_word' id='word_1_32' title='bbox 1111 583 1216 670; x_wconf 85' lang='lat' dir='ltr'>Itaque</span> 
     </span>
     <span class='ocr_line' id='line_1_5' title="bbox 93 686 1216 770; baseline 0.002 -19"><span class='ocrx_word' id='word_1_33' title='bbox 93 688 167 751; x_wconf 89' lang='lat' dir='ltr'>baec</span> <span class='ocrx_word' id='word_1_34' title='bbox 182 688 224 751; x_wconf 86' lang='lat' dir='ltr'>ita</span> <span class='ocrx_word' id='word_1_35' title='bbox 240 686 398 751; x_wconf 90' lang='lat' dir='ltr'>scribenda</span> <span class='ocrx_word' id='word_1_36' title='bbox 414 687 535 750; x_wconf 84' lang='lat' dir='ltr'>censui:</span> <span class='ocrx_word' id='word_1_37' title='bbox 554 686 648 752; x_wconf 86' lang='lat' dir='ltr'>‘Nam</span> <span class='ocrx_word' id='word_1_38' title='bbox 664 688 700 751; x_wconf 90' lang='lat' dir='ltr'>de</span> <span class='ocrx_word' id='word_1_39' title='bbox 716 687 864 770; x_wconf 90' lang='lat' dir='ltr'>equitibus</span> <span class='ocrx_word' id='word_1_40' title='bbox 878 687 1024 765; x_wconf 87' lang='lat' dir='ltr'>boetium,</span> <span class='ocrx_word' id='word_1_41' title='bbox 1041 687 1114 770; x_wconf 90' lang='lat' dir='ltr'>quin</span> <span class='ocrx_word' id='word_1_42' title='bbox 1128 711 1216 753; x_wconf 78' lang='lat' dir='ltr'>neno</span> 
     </span>
     <span class='ocr_line' id='line_1_6' title="bbox 92 788 1216 872; baseline 0.001 -18"><span class='ocrx_word' id='word_1_43' title='bbox 92 809 195 854; x_wconf 90' lang='lat' dir='ltr'>eorum</span> <span class='ocrx_word' id='word_1_44' title='bbox 212 788 351 872; x_wconf 81' lang='lat' dir='ltr'>progredi</span> <span class='ocrx_word' id='word_1_45' title='bbox 367 789 454 852; x_wconf 92' lang='lat' dir='ltr'>modo</span> <span class='ocrx_word' id='word_1_46' title='bbox 470 800 558 852; x_wconf 85' lang='lat' dir='ltr'>extra</span> <span class='ocrx_word' id='word_1_47' title='bbox 580 810 686 872; x_wconf 80' lang='lat' dir='ltr'>agmen</span> <span class='ocrx_word' id='word_1_48' title='bbox 708 789 834 866; x_wconf 89' lang='lat' dir='ltr'>audeat,</span> <span class='ocrx_word' id='word_1_49' title='bbox 858 801 890 852; x_wconf 91' lang='lat' dir='ltr'>et</span> <span class='ocrx_word' id='word_1_50' title='bbox 910 789 992 872; x_wconf 88' lang='lat' dir='ltr'>ipsos</span> <span class='ocrx_word' id='word_1_51' title='bbox 1015 789 1135 871; x_wconf 80' lang='lat' dir='ltr'>quidem</span> <span class='ocrx_word' id='word_1_52' title='bbox 1155 812 1216 856; x_wconf 77' lang='lat' dir='ltr'>rou</span> 
     </span>
     <span class='ocr_line' id='line_1_7' title="bbox 92 891 1215 975; baseline 0.003 -21"><span class='ocrx_word' id='word_1_53' title='bbox 92 892 200 955; x_wconf 88' lang='lat' dir='ltr'>debere</span> <span class='ocrx_word' id='word_1_54' title='bbox 216 891 368 966; x_wconf 86' lang='lat' dir='ltr'>dubitare,</span> <span class='ocrx_word' id='word_1_55' title='bbox 394 902 442 964; x_wconf 91' lang='lat' dir='ltr'>et,</span> <span class='ocrx_word' id='word_1_56' title='bbox 468 912 526 974; x_wconf 93' lang='lat' dir='ltr'>quo</span> <span class='ocrx_word' id='word_1_57' title='bbox 541 891 654 954; x_wconf 89' lang='lat' dir='ltr'>maiore</span> <span class='ocrx_word' id='word_1_58' title='bbox 669 892 783 954; x_wconf 83' lang='lat' dir='ltr'>iaciant</span> <span class='ocrx_word' id='word_1_59' title='bbox 795 891 916 968; x_wconf 88' lang='lat' dir='ltr'>animo,</span> <span class='ocrx_word' id='word_1_60' title='bbox 939 891 1041 975; x_wconf 89' lang='lat' dir='ltr'>copias</span> <span class='ocrx_word' id='word_1_61' title='bbox 1062 912 1098 955; x_wconf 88' lang='lat' dir='ltr'>se</span> <span class='ocrx_word' id='word_1_62' title='bbox 1112 913 1215 957; x_wconf 91' lang='lat' dir='ltr'>omues</span> 
     </span>
     <span class='ocr_line' id='line_1_8' title="bbox 90 990 1216 1078; baseline 0.001 -21"><span class='ocrx_word' id='word_1_63' title='bbox 90 1015 145 1078; x_wconf 94' lang='lat' dir='ltr'>pro</span> <span class='ocrx_word' id='word_1_64' title='bbox 160 993 269 1057; x_wconf 85' lang='lat' dir='ltr'>castris</span> <span class='ocrx_word' id='word_1_65' title='bbox 285 992 456 1056; x_wconf 84' lang='lat' dir='ltr'>babituram</span> <span class='ocrx_word' id='word_1_66' title='bbox 471 1004 504 1055; x_wconf 93' lang='lat' dir='ltr'>et</span> <span class='ocrx_word' id='word_1_67' title='bbox 519 992 630 1056; x_wconf 87' lang='lat' dir='ltr'>terrori</span> <span class='ocrx_word' id='word_1_68' title='bbox 645 992 780 1057; x_wconf 76' lang='lat' dir='ltr'>hostibus</span> <span class='ocrx_word' id='word_1_69' title='bbox 796 992 949 1056; x_wconf 79' lang='lat' dir='ltr'>futurum&#39;.</span> <span class='ocrx_word' id='word_1_70' title='bbox 992 990 1039 1055; x_wconf 88' lang='lat' dir='ltr'>lta</span> <span class='ocrx_word' id='word_1_71' title='bbox 1054 993 1100 1055; x_wconf 92' lang='lat' dir='ltr'>bis</span> <span class='ocrx_word' id='word_1_72' title='bbox 1115 992 1216 1058; x_wconf 89' lang='lat' dir='ltr'>uerbis</span> 
     </span>
     <span class='ocr_line' id='line_1_9' title="bbox 90 1094 1216 1178; baseline -0.001 -18"><span class='ocrx_word' id='word_1_73' title='bbox 90 1117 157 1160; x_wconf 88' lang='lat' dir='ltr'>curu</span> <span class='ocrx_word' id='word_1_74' title='bbox 180 1094 374 1176; x_wconf 86' lang='lat' dir='ltr'>sequentibus</span> <span class='ocrx_word' id='word_1_75' title='bbox 395 1095 565 1158; x_wconf 87' lang='lat' dir='ltr'>coniunctis</span> <span class='ocrx_word' id='word_1_76' title='bbox 588 1094 662 1158; x_wconf 89' lang='lat' dir='ltr'>baec</span> <span class='ocrx_word' id='word_1_77' title='bbox 684 1095 816 1158; x_wconf 83' lang='lat' dir='ltr'>efficitur</span> <span class='ocrx_word' id='word_1_78' title='bbox 837 1105 905 1178; x_wconf 91' lang='lat' dir='ltr'>apta</span> <span class='ocrx_word' id='word_1_79' title='bbox 928 1094 1098 1158; x_wconf 71' lang='lat' dir='ltr'>sermatiae</span> <span class='ocrx_word' id='word_1_80' title='bbox 1126 1095 1216 1176; x_wconf 87' lang='lat' dir='ltr'>‘quin</span> 
     </span>
     <span class='ocr_line' id='line_1_10' title="bbox 92 1195 1216 1280; baseline 0 -19"><span class='ocrx_word' id='word_1_81' title='bbox 92 1199 209 1280; x_wconf 87' lang='lat' dir='ltr'>equites</span> <span class='ocrx_word' id='word_1_82' title='bbox 223 1195 430 1259; x_wconf 79' lang='lat' dir='ltr'>Romanorum</span> <span class='ocrx_word' id='word_1_83' title='bbox 445 1197 585 1280; x_wconf 76' lang='lat' dir='ltr'>progredi</span> <span class='ocrx_word' id='word_1_84' title='bbox 601 1217 661 1261; x_wconf 92' lang='lat' dir='ltr'>non</span> <span class='ocrx_word' id='word_1_85' title='bbox 676 1198 834 1275; x_wconf 87' lang='lat' dir='ltr'>auderent,</span> <span class='ocrx_word' id='word_1_86' title='bbox 852 1197 933 1280; x_wconf 90' lang='lat' dir='ltr'>ipsos</span> <span class='ocrx_word' id='word_1_87' title='bbox 948 1196 1078 1280; x_wconf 88' lang='lat' dir='ltr'>quidem,</span> <span class='ocrx_word' id='word_1_88' title='bbox 1096 1197 1216 1261; x_wconf 88' lang='lat' dir='ltr'>etiamsi</span> 
     </span>
     <span class='ocr_line' id='line_1_11' title="bbox 90 1298 1214 1382; baseline 0.001 -19"><span class='ocrx_word' id='word_1_89' title='bbox 90 1300 147 1363; x_wconf 88' lang='lat' dir='ltr'>soli</span> <span class='ocrx_word' id='word_1_90' title='bbox 163 1311 285 1375; x_wconf 82' lang='lat' dir='ltr'>essent,</span> <span class='ocrx_word' id='word_1_91' title='bbox 309 1298 446 1362; x_wconf 84' lang='lat' dir='ltr'>dubitare</span> <span class='ocrx_word' id='word_1_92' title='bbox 468 1320 528 1361; x_wconf 92' lang='lat' dir='ltr'>nou</span> <span class='ocrx_word' id='word_1_93' title='bbox 549 1298 679 1376; x_wconf 85' lang='lat' dir='ltr'>debere,</span> <span class='ocrx_word' id='word_1_94' title='bbox 703 1300 757 1363; x_wconf 90' lang='lat' dir='ltr'>sed</span> <span class='ocrx_word' id='word_1_95' title='bbox 779 1320 837 1382; x_wconf 90' lang='lat' dir='ltr'>quo</span> <span class='ocrx_word' id='word_1_96' title='bbox 853 1299 966 1362; x_wconf 87' lang='lat' dir='ltr'>maiore</span> <span class='ocrx_word' id='word_1_97' title='bbox 980 1299 1081 1362; x_wconf 87' lang='lat' dir='ltr'>animo</span> <span class='ocrx_word' id='word_1_98' title='bbox 1096 1319 1214 1364; x_wconf 86' lang='lat' dir='ltr'>omnem</span> 
     </span>
     <span class='ocr_line' id='line_1_12' title="bbox 90 1400 1213 1482; baseline -0.001 -17"><span class='ocrx_word' id='word_1_99' title='bbox 90 1402 304 1466; x_wconf 89' lang='lat' dir='ltr'>dubitationem</span> <span class='ocrx_word' id='word_1_100' title='bbox 320 1400 469 1477; x_wconf 83' lang='lat' dir='ltr'>abiciant,</span> <span class='ocrx_word' id='word_1_101' title='bbox 494 1421 529 1464; x_wconf 92' lang='lat' dir='ltr'>se</span> <span class='ocrx_word' id='word_1_102' title='bbox 549 1408 696 1465; x_wconf 75' lang='lat' dir='ltr'>terrorem</span> <span class='ocrx_word' id='word_1_103' title='bbox 718 1401 826 1482; x_wconf 78' lang='lat' dir='ltr'>reliqui</span> <span class='ocrx_word' id='word_1_104' title='bbox 849 1401 1002 1464; x_wconf 79' lang='lat' dir='ltr'>exercitus</span> <span class='ocrx_word' id='word_1_105' title='bbox 1020 1401 1213 1465; x_wconf 88' lang='lat' dir='ltr'>additurum’.</span> 
     </span>
     <span class='ocr_line' id='line_1_13' title="bbox 90 1502 1214 1587; baseline -0.002 -18"><span class='ocrx_word' id='word_1_106' title='bbox 90 1503 242 1570; x_wconf 87' lang='lat' dir='ltr'>Wbittius</span> <span class='ocrx_word' id='word_1_107' title='bbox 258 1504 436 1587; x_wconf 86' lang='lat' dir='ltr'>optimorum</span> <span class='ocrx_word' id='word_1_108' title='bbox 452 1502 537 1566; x_wconf 88' lang='lat' dir='ltr'>codd.</span> <span class='ocrx_word' id='word_1_109' title='bbox 555 1503 734 1585; x_wconf 81' lang='lat' dir='ltr'>scripturam</span> <span class='ocrx_word' id='word_1_110' title='bbox 748 1503 791 1566; x_wconf 85' lang='lat' dir='ltr'>ita</span> <span class='ocrx_word' id='word_1_111' title='bbox 801 1504 946 1580; x_wconf 72' lang='lat' dir='ltr'>restituit,</span> <span class='ocrx_word' id='word_1_112' title='bbox 963 1513 998 1566; x_wconf 91' lang='lat' dir='ltr'>ut</span> <span class='ocrx_word' id='word_1_113' title='bbox 1013 1502 1066 1566; x_wconf 88' lang='lat' dir='ltr'>‘et’</span> <span class='ocrx_word' id='word_1_114' title='bbox 1082 1504 1214 1587; x_wconf 57' lang='lat' dir='ltr'>partious</span> 
     </span>
     <span class='ocr_line' id='line_1_14' title="bbox 89 1604 1213 1691; baseline 0.001 -22"><span class='ocrx_word' id='word_1_115' title='bbox 89 1606 160 1685; x_wconf 87' lang='lat' dir='ltr'>lam,</span> <span class='ocrx_word' id='word_1_116' title='bbox 177 1628 255 1691; x_wconf 85' lang='lat' dir='ltr'>quae</span> <span class='ocrx_word' id='word_1_117' title='bbox 271 1607 373 1690; x_wconf 86' lang='lat' dir='ltr'>‘ipsos’</span> <span class='ocrx_word' id='word_1_118' title='bbox 391 1606 554 1691; x_wconf 86' lang='lat' dir='ltr'>praecedit,</span> <span class='ocrx_word' id='word_1_119' title='bbox 570 1605 686 1671; x_wconf 83' lang='lat' dir='ltr'>deleret</span> <span class='ocrx_word' id='word_1_120' title='bbox 699 1616 731 1668; x_wconf 90' lang='lat' dir='ltr'>et</span> <span class='ocrx_word' id='word_1_121' title='bbox 744 1605 888 1689; x_wconf 76' lang='lat' dir='ltr'>deinceps</span> <span class='ocrx_word' id='word_1_122' title='bbox 904 1604 956 1668; x_wconf 87' lang='lat' dir='ltr'>‘id‘</span> <span class='ocrx_word' id='word_1_123' title='bbox 971 1605 1137 1669; x_wconf 80' lang='lat' dir='ltr'>retineret:</span> <span class='ocrx_word' id='word_1_124' title='bbox 1153 1626 1213 1688; x_wconf 90' lang='lat' dir='ltr'>quo</span> 
     </span>
     <span class='ocr_line' id='line_1_15' title="bbox 90 1707 1213 1793; baseline 0.001 -22"><span class='ocrx_word' id='word_1_125' title='bbox 90 1710 187 1788; x_wconf 82' lang='lat' dir='ltr'>facto,</span> <span class='ocrx_word' id='word_1_126' title='bbox 212 1708 456 1793; x_wconf 84' lang='lat' dir='ltr'>quemadmodum</span> <span class='ocrx_word' id='word_1_127' title='bbox 479 1707 573 1772; x_wconf 87' lang='lat' dir='ltr'>uerba</span> <span class='ocrx_word' id='word_1_128' title='bbox 594 1707 694 1791; x_wconf 86' lang='lat' dir='ltr'>‘ipsus</span> <span class='ocrx_word' id='word_1_129' title='bbox 716 1707 850 1791; x_wconf 86' lang='lat' dir='ltr'>quidem’</span> <span class='ocrx_word' id='word_1_130' title='bbox 872 1718 956 1771; x_wconf 88' lang='lat' dir='ltr'>recte</span> <span class='ocrx_word' id='word_1_131' title='bbox 976 1707 1127 1786; x_wconf 82' lang='lat' dir='ltr'>dieantur,</span> <span class='ocrx_word' id='word_1_132' title='bbox 1150 1728 1213 1772; x_wconf 87' lang='grc' dir='ltr'>ιιοιι</span> 
     </span>
     <span class='ocr_line' id='line_1_16' title="bbox 88 1812 198 1875; baseline -0.036 -1"><span class='ocrx_word' id='word_1_133' title='bbox 88 1812 198 1875; x_wconf 84' lang='lat' dir='ltr'>uideo..</span> 
     </span>
    </p>

    <p class='ocr_par' dir='ltr' id='par_1_3' title="bbox 86 1911 1218 3019">
     <span class='ocr_line' id='line_1_17' title="bbox 174 1911 1210 1996; baseline 0.001 -20"><span class='ocrx_word' id='word_1_134' title='bbox 174 1911 214 1976; x_wconf 88' lang='lat' dir='ltr'>C.</span> <span class='ocrx_word' id='word_1_135' title='bbox 231 1914 286 1989; x_wconf 86' lang='grc'>67,</span> <span class='ocrx_word' id='word_1_136' title='bbox 303 1914 323 1977; x_wconf 84' lang='grc'><strong>3</strong></span> <span class='ocrx_word' id='word_1_137' title='bbox 339 1911 455 1977; x_wconf 81' lang='lat' dir='ltr'>Caesar</span> <span class='ocrx_word' id='word_1_138' title='bbox 469 1913 601 1977; x_wconf 91' lang='lat' dir='ltr'>scribere</span> <span class='ocrx_word' id='word_1_139' title='bbox 617 1934 677 1976; x_wconf 86' lang='lat' dir='ltr'>noc</span> <span class='ocrx_word' id='word_1_140' title='bbox 692 1914 806 1996; x_wconf 89' lang='lat' dir='ltr'>potuit,</span> <span class='ocrx_word' id='word_1_141' title='bbox 832 1912 1078 1994; x_wconf 80' lang='lat' dir='ltr'>quemadmodum</span> <span class='ocrx_word' id='word_1_142' title='bbox 1093 1912 1210 1977; x_wconf 77' lang='lat' dir='ltr'>editura</span> 
     </span>
     <span class='ocr_line' id='line_1_18' title="bbox 88 2013 1212 2098; baseline 0 -19"><span class='ocrx_word' id='word_1_143' title='bbox 88 2015 317 2098; x_wconf 82' lang='lat' dir='ltr'>‘lmpedimenta</span> <span class='ocrx_word' id='word_1_144' title='bbox 334 2017 415 2078; x_wconf 90' lang='lat' dir='ltr'>inter</span> <span class='ocrx_word' id='word_1_145' title='bbox 429 2016 563 2096; x_wconf 80' lang='lat' dir='ltr'>legiones</span> <span class='ocrx_word' id='word_1_146' title='bbox 577 2013 786 2095; x_wconf 87' lang='lat' dir='ltr'>recipiuntur&#39;.</span> <span class='ocrx_word' id='word_1_147' title='bbox 817 2013 896 2076; x_wconf 79' lang='lat' dir='ltr'>Nan</span> <span class='ocrx_word' id='word_1_148' title='bbox 912 2015 993 2078; x_wconf 83' lang='lat' dir='ltr'>inter</span> <span class='ocrx_word' id='word_1_149' title='bbox 1006 2016 1142 2098; x_wconf 78' lang='lat' dir='ltr'>legiones</span> <span class='ocrx_word' id='word_1_150' title='bbox 1156 2016 1212 2079; x_wconf 77' lang='lat' dir='ltr'>i·-</span> 
     </span>
     <span class='ocr_line' id='line_1_19' title="bbox 86 2115 1212 2202; baseline 0 -20"><span class='ocrx_word' id='word_1_151' title='bbox 86 2119 260 2202; x_wconf 86' lang='lat' dir='ltr'>pedimenta</span> <span class='ocrx_word' id='word_1_152' title='bbox 274 2118 305 2181; x_wconf 93' lang='lat' dir='ltr'>in</span> <span class='ocrx_word' id='word_1_153' title='bbox 321 2117 439 2199; x_wconf 82' lang='lat' dir='ltr'>agmine</span> <span class='ocrx_word' id='word_1_154' title='bbox 455 2137 573 2199; x_wconf 88' lang='lat' dir='ltr'>semper</span> <span class='ocrx_word' id='word_1_155' title='bbox 582 2115 727 2178; x_wconf 88' lang='lat' dir='ltr'>collocata</span> <span class='ocrx_word' id='word_1_156' title='bbox 742 2125 841 2188; x_wconf 90' lang='lat' dir='ltr'>eraut,</span> <span class='ocrx_word' id='word_1_157' title='bbox 858 2126 889 2178; x_wconf 90' lang='lat' dir='ltr'>et</span> <span class='ocrx_word' id='word_1_158' title='bbox 902 2118 983 2179; x_wconf 83' lang='lat' dir='ltr'>inter</span> <span class='ocrx_word' id='word_1_159' title='bbox 996 2117 1130 2202; x_wconf 80' lang='lat' dir='ltr'>singulus</span> <span class='ocrx_word' id='word_1_160' title='bbox 1145 2118 1212 2201; x_wconf 93' lang='lat' dir='ltr'>qui-</span> 
     </span>
     <span class='ocr_line' id='line_1_20' title="bbox 87 2204 1211 2305; baseline 0 -22"><span class='ocrx_word' id='word_1_161' title='bbox 87 2221 154 2284; x_wconf 89' lang='lat' dir='ltr'>dem</span> <span class='ocrx_word' id='word_1_162' title='bbox 170 2220 319 2302; x_wconf 80' lang='lat' dir='ltr'>legiones,</span> <span class='ocrx_word' id='word_1_163' title='bbox 337 2240 403 2281; x_wconf 88' lang='lat' dir='ltr'>eum</span> <span class='ocrx_word' id='word_1_164' title='bbox 417 2219 517 2281; x_wconf 91' lang='lat' dir='ltr'>nullus</span> <span class='ocrx_word' id='word_1_165' title='bbox 535 2219 572 2281; x_wconf 92' lang='lat' dir='ltr'>ab</span> <span class='ocrx_word' id='word_1_166' title='bbox 589 2218 674 2280; x_wconf 88' lang='lat' dir='ltr'>boste</span> <span class='ocrx_word' id='word_1_167' title='bbox 691 2218 781 2280; x_wconf 91' lang='lat' dir='ltr'>timor</span> <span class='ocrx_word' id='word_1_168' title='bbox 794 2227 876 2279; x_wconf 81' lang='lat' dir='ltr'>erat:</span> <span class='ocrx_word' id='word_1_169' title='bbox 895 2239 961 2280; x_wconf 88' lang='lat' dir='ltr'>eum</span> <span class='ocrx_word' id='word_1_170' title='bbox 978 2221 1014 2282; x_wconf 91' lang='lat' dir='ltr'>ad</span> <span class='ocrx_word' id='word_1_171' title='bbox 1030 2221 1145 2284; x_wconf 90' lang='lat' dir='ltr'>boetem</span> <span class='ocrx_word' id='word_1_172' title='bbox 1159 2204 1211 2305; x_wconf 80' lang='lat' dir='ltr'>ap-</span> 
     </span>
     <span class='ocr_line' id='line_1_21' title="bbox 87 2320 1212 2407; baseline 0.001 -22"><span class='ocrx_word' id='word_1_173' title='bbox 87 2322 353 2407; x_wconf 90' lang='lat' dir='ltr'>propinquabatur,</span> <span class='ocrx_word' id='word_1_174' title='bbox 372 2320 470 2383; x_wconf 90' lang='lat' dir='ltr'>maior</span> <span class='ocrx_word' id='word_1_175' title='bbox 485 2341 553 2403; x_wconf 89' lang='lat' dir='ltr'>pars</span> <span class='ocrx_word' id='word_1_176' title='bbox 569 2320 719 2404; x_wconf 86' lang='lat' dir='ltr'>legionum</span> <span class='ocrx_word' id='word_1_177' title='bbox 733 2320 949 2396; x_wconf 74' lang='lat' dir='ltr'>antecedebat,</span> <span class='ocrx_word' id='word_1_178' title='bbox 967 2320 1073 2385; x_wconf 91' lang='lat' dir='ltr'>deinde</span> <span class='ocrx_word' id='word_1_179' title='bbox 1088 2323 1212 2406; x_wconf 87' lang='lat' dir='ltr'>impedi·</span> 
     </span>
     <span class='ocr_line' id='line_1_22' title="bbox 87 2422 1212 2507; baseline 0.002 -20"><span class='ocrx_word' id='word_1_180' title='bbox 87 2436 186 2487; x_wconf 82' lang='lat' dir='ltr'>menta</span> <span class='ocrx_word' id='word_1_181' title='bbox 202 2426 295 2487; x_wconf 91' lang='lat' dir='ltr'>totius</span> <span class='ocrx_word' id='word_1_182' title='bbox 310 2425 477 2503; x_wconf 87' lang='lat' dir='ltr'>exercitus,</span> <span class='ocrx_word' id='word_1_183' title='bbox 495 2426 541 2488; x_wconf 90' lang='lat' dir='ltr'>bis</span> <span class='ocrx_word' id='word_1_184' title='bbox 556 2435 655 2488; x_wconf 91' lang='lat' dir='ltr'>autem</span> <span class='ocrx_word' id='word_1_185' title='bbox 669 2422 802 2486; x_wconf 88' lang='lat' dir='ltr'>subsidio</span> <span class='ocrx_word' id='word_1_186' title='bbox 810 2422 945 2504; x_wconf 88' lang='lat' dir='ltr'>reliquae</span> <span class='ocrx_word' id='word_1_187' title='bbox 960 2422 1096 2505; x_wconf 89' lang='lat' dir='ltr'>legiones</span> <span class='ocrx_word' id='word_1_188' title='bbox 1103 2444 1212 2507; x_wconf 87' lang='lat' dir='ltr'>seque·</span> 
     </span>
     <span class='ocr_line' id='line_1_23' title="bbox 87 2523 1212 2605; baseline 0.004 -17"><span class='ocrx_word' id='word_1_189' title='bbox 87 2524 209 2589; x_wconf 82' lang='lat' dir='ltr'>bautm.</span> <span class='ocrx_word' id='word_1_190' title='bbox 242 2524 288 2590; x_wconf 88' lang='lat' dir='ltr'>lta</span> <span class='ocrx_word' id='word_1_191' title='bbox 313 2528 387 2591; x_wconf 88' lang='lat' dir='ltr'>baec</span> <span class='ocrx_word' id='word_1_192' title='bbox 409 2526 574 2592; x_wconf 83' lang='lat' dir='ltr'>aCaesare</span> <span class='ocrx_word' id='word_1_193' title='bbox 591 2529 766 2590; x_wconf 76' lang='lat' dir='ltr'>referuntur</span> <span class='ocrx_word' id='word_1_194' title='bbox 781 2526 847 2588; x_wconf 90' lang='lat' dir='ltr'>bor.</span> <span class='ocrx_word' id='word_1_195' title='bbox 866 2545 972 2588; x_wconf 88' lang='lat' dir='ltr'>comm.</span> <span class='ocrx_word' id='word_1_196' title='bbox 992 2523 1041 2602; x_wconf 93' lang='lat' dir='ltr'>ll,</span> <span class='ocrx_word' id='word_1_197' title='bbox 1067 2524 1119 2605; x_wconf 82' lang='lat'>17,</span> <span class='ocrx_word' id='word_1_198' title='bbox 1143 2526 1212 2593; x_wconf 74' lang='lat' dir='ltr'>tea</span> 
     </span>
     <span class='ocr_line' id='line_1_24' title="bbox 88 2625 1210 2712; baseline 0.004 -23"><span class='ocrx_word' id='word_1_199' title='bbox 88 2626 142 2705; x_wconf 80' lang='lat'>19,</span> <span class='ocrx_word' id='word_1_200' title='bbox 158 2625 190 2690; x_wconf 82' lang='lat'>3.</span> <span class='ocrx_word' id='word_1_201' title='bbox 222 2627 280 2691; x_wconf 85' lang='lat' dir='ltr'>llic</span> <span class='ocrx_word' id='word_1_202' title='bbox 303 2639 400 2693; x_wconf 89' lang='lat' dir='ltr'>autem</span> <span class='ocrx_word' id='word_1_203' title='bbox 426 2652 493 2692; x_wconf 90' lang='lat' dir='ltr'>cum</span> <span class='ocrx_word' id='word_1_204' title='bbox 515 2631 629 2712; x_wconf 86' lang='lat' dir='ltr'>equites</span> <span class='ocrx_word' id='word_1_205' title='bbox 647 2628 907 2712; x_wconf 70' lang='lat' dir='ltr'>Vercingetorigis</span> <span class='ocrx_word' id='word_1_206' title='bbox 928 2649 948 2692; x_wconf 84' lang='lat' dir='ltr'>a</span> <span class='ocrx_word' id='word_1_207' title='bbox 967 2628 1062 2690; x_wconf 86' lang='lat' dir='ltr'>tribus</span> <span class='ocrx_word' id='word_1_208' title='bbox 1077 2629 1210 2711; x_wconf 83' lang='lat' dir='ltr'>partibus</span> 
     </span>
     <span class='ocr_line' id='line_1_25' title="bbox 87 2730 1209 2814; baseline -0.001 -20"><span class='ocrx_word' id='word_1_209' title='bbox 87 2731 214 2794; x_wconf 86' lang='lat' dir='ltr'>immissi</span> <span class='ocrx_word' id='word_1_210' title='bbox 228 2741 343 2806; x_wconf 87' lang='lat' dir='ltr'>essent,</span> <span class='ocrx_word' id='word_1_211' title='bbox 361 2731 485 2814; x_wconf 91' lang='lat' dir='ltr'>aprimo</span> <span class='ocrx_word' id='word_1_212' title='bbox 501 2733 619 2814; x_wconf 90' lang='lat' dir='ltr'>agmine</span> <span class='ocrx_word' id='word_1_213' title='bbox 634 2742 666 2795; x_wconf 92' lang='lat' dir='ltr'>et</span> <span class='ocrx_word' id='word_1_214' title='bbox 680 2731 796 2795; x_wconf 92' lang='lat' dir='ltr'>duobus</span> <span class='ocrx_word' id='word_1_215' title='bbox 810 2730 967 2805; x_wconf 89' lang='lat' dir='ltr'>lateribus,</span> <span class='ocrx_word' id='word_1_216' title='bbox 985 2740 1125 2812; x_wconf 89' lang='lat' dir='ltr'>utsupra</span> <span class='ocrx_word' id='word_1_217' title='bbox 1140 2750 1209 2793; x_wconf 90' lang='lat' dir='ltr'>nar·</span> 
     </span>
     <span class='ocr_line' id='line_1_26' title="bbox 87 2831 1209 2920; baseline -0.003 -24"><span class='ocrx_word' id='word_1_218' title='bbox 87 2843 185 2896; x_wconf 89' lang='lat' dir='ltr'>ratum</span> <span class='ocrx_word' id='word_1_219' title='bbox 201 2844 259 2910; x_wconf 90' lang='lat' dir='ltr'>est,</span> <span class='ocrx_word' id='word_1_220' title='bbox 277 2832 487 2916; x_wconf 87' lang='lat' dir='ltr'>impedimenta</span> <span class='ocrx_word' id='word_1_221' title='bbox 501 2835 630 2918; x_wconf 90' lang='lat' dir='ltr'>undique</span> <span class='ocrx_word' id='word_1_222' title='bbox 641 2834 811 2920; x_wconf 85' lang='lat' dir='ltr'>legionibus</span> <span class='ocrx_word' id='word_1_223' title='bbox 826 2831 1035 2896; x_wconf 85' lang='lat' dir='ltr'>circumdanda</span> <span class='ocrx_word' id='word_1_224' title='bbox 1052 2831 1146 2894; x_wconf 83' lang='lat' dir='ltr'>fuisse</span> <span class='ocrx_word' id='word_1_225' title='bbox 1158 2851 1209 2915; x_wconf 86' lang='lat' dir='ltr'>ap·</span> 
     </span>
     <span class='ocr_line' id='line_1_27' title="bbox 87 2933 547 3019; baseline 0.004 -21"><span class='ocrx_word' id='word_1_226' title='bbox 87 2947 184 3018; x_wconf 86' lang='lat' dir='ltr'>paret.</span> <span class='ocrx_word' id='word_1_227' title='bbox 216 2933 318 3017; x_wconf 85' lang='lat' dir='ltr'>ltaque</span> <span class='ocrx_word' id='word_1_228' title='bbox 335 2935 435 2998; x_wconf 88' lang='lat' dir='ltr'>‘intra&#39;</span> <span class='ocrx_word' id='word_1_229' title='bbox 451 2939 547 3019; x_wconf 88' lang='lat' dir='ltr'>posui.</span> 
     </span>
    </p>

    <p class='ocr_par' dir='ltr' id='par_1_4' title="bbox 83 3034 1211 4354">
     <span class='ocr_line' id='line_1_28' title="bbox 173 3034 1210 3122; baseline 0 -22"><span class='ocrx_word' id='word_1_230' title='bbox 173 3034 212 3100; x_wconf 88' lang='lat' dir='ltr'>C.</span> <span class='ocrx_word' id='word_1_231' title='bbox 229 3035 290 3113; x_wconf 84' lang='lat'>70,</span> <span class='ocrx_word' id='word_1_232' title='bbox 317 3034 397 3102; x_wconf 85' lang='lat' dir='ltr'>3sic</span> <span class='ocrx_word' id='word_1_233' title='bbox 417 3038 513 3101; x_wconf 74' lang='lat' dir='ltr'>edidi:</span> <span class='ocrx_word' id='word_1_234' title='bbox 540 3037 670 3101; x_wconf 85' lang='lat' dir='ltr'>‘Hostes</span> <span class='ocrx_word' id='word_1_235' title='bbox 684 3038 715 3099; x_wconf 93' lang='lat' dir='ltr'>in</span> <span class='ocrx_word' id='word_1_236' title='bbox 731 3039 829 3122; x_wconf 81' lang='lat' dir='ltr'>lugam</span> <span class='ocrx_word' id='word_1_237' title='bbox 845 3036 971 3099; x_wconf 87' lang='lat' dir='ltr'>coniecti</span> <span class='ocrx_word' id='word_1_238' title='bbox 988 3056 1022 3100; x_wconf 91' lang='lat' dir='ltr'>se</span> <span class='ocrx_word' id='word_1_239' title='bbox 1037 3037 1095 3120; x_wconf 90' lang='lat' dir='ltr'>ipsi</span> <span class='ocrx_word' id='word_1_240' title='bbox 1110 3037 1210 3101; x_wconf 89' lang='lat' dir='ltr'>multi·</span> 
     </span>
     <span class='ocr_line' id='line_1_29' title="bbox 88 3137 1206 3224; baseline 0.003 -24"><span class='ocrx_word' id='word_1_241' title='bbox 88 3138 189 3202; x_wconf 82' lang='lat' dir='ltr'>tudine</span> <span class='ocrx_word' id='word_1_242' title='bbox 204 3138 367 3223; x_wconf 89' lang='lat' dir='ltr'>impediunt</span> <span class='ocrx_word' id='word_1_243' title='bbox 390 3150 481 3220; x_wconf 91' lang='lat' dir='ltr'>atque</span> <span class='ocrx_word' id='word_1_244' title='bbox 502 3139 724 3224; x_wconf 81' lang='lat' dir='ltr'>angustioribus</span> <span class='ocrx_word' id='word_1_245' title='bbox 740 3140 834 3221; x_wconf 90' lang='lat' dir='ltr'>portis</span> <span class='ocrx_word' id='word_1_246' title='bbox 848 3137 963 3201; x_wconf 90' lang='lat' dir='ltr'>relictis</span> <span class='ocrx_word' id='word_1_247' title='bbox 979 3149 1206 3203; x_wconf 88' lang='lat' dir='ltr'>coaceruantur.</span> 
     </span>
     <span class='ocr_line' id='line_1_30' title="bbox 83 3237 1209 3326; baseline 0.001 -22"><span class='ocrx_word' id='word_1_248' title='bbox 83 3237 230 3305; x_wconf 79' lang='lat' dir='ltr'>Germani</span> <span class='ocrx_word' id='word_1_249' title='bbox 246 3243 346 3306; x_wconf 90' lang='lat' dir='ltr'>aerius</span> <span class='ocrx_word' id='word_1_250' title='bbox 361 3264 456 3326; x_wconf 91' lang='lat' dir='ltr'>usque</span> <span class='ocrx_word' id='word_1_251' title='bbox 471 3243 508 3304; x_wconf 88' lang='lat' dir='ltr'>nd</span> <span class='ocrx_word' id='word_1_252' title='bbox 523 3242 707 3305; x_wconf 86' lang='lat' dir='ltr'>munitiones</span> <span class='ocrx_word' id='word_1_253' title='bbox 722 3242 909 3323; x_wconf 88' lang='lat' dir='ltr'>sequuntur&#39;.</span> <span class='ocrx_word' id='word_1_254' title='bbox 937 3239 1018 3304; x_wconf 87' lang='lat' dir='ltr'>Nam</span> <span class='ocrx_word' id='word_1_255' title='bbox 1034 3242 1065 3304; x_wconf 85' lang='lat' dir='ltr'>ic</span> <span class='ocrx_word' id='word_1_256' title='bbox 1081 3241 1209 3326; x_wconf 76' lang='lat' dir='ltr'>integris</span> 
     </span>
     <span class='ocr_line' id='line_1_31' title="bbox 86 3342 1208 3431; baseline -0.001 -24"><span class='ocrx_word' id='word_1_257' title='bbox 86 3344 173 3407; x_wconf 82' lang='lat' dir='ltr'>codd.</span> <span class='ocrx_word' id='word_1_258' title='bbox 197 3345 256 3425; x_wconf 87' lang='lat' dir='ltr'>(de</span> <span class='ocrx_word' id='word_1_259' title='bbox 269 3342 341 3409; x_wconf 87' lang='lat' dir='ltr'>Par.</span> <span class='ocrx_word' id='word_1_260' title='bbox 364 3365 409 3430; x_wconf 90' lang='lat' dir='ltr'>pr.</span> <span class='ocrx_word' id='word_1_261' title='bbox 428 3345 521 3431; x_wconf 82' lang='lat' dir='ltr'>falso,</span> <span class='ocrx_word' id='word_1_262' title='bbox 548 3354 581 3407; x_wconf 92' lang='lat' dir='ltr'>ut</span> <span class='ocrx_word' id='word_1_263' title='bbox 594 3344 690 3423; x_wconf 88' lang='lat' dir='ltr'>solet,</span> <span class='ocrx_word' id='word_1_264' title='bbox 708 3343 903 3407; x_wconf 79' lang='lat' dir='ltr'>Aebaiutnius</span> <span class='ocrx_word' id='word_1_265' title='bbox 918 3345 1042 3425; x_wconf 89' lang='lat' dir='ltr'>retulit)</span> <span class='ocrx_word' id='word_1_266' title='bbox 1065 3344 1208 3427; x_wconf 88' lang='lat' dir='ltr'>scriptum</span> 
     </span>
     <span class='ocr_line' id='line_1_32' title="bbox 86 3444 1209 3540; baseline -0.001 -31"><span class='ocrx_word' id='word_1_267' title='bbox 86 3456 135 3510; x_wconf 86' lang='lat' dir='ltr'>est</span> <span class='ocrx_word' id='word_1_268' title='bbox 149 3449 410 3512; x_wconf 81' lang='lat' dir='ltr'>‘coaeematitum</span> <span class='ocrx_word' id='word_1_269' title='bbox 425 3447 600 3540; x_wconf 81' lang='lat' dir='ltr'>Germaui&#39;:</span> <span class='ocrx_word' id='word_1_270' title='bbox 624 3448 694 3511; x_wconf 89' lang='lat' dir='ltr'>inde</span> <span class='ocrx_word' id='word_1_271' title='bbox 708 3448 739 3511; x_wconf 91' lang='lat' dir='ltr'>in</span> <span class='ocrx_word' id='word_1_272' title='bbox 755 3446 953 3510; x_wconf 88' lang='lat' dir='ltr'>deterioribus</span> <span class='ocrx_word' id='word_1_273' title='bbox 975 3446 1150 3530; x_wconf 92' lang='lat' dir='ltr'>quibusdam</span> <span class='ocrx_word' id='word_1_274' title='bbox 1165 3444 1209 3508; x_wconf 84' lang='lat' dir='ltr'>el-</span> 
     </span>
     <span class='ocr_line' id='line_1_33' title="bbox 87 3547 1211 3639; baseline 0.003 -29"><span class='ocrx_word' id='word_1_275' title='bbox 87 3549 197 3611; x_wconf 79' lang='lat' dir='ltr'>lectum</span> <span class='ocrx_word' id='word_1_276' title='bbox 213 3560 260 3613; x_wconf 89' lang='lat' dir='ltr'>est</span> <span class='ocrx_word' id='word_1_277' title='bbox 277 3552 521 3639; x_wconf 69' lang='lat' dir='ltr'>‘eoaoeiubntum</span> <span class='ocrx_word' id='word_1_278' title='bbox 545 3550 625 3614; x_wconf 81' lang='grc' dir='ltr'>Τιιιιι</span> <span class='ocrx_word' id='word_1_279' title='bbox 641 3547 810 3614; x_wconf 85' lang='lat' dir='ltr'>Germani’.</span> <span class='ocrx_word' id='word_1_280' title='bbox 841 3547 876 3612; x_wconf 90' lang='lat' dir='ltr'>lu</span> <span class='ocrx_word' id='word_1_281' title='bbox 892 3549 1081 3632; x_wconf 82' lang='lat' dir='ltr'>interpolatis</span> <span class='ocrx_word' id='word_1_282' title='bbox 1097 3549 1211 3634; x_wconf 80' lang='lat' dir='ltr'>legitur</span> 
     </span>
     <span class='ocr_line' id='line_1_34' title="bbox 89 3632 1209 3736; baseline 0 -22"><span class='ocrx_word' id='word_1_283' title='bbox 89 3655 287 3715; x_wconf 71' lang='lat' dir='ltr'>‘maroneae</span> <span class='ocrx_word' id='word_1_284' title='bbox 321 3650 492 3717; x_wconf 84' lang='lat' dir='ltr'>Germani&#39;.</span> <span class='ocrx_word' id='word_1_285' title='bbox 539 3632 632 3729; x_wconf 88' lang='lat' dir='ltr'>lllud,</span> <span class='ocrx_word' id='word_1_286' title='bbox 658 3653 736 3736; x_wconf 92' lang='lat' dir='ltr'>quod</span> <span class='ocrx_word' id='word_1_287' title='bbox 758 3652 842 3736; x_wconf 84' lang='lat' dir='ltr'>posui</span> <span class='ocrx_word' id='word_1_288' title='bbox 859 3652 1042 3734; x_wconf 87' lang='lat' dir='ltr'>integrorum</span> <span class='ocrx_word' id='word_1_289' title='bbox 1059 3651 1209 3734; x_wconf 88' lang='lat' dir='ltr'>scriptura</span> 
     </span>
     <span class='ocr_line' id='line_1_35' title="bbox 87 3753 1208 3839; baseline -0.002 -23"><span class='ocrx_word' id='word_1_290' title='bbox 87 3753 162 3817; x_wconf 82' lang='lat' dir='ltr'>entis</span> <span class='ocrx_word' id='word_1_291' title='bbox 177 3765 281 3838; x_wconf 87' lang='lat' dir='ltr'>aperte</span> <span class='ocrx_word' id='word_1_292' title='bbox 296 3754 501 3838; x_wconf 79' lang='lat' dir='ltr'>significatur:</span> <span class='ocrx_word' id='word_1_293' title='bbox 525 3777 622 3839; x_wconf 88' lang='lat' dir='ltr'>neque</span> <span class='ocrx_word' id='word_1_294' title='bbox 645 3757 745 3819; x_wconf 89' lang='lat' dir='ltr'>‘tum’</span> <span class='ocrx_word' id='word_1_295' title='bbox 765 3754 912 3839; x_wconf 88' lang='lat' dir='ltr'>particula</span> <span class='ocrx_word' id='word_1_296' title='bbox 935 3755 982 3818; x_wconf 90' lang='lat' dir='ltr'>bie</span> <span class='ocrx_word' id='word_1_297' title='bbox 1005 3754 1078 3817; x_wconf 77' lang='lat' dir='ltr'>ferri</span> <span class='ocrx_word' id='word_1_298' title='bbox 1095 3763 1208 3836; x_wconf 84' lang='lat' dir='ltr'>potest.</span> 
     </span>
     <span class='ocr_line' id='line_1_36' title="bbox 87 3852 1207 3940; baseline 0 -21"><span class='ocrx_word' id='word_1_299' title='bbox 87 3852 283 3939; x_wconf 87' lang='lat' dir='ltr'>Nequaquam</span> <span class='ocrx_word' id='word_1_300' title='bbox 298 3857 377 3919; x_wconf 91' lang='lat' dir='ltr'>anim</span> <span class='ocrx_word' id='word_1_301' title='bbox 387 3854 543 3935; x_wconf 83' lang='lat' dir='ltr'>Germani,</span> <span class='ocrx_word' id='word_1_302' title='bbox 562 3868 593 3921; x_wconf 93' lang='lat' dir='ltr'>ut</span> <span class='ocrx_word' id='word_1_303' title='bbox 602 3855 707 3921; x_wconf 87' lang='lat' dir='ltr'>Gallos</span> <span class='ocrx_word' id='word_1_304' title='bbox 722 3867 931 3940; x_wconf 87' lang='lat' dir='ltr'>sequerentur,</span> <span class='ocrx_word' id='word_1_305' title='bbox 948 3856 1207 3921; x_wconf 81' lang='lat' dir='ltr'>conseruationem</span> 
     </span>
     <span class='ocr_line' id='line_1_37' title="bbox 88 3958 1206 4044; baseline -0.001 -22"><span class='ocrx_word' id='word_1_306' title='bbox 88 3977 191 4023; x_wconf 87' lang='lat' dir='ltr'>corum</span> <span class='ocrx_word' id='word_1_307' title='bbox 207 3961 424 4044; x_wconf 82' lang='lat' dir='ltr'>expectabant:</span> <span class='ocrx_word' id='word_1_308' title='bbox 443 3971 474 4023; x_wconf 89' lang='lat' dir='ltr'>et</span> <span class='ocrx_word' id='word_1_309' title='bbox 488 3961 610 4024; x_wconf 82' lang='lat' dir='ltr'>omnino</span> <span class='ocrx_word' id='word_1_310' title='bbox 624 3982 725 4034; x_wconf 87' lang='lat' dir='ltr'>mora,</span> <span class='ocrx_word' id='word_1_311' title='bbox 750 3980 826 4043; x_wconf 90' lang='lat' dir='ltr'>quae</span> <span class='ocrx_word' id='word_1_312' title='bbox 841 3960 892 4024; x_wconf 93' lang='lat' dir='ltr'>illa</span> <span class='ocrx_word' id='word_1_313' title='bbox 907 3958 1053 4044; x_wconf 87' lang='lat' dir='ltr'>particula</span> <span class='ocrx_word' id='word_1_314' title='bbox 1068 3959 1206 4035; x_wconf 76' lang='lat' dir='ltr'>insertur,</span> 
     </span>
     <span class='ocr_line' id='line_1_38' title="bbox 87 4059 1209 4128; baseline -0.001 -4"><span class='ocrx_word' id='word_1_315' title='bbox 87 4061 126 4124; x_wconf 83' lang='lat' dir='ltr'>ab</span> <span class='ocrx_word' id='word_1_316' title='bbox 140 4061 195 4127; x_wconf 88' lang='lat' dir='ltr'>bac</span> <span class='ocrx_word' id='word_1_317' title='bbox 211 4064 360 4127; x_wconf 87' lang='lat' dir='ltr'>concitata</span> <span class='ocrx_word' id='word_1_318' title='bbox 375 4063 549 4126; x_wconf 89' lang='lat' dir='ltr'>narratione</span> <span class='ocrx_word' id='word_1_319' title='bbox 572 4063 670 4125; x_wconf 89' lang='lat' dir='ltr'>aliena</span> <span class='ocrx_word' id='word_1_320' title='bbox 683 4074 742 4127; x_wconf 85' lang='lat' dir='ltr'>eat.</span> <span class='ocrx_word' id='word_1_321' title='bbox 791 4059 1009 4128; x_wconf 75' lang='lat' dir='ltr'>‘Constantur&#39;</span> <span class='ocrx_word' id='word_1_322' title='bbox 1033 4073 1131 4125; x_wconf 72' lang='lat' dir='ltr'>summ</span> <span class='ocrx_word' id='word_1_323' title='bbox 1146 4079 1209 4123; x_wconf 91' lang='lat' dir='ltr'>ma-</span> 
     </span>
     <span class='ocr_line' id='line_1_39' title="bbox 88 4157 1209 4249; baseline -0.005 -21"><span class='ocrx_word' id='word_1_324' title='bbox 88 4165 185 4248; x_wconf 85' lang='lat' dir='ltr'>gister</span> <span class='ocrx_word' id='word_1_325' title='bbox 198 4166 308 4249; x_wconf 91' lang='lat' dir='ltr'>posuit,</span> <span class='ocrx_word' id='word_1_326' title='bbox 327 4167 375 4231; x_wconf 87' lang='lat' dir='ltr'>oui</span> <span class='ocrx_word' id='word_1_327' title='bbox 390 4167 462 4229; x_wconf 86' lang='lat' dir='ltr'>item</span> <span class='ocrx_word' id='word_1_328' title='bbox 477 4177 511 4228; x_wconf 90' lang='lat' dir='ltr'>ut</span> <span class='ocrx_word' id='word_1_329' title='bbox 524 4164 743 4229; x_wconf 78' lang='lat' dir='ltr'>recentioribus</span> <span class='ocrx_word' id='word_1_330' title='bbox 757 4167 932 4248; x_wconf 70' lang='lat' dir='ltr'>quibusdan</span> <span class='ocrx_word' id='word_1_331' title='bbox 945 4165 1111 4248; x_wconf 77' lang='lat' dir='ltr'>magistris,</span> <span class='ocrx_word' id='word_1_332' title='bbox 1129 4157 1209 4224; x_wconf 83' lang='lat' dir='ltr'>Cae·</span> 
     </span>
     <span class='ocr_line' id='line_1_40' title="bbox 87 4261 1209 4354; baseline -0.008 -20"><span class='ocrx_word' id='word_1_333' title='bbox 87 4268 167 4334; x_wconf 73' lang='lat' dir='ltr'>euris</span> <span class='ocrx_word' id='word_1_334' title='bbox 181 4268 413 4354; x_wconf 81' lang='lat' dir='ltr'>interpretibus,</span> <span class='ocrx_word' id='word_1_335' title='bbox 437 4268 501 4335; x_wconf 88' lang='lat' dir='ltr'>uiui</span> <span class='ocrx_word' id='word_1_336' title='bbox 522 4269 659 4334; x_wconf 81' lang='lat' dir='ltr'>homiues</span> <span class='ocrx_word' id='word_1_337' title='bbox 680 4290 740 4335; x_wconf 90' lang='lat' dir='ltr'>non</span> <span class='ocrx_word' id='word_1_338' title='bbox 760 4280 844 4337; x_wconf 86' lang='lat' dir='ltr'>rente</span> <span class='ocrx_word' id='word_1_339' title='bbox 866 4267 1039 4334; x_wconf 72' lang='lat' dir='ltr'>ouomnari</span> <span class='ocrx_word' id='word_1_340' title='bbox 1054 4264 1112 4328; x_wconf 92' lang='lat' dir='ltr'>dici</span> <span class='ocrx_word' id='word_1_341' title='bbox 1126 4261 1209 4326; x_wconf 89' lang='lat' dir='ltr'>uidc-</span> 
     </span>
    </p>
   </div>
   <div class='ocr_carea' id='block_1_3' title="bbox 0 0 1346 4694">
    <p class='ocr_par' dir='ltr' id='par_1_5' title="bbox 0 0 1346 4694">
     <span class='ocr_line' id='line_1_41' title="bbox 0 0 1346 4694; baseline 0 2"><span class='ocrx_word' id='word_1_342' title='bbox 0 0 1346 4694; x_wconf 95' lang='lat' dir='ltr'> </span> 
     </span>
    </p>
   </div>
  </div>
 </body>
</html>
