2692 4688
545 221 692 291 cartu
714 222 869 293 65-67.
1260 222 1327 295 libb

146 399 302 482 cognoscit
316 416 352 458 ac
367 395 491 473 statuite
515 415 625 478 reges,
650 405 813 480 tyrannos,
831 393 974 479 dynastas
990 393 1162 477 prouinciae
1177 395 1267 463 liniti·
1283 397 1303 463 5

143 524 228 580 mos,
247 499 296 582 qui
313 518 417 562 ornnes
432 498 469 561 ad
484 518 552 562 eum
567 509 801 575 concurrerant,
818 507 955 581 receptos
970 496 1002 560 in
1015 497 1103 561 iidem
1118 498 1270 566 condicio·

144 606 232 669 nibus
256 601 393 684 inpositis
416 601 589 684 prouinciae
612 600 740 665 tuendae
760 622 796 664 ao
812 598 1016 664 detendendae
1031 599 1151 665 dimittit
1166 612 1196 665 ct
1211 601 1269 666 sibi

142 717 174 771 et
196 705 303 789 populo
329 702 468 767 Romano
490 702 700 767 amicissimos.
745 699 855 766 Paucis
878 701 983 766 diebus
1004 702 1036 766 iu
1056 721 1095 767 aa
1115 701 1324 787 prouincia&

104 822 120 873 t
144 806 329 892 consumptis
346 802 477 869 Sextum
494 800 678 883 Caesarem,
695 804 821 869 amicum
837 815 869 870 et
884 803 1086 869 necessarium
1101 824 1208 885 suum,
1225 806 1268 872 lc·

143 910 283 997 gionibus
306 904 474 993 Syriaeque
496 907 659 990 praefecit,
691 908 755 992 ipse
779 907 882 973 eadem
904 907 1021 984 classe,
1045 927 1103 991 qua
1125 907 1304 988 uenerat‚2

141 1010 341 1096 proficiscitur
356 1011 388 1072 in
404 1005 556 1073 Ciliciam.
585 1007 680 1074 Cuius
696 1011 870 1094 prouinciae
885 1009 1025 1074 ciuitates
1041 1029 1146 1074 omnes
1161 1020 1269 1075 euocat

143 1113 293 1192 Tarsum,
319 1112 398 1195 quod
423 1112 560 1197 oppidum
576 1113 640 1176 iere
655 1112 748 1176 totius
764 1107 891 1177 Ciliciae
907 1111 1121 1177 nobilissimum
1138 1111 1267 1177 fortissi-

142 1236 280 1298 mumque
303 1225 361 1278 est.
391 1211 438 1277 lbi
461 1213 552 1276 rebus
567 1213 704 1278 omnibns
720 1215 894 1298 prouinciae
909 1223 940 1278 et
955 1214 1146 1279 finitimarum
1162 1213 1267 1279 ciuita-
1282 1211 1303 1277 3

86 1329 119 1384 tt
142 1327 203 1382 tam
227 1316 399 1381 constitutis
423 1316 584 1401 cupiditate
605 1315 810 1400 proficiscendi
833 1318 870 1381 ad
890 1316 1000 1381 bellum
1022 1317 1183 1399 gerendum
1206 1334 1267 1382 nun

142 1420 253 1482 diutius
276 1429 411 1483 moratur
432 1419 610 1503 magnisque
630 1418 789 1483 itineribus
812 1437 866 1503 per
880 1413 1100 1503 Cappadociam
1121 1417 1303 1483 coniectisd

141 1521 261 1585 biduum
284 1518 434 1586 Mazacae
462 1532 663 1585 commoratus
686 1516 821 1585 Comana
842 1524 946 1599 uenit,
977 1521 1214 1586 uetustissimum
1235 1531 1267 1586 et

144 1623 363 1687 sanctissimum
386 1625 417 1686 in
434 1620 624 1707 Cappadocia
640 1620 783 1687 Bellonae
805 1624 964 1707 templum,
986 1622 1064 1705 quod
1086 1633 1171 1687 tanta
1192 1621 1266 1688 reli·

141 1727 229 1809 gione
245 1725 370 1803 colitur,
396 1737 430 1789 ut
444 1727 585 1790 sacerdos
600 1727 665 1789 eins
682 1726 756 1790 deae
771 1726 945 1803 maiestate,
969 1725 1114 1809 imperio,
1131 1726 1266 1809 potentia

86 1839 119 1892 tt
141 1829 289 1892 sccundus
305 1849 323 1889 n
338 1848 410 1912 rege
426 1848 575 1891 consensu
592 1827 689 1911 gentis
705 1826 786 1891 illius
803 1827 960 1891 habeatur.
1000 1822 1036 1889 Id
1052 1826 1163 1891 bomini
1178 1825 1299 1892 nobi-t

142 1930 256 1993 lissimo
279 1927 443 2014 Lycomedi
463 1927 606 2015 Bithynio
637 1929 838 2007 adiudicauit3
870 1929 918 2012 qui
947 1929 1032 2012 regio
1055 1925 1265 2014 Cappadocum

142 2050 256 2114 genere
280 2041 364 2095 ortas
387 2042 509 2116 propter
529 2033 686 2096 aduersam
703 2033 853 2094 fortunam
868 2032 1015 2096 maiorum
1031 2053 1153 2098 suorum
1167 2043 1266 2098 muta·

144 2134 315 2216 tionemque
337 2137 457 2218 generis
481 2136 547 2199 iure
569 2134 690 2198 minime
706 2131 796 2196 dubio
810 2141 962 2196 uetustate
976 2143 1076 2197 tannen
1090 2135 1264 2200 intermisso

141 2235 340 2300 sacerdotium
362 2238 391 2301 id
413 2237 578 2321 repetebat.
611 2233 714 2299 Fratri
736 2244 836 2298 autem
857 2233 1074 2298 Ariobarzanis
1095 2235 1300 2315 Ariaratbi,li

83 2349 119 2403 2⁰
143 2359 210 2401 cum
224 2337 301 2402 benc
315 2339 440 2404 meritus
458 2350 581 2422 uterque
597 2360 699 2403 eorum
715 2339 751 2402 de
766 2336 918 2420 republica
933 2347 1033 2416 esset,
1056 2357 1097 2401 ne
1111 2347 1163 2401 aut
1176 2337 1264 2422 regui

142 2441 309 2504 baereditas
318 2441 503 2505 Ariarathen
518 2441 705 2516 sollicitaret,
719 2450 772 2504 aut
787 2440 893 2505 haeres
908 2439 995 2524 regni
1011 2449 1141 2505 terreret
1149 2485 1262 2506 ......

141 2543 343 2606 Ariobarzani
359 2545 516 2623 adtribuit,
535 2545 584 2629 qui
599 2544 653 2608 sub
669 2545 733 2607 eius
749 2543 873 2628 imperio
888 2562 923 2610 ac
939 2544 1056 2609 dicione
1072 2554 1164 2609 esset.
1195 2540 1264 2629 lpse

141 2645 199 2709 iter
214 2646 362 2730 inceptum
380 2647 469 2710 simili
485 2647 644 2710 uelocitate
661 2647 807 2710 conticere
823 2647 932 2730 coepit.
958 2642 1034 2709 Cum
1050 2647 1170 2729 propius
1181 2644 1263 2711 Pon·
1276 2647 1321 2717 d'l

141 2758 201 2810 tunt
218 2750 350 2832 finesque
366 2747 593 2832 Gallograeciae
608 2746 801 2824 accessisset,
820 2745 993 2823 Deiotarus,
1010 2746 1176 2812 tetrarobes
1190 2744 1262 2814 Gal·

82 2861 117 2915 28
140 2850 309 2932 lograeciae
326 2862 395 2915 tunc
411 2852 528 2935 quidem
544 2871 637 2935 paene
652 2850 763 2926 totius,
789 2848 866 2931 quod
882 2848 909 2912 ei
926 2866 1022 2930 neque
1037 2846 1151 2930 legibus
1167 2868 1264 2930 neque

141 2953 273 3017 floribus
290 2973 465 3017 concessum
482 2975 550 3018 esse
566 2953 658 3017 ceteri
671 2951 841 3016 tetrarchae
853 2950 1084 3027 contendebant,
1096 2949 1162 3012 sine
1175 2948 1263 3015 dubio

140 3066 238 3117 autern
256 3074 315 3117 reru
330 3056 493 3118 Armeniae
508 3055 631 3118 minoris
647 3054 684 3117 ab
699 3064 806 3119 senatu
821 3053 999 3138 appellatus,
1011 3049 1156 3135 depositis
1170 3051 1263 3138 regiis

139 3152 307 3235 insignibus
323 3175 420 3237 neque
436 3166 550 3219 tontum
567 3156 683 3238 priuato
697 3156 828 3232 uestitu,
852 3155 905 3219 sed
921 3155 1011 3219 etiam
1027 3175 1146 3221 reorum
1160 3154 1262 3223 babitu

139 3257 266 3341 supplex
282 3258 319 3321 ad
335 3253 498 3322 Caesarem
514 3258 598 3322 uenit
612 3267 747 3339 oratum,
764 3268 799 3321 ut
813 3258 870 3321 sibi
885 3257 1069 3341 ignosceret,
1086 3260 1164 3343 qnod
1178 3260 1211 3327 iu
1225 3280 1262 3324 ea

248 3448 258 3498 l
278 3447 394 3498 tirannos
408 3449 525 3499 dinastus
538 3465 564 3498 α.
722 3449 844 3500 finitimos
859 3447 1074 3514 Oudendorpiua,
1089 3448 1262 3515 finitimosque

139 3521 216 3575 codd.
334 3524 586 3576 2cooonrrerentb.
699 3525 891 3575 conditionibus
905 3523 955 3589 (u).
1071 3524 1260 3592 diupositisa.

247 3604 260 3653 5
276 3602 383 3652 Sentnrn
396 3619 422 3666 n,
438 3602 500 3654 Sex.
514 3618 541 3654 u.
648 3603 800 3670 bpraelecit
810 3619 828 3654 a
842 3604 915 3655 ‘maa
929 3607 957 3652 et
969 3602 1029 3653 edd.
1043 3603 1127 3669 qaid),
1142 3605 1262 3670 praabcit

137 3691 167 3729 u.
271 3679 578 3746 8oppidurnestiereo.
684 3677 1042 3744 briaitatomhegionumb.
1149 3680 1262 3731 ltuenit

136 3759 200 3818 port
212 3754 325 3805 Comana
343 3759 440 3820 posui,
456 3771 509 3807 om.
524 3773 540 3807 u
555 3758 569 3806 b
583 3757 623 3810 oa
637 3755 724 3818 datt.,·
737 3761 803 3807 onte
816 3755 929 3805 Comana
940 3757 1021 3821 ponit
1033 3769 1062 3804 tt.
1168 3755 1261 3808 llata-

136 3831 245 3891 iaatate]
257 3834 338 3895 magis
352 3848 368 3882 a
383 3834 397 3882 b
411 3848 425 3882 c
437 3834 452 3884 l
466 3834 535 3885 dett.
676 3834 708 3885 lb
721 3833 818 3886 bomini
831 3847 885 3883 cm.
900 3834 925 3883 b.
1061 3831 1092 3884 ld
1104 3830 1218 3884 liitbiaio
1230 3849 1258 3885 a.

245 3906 373 3958 iudicauit
387 3909 411 3959 b.
540 3907 720 3976 Cappadociae
732 3923 854 3975 capraea.
869 3923 927 3959 cnm
940 3923 968 3957 a.
1092 3906 1122 3959 tt
1137 3906 1260 3962 fratri-

136 3983 269 4037 Ariaratbi
289 3999 306 4034 a
326 3986 390 4036 ‘mci
407 3986 505 4037 omnaa'
520 3992 634 4052 praeter
650 3988 748 4044 2dett.
756 4024 765 4052 ,
788 3986 895 4038 fratrent
909 4013 940 4024 -
952 3983 1109 4037 Ariarathen
1122 4000 1150 4037 tt.

136 4060 169 4115 21
183 4061 334 4112 baereditas
346 4062 396 4126 (o),
411 4079 463 4114 non
478 4063 568 4114 bered.
706 4063 811 4127 (baares
824 4064 875 4130 (al)
888 4060 1006 4114 bominac
1019 4062 1044 4113 b.
1169 4062 1259 4117 Lucu·

136 4152 262 4205 numago
275 4142 382 4190 notaui.
397 4140 429 4190 Ρ.
443 4141 504 4192 aad.
602 4138 808 4193 22adtribnito.
912 4138 1012 4191 ditione
1023 4138 1073 4206 (a).
1173 4139 1259 4196 23η-

135 4224 236 4283 coptam
249 4233 263 4266 c
274 4219 289 4268 5
302 4219 390 4283 dett.,·
404 4226 506 4286 ceptum
519 4231 546 4281 a,
561 4224 680 4284 coeptum
692 4217 743 4286 (b).
867 4223 946 4283 ponte
958 4220 1023 4267 anto
1035 4230 1106 4268 corr.
1121 4231 1148 4267 a.

135 4292 376 4347 alternos-obeso.
483 4295 634 4361 bipanaa.
741 4291 998 4360 diregiiahcglaa.
1100 4292 1256 4348 munuc.

1020 4372 1085 4437 ᾗ.
