2684 4694
76 234 142 304 aaa
526 224 658 294 BELLl
679 223 870 293 arnicas

137 400 272 488 corporis
294 399 359 464 eius
381 399 449 464 sine
464 399 594 483 tegmine
608 399 688 462 nuda
702 398 942 482 relinqueretur,
968 408 1052 462 uteo
1067 397 1127 462 tela
1144 401 1273 467 conice·

100 505 262 583 llreutnr,
284 513 462 588 praeterea,
486 512 520 566 ut
534 502 665 565 iumenta
679 501 844 565 bestiarum
859 501 981 565 odorem
997 501 1222 586 stridoremque
1237 515 1271 568 ct

99 606 267 693 bspcciem
290 604 508 668 consuetudine
529 614 615 688 capta
630 624 691 666 non
706 602 949 666 reformidarent.
981 599 1100 683 Quibus
1115 624 1159 667 ex
1174 604 1268 669 rebus

136 709 263 792 largiter
284 717 351 771 erat
371 717 565 770 consecutus.
597 703 678 769 Nam
694 713 725 768 et
739 704 848 767 milites
863 703 977 767 bestias
993 704 1131 768 manibus
1147 717 1269 791 pertra-

136 810 258 874 ctabant
277 828 438 891 earumque
453 809 624 872 tarditatem
640 806 874 891 cognoscebant,
893 806 1068 889 equitesque
1083 807 1114 870 in
1130 827 1184 871 eos
1201 809 1263 893 pila
1284 820 1299 871 a

136 911 301 998 praepilata
329 906 534 988 coniciebant,
566 921 655 993 atque
677 910 708 973 in
731 909 979 973 consuetudinem
1001 928 1093 991 equos
1116 909 1266 993 patientia

78 1013 123 1085 73
136 1013 298 1079 bestiarum
320 1012 499 1077 adduxerat.
532 1008 580 1075 (lb
603 1010 656 1076 bas
677 1030 803 1087 causas,
821 1031 895 1093 quas
910 1031 1000 1094 snpra
1016 1014 1263 1090 commemoraui,

136 1114 351 1181 sollicitabatur
364 1109 481 1179 Caesar
501 1115 675 1198 tardiorque
696 1122 727 1176 et
747 1113 966 1177 consideratior
980 1123 1046 1176 erat
1061 1114 1157 1177 factus
1172 1123 1204 1177 et
1219 1135 1265 1178 ex

99 1215 122 1282 2
136 1216 263 1302 pristina
270 1215 399 1281 bellandi
409 1217 625 1280 cousuetudine
634 1214 846 1298 celeritathne
856 1226 1045 1279 excesserat.
1061 1212 1261 1279 Necmirum.

50 1330 63 1363 ¹'
136 1315 248 1405 Copias
263 1319 342 1383 enim
360 1318 485 1382 babebat
500 1314 641 1382 inGallia
656 1316 768 1382 bellare
784 1328 944 1381 consuetas
956 1317 1030 1381 locis
1041 1316 1263 1400 campestribus
1286 1326 1315 1381 ta

136 1432 168 1485 et
182 1433 288 1486 coutm
304 1418 426 1500 Gallos,
455 1420 589 1483 bomines
604 1429 724 1504 apertos
738 1417 918 1502 minimeque
931 1419 1111 1495 insidiosos,
1137 1418 1189 1500 qui
1203 1438 1262 1502 per

99 1520 121 1586 3
138 1524 298 1600 uirtutem,
316 1542 376 1584 non
392 1542 445 1606 per
459 1522 557 1585 dolum
574 1521 714 1585 dimicare
729 1531 932 1599 consuerunt3
954 1531 1014 1584 tum
1030 1530 1129 1584 autem
1145 1520 1263 1587 eratci

136 1622 345 1701 laborandum,
362 1634 396 1686 ut
410 1624 636 1686 consuefaceret
651 1622 759 1688 milites
775 1623 901 1687 hostium
917 1620 1011 1698 dolos,
1028 1620 1166 1699 insidias,
1184 1622 1262 1684 arti·

100 1724 122 1788 t
137 1725 204 1789 ficia
218 1745 403 1810 cognoscere
417 1725 532 1808 etquid
548 1725 644 1807 sequi,
656 1724 726 1806 qnid
742 1725 840 1788 uitare
853 1722 1036 1788 conueniret.
1059 1719 1178 1805 ltaque,
1196 1742 1261 1805 quo

136 1827 212 1892 baec
227 1828 356 1891 celerius
371 1827 583 1910 conciperent,
607 1826 696 1890 dabat
718 1844 859 1911 operam,
876 1835 911 1888 nt
924 1824 1057 1910 legiones
1072 1846 1132 1888 non
1148 1824 1182 1888 in
1197 1845 1262 1889 nno
1285 1835 1314 1890 tt

135 1931 202 1994 loco
218 1929 395 2006 contineret,
408 1930 460 1991 scd
476 1948 530 2012 per
544 1948 665 1992 causam
682 1928 883 1992 frumentandi
899 1928 954 1991 buo
969 1936 1059 2010 atque
1072 1927 1143 1992 illuc
1158 1938 1262 2012 rapta·

134 2041 194 2109 ret,
204 2032 272 2095 ideo
286 2029 364 2113 quod
380 2030 509 2094 bostium
525 2031 627 2116 copias
643 2031 679 2095 ab
691 2050 725 2095 se
737 2051 850 2114 suoque
860 2030 988 2116 uestigio
1000 2050 1061 2093 non
1071 2014 1259 2094 discesseras

97 2131 338 2198 desistimabat.
370 2132 473 2216 Atque
495 2144 563 2219 post
585 2133 661 2199 diem
683 2134 804 2198 tertium
826 2133 987 2218 productas
1002 2130 1167 2196 accuratius
1182 2150 1257 2193 suas

135 2236 237 2321 copias
259 2235 339 2300 sicut
358 2236 565 2314 instruxerat,
589 2247 711 2321 propter
733 2235 861 2299 bostium
883 2245 985 2299 castra
1013 2244 1257 2319 praetergressus

134 2358 230 2422 aequo
245 2340 312 2402 loco
327 2339 436 2402 inuitat
450 2339 486 2402 ad
503 2339 710 2402 dimicandum.
735 2335 896 2420 Postquam
913 2336 1076 2401 abborrerc
1091 2355 1144 2399 eos
1159 2333 1258 2413 uidet,
1279 2342 1312 2398 tt

76 2439 122 2510 Ἡ
135 2441 249 2503 reducit
263 2440 317 2503 sub
332 2461 490 2524 uesperum
507 2441 640 2523 legiones
656 2441 687 2503 in
703 2452 814 2504 castra.
840 2437 949 2525 Legati
965 2438 1083 2503 iuterim
1095 2458 1137 2502 ex
1149 2435 1259 2521 oppido

133 2537 233 2623 Vaga,
251 2541 326 2623 quod
343 2541 498 2603 finitimum
514 2542 570 2605 fuit
584 2539 691 2620 Zetae,
702 2543 787 2606 cuins
802 2537 964 2607 Caesarem
981 2541 1105 2625 potitum
1121 2560 1191 2603 esse
1206 2538 1258 2601 de-

97 2640 384 2720 2monstranimns,
408 2643 553 2722 ueniunt3
578 2653 681 2728 petunt
702 2655 733 2708 et
754 2645 933 2722 obsecrant,
956 2653 991 2707 ut
1004 2642 1061 2707 sibi
1078 2640 1260 2726 praesidium

134 2745 247 2808 mittat:
272 2765 306 2809 se
321 2766 371 2808 rea
386 2745 572 2831 complures,
598 2766 674 2828 quae
689 2747 778 2810 utiles
792 2745 870 2810 bello
885 2747 963 2824 sint,
981 2744 1257 2808 administraturos.

98 2844 118 2910 3
133 2843 286 2913 Paridem
301 2858 416 2931 tempus
432 2848 554 2911 deorum
568 2847 721 2912 uoluntate
732 2848 890 2932 studioque
899 2869 970 2934 erga
981 2844 1143 2913 Caesarem
1156 2856 1259 2909 trans-
1280 2854 1312 2909 tt

135 2949 204 3033 fuga
227 2971 298 3014 suos
324 2951 407 3014 ciues
430 2948 502 3013 lacit
524 2951 669 3015 certiores
685 2947 786 3012 labam
807 2972 910 3034 regem
926 2951 1062 3016 celeriter
1076 2969 1140 3012 cum
1157 2947 1256 3029 copiis

133 3051 208 3126 suis,
225 3063 384 3136 antequam
397 3048 540 3116 Caesaris
556 3052 734 3138 praesidium
751 3073 787 3116 eo
804 3054 986 3137 perueniret,
999 3051 1035 3117 ad
1050 3049 1185 3135 oppidum
1201 3048 1258 3111 ad-

81 3152 85 3188 ³
133 3153 306 3217 cucurrisse
329 3165 418 3238 atquc
439 3156 646 3219 aduenientem
667 3155 855 3219 multitudine
877 3157 1056 3220 circumdata
1072 3174 1108 3217 eo
1128 3151 1256 3237 potitum

82 3253 87 3267 '
133 3253 327 3338 omnibusque
343 3256 407 3320 cius
423 3257 518 3342 oppidi
534 3256 640 3321 incolis
656 3257 692 3321 ad
707 3277 797 3321 nuum
808 3258 976 3323 interfectis
989 3257 1105 3321 dedisse
1115 3254 1256 3339 oppidum

241 3444 251 3496 l
268 3445 384 3510 corporis
398 3445 454 3495 eius
468 3462 485 3496 a
498 3445 659 3512 Stapbaaua,
675 3446 732 3497 eius
744 3448 863 3515 corporis
876 3451 981 3498 caterae
993 3446 1054 3498 cdd.
1199 3443 1257 3495 sine

131 3523 244 3586 tegmina
259 3524 325 3573 nuda
339 3538 365 3586 a,
382 3524 449 3573 nuda
463 3525 520 3575 sine
534 3527 647 3590 tegmine
660 3525 720 3577 edd.
736 3525 878 3590 (tegumine
892 3525 928 3591 c).
1033 3527 1051 3579 2
1063 3522 1258 3587 stridoremque

130 3612 148 3648 a
157 3599 180 3662 b,
196 3599 334 3650 stridorem
347 3614 374 3649 u.
480 3609 507 3652 et
520 3603 634 3668 speciem
648 3616 718 3651 naua
731 3600 796 3665 aaa,
812 3603 923 3667 speeiem
936 3601 1048 3667 reliqui.
1153 3598 1258 3664 deapta

131 3694 202 3730 anas
210 3679 275 3743 det,
286 3686 417 3746 captarum
427 3679 601 3746 reliquisses
610 3694 711 3730 omnes.
816 3680 987 3732 reformidare
998 3695 1015 3729 ιι
1025 3679 1048 3728 b.
1154 3690 1188 3725 ea
1198 3691 1256 3726 om.

131 3756 156 3805 b.
261 3756 522 3808 tcautraotabantb.
628 3755 840 3806 bcoiciebanto.
945 3757 1076 3806 inemo.
1182 3753 1258 3804 dne·

130 3835 217 3899 qued.
334 3833 707 3900 ltcognoscereutquidsb.
824 3834 888 3900 qued
903 3835 986 3886 uitare
999 3849 1025 3884 a.
1142 3832 1254 3896 quoda.

238 3911 420 3962 lbdabuota.
525 3912 659 3962 iuom.a.
770 3911 1014 3976 lbrapsareabc.
1118 3908 1256 3959 illexisti·

128 3983 234 4035 mebant
246 4000 273 4036 a.
386 3989 519 4054 productis
532 3988 634 4040 —suis
648 3988 729 4054 copiis
744 3987 882 4039 Cloelius.
992 3987 1022 4041 tt
1036 3984 1157 4052 boatium]
1173 3985 1255 4036 aciem

129 4064 194 4110 cate
207 4075 278 4111 corr.
291 4077 318 4112 a.
434 4064 469 4116 tt
482 4065 554 4131 Vaga
566 4082 583 4117 a
596 4067 611 4116 b
624 4082 647 4130 c,
662 4063 734 4115 Vaoa
747 4065 781 4127 d,-
794 4064 882 4117 Vacca
894 4081 923 4117 a.
1036 4064 1118 4115 Zeiae
1133 4064 1195 4127 bct,
1204 4066 1256 4128 qui

130 4139 178 4190 ‘ad
189 4154 264 4190 oram
277 4141 356 4191 credo
369 4140 472 4208 Zotac’,
486 4144 513 4195 d.
644 4144 677 4200 2³
691 4152 719 4196 ct
732 4160 785 4196 om.
800 4160 817 4196 a
831 4147 855 4197 b.
983 4146 1018 4198 25
1032 4144 1181 4208 transfugas
1194 4159 1211 4194 a
1226 4144 1252 4194 b.

237 4216 271 4271 ti
283 4217 478 4283 (adcucurrisse
491 4221 544 4288 (a))
558 4221 708 4273 decurrisse
723 4220 747 4272 b.
864 4223 898 4278 28
911 4220 1092 4274 aduenientem
1105 4238 1122 4273 a
1135 4237 1158 4285 c,
1174 4221 1253 4271 adue·

127 4293 257 4348 aientes.
