2684 4694
510 185 819 252 ...ιη-

111 355 200 419 codd.
217 354 355 418 omnibus
371 355 467 420 abest.
491 353 599 420 Sedne
613 357 662 422 iila
678 358 797 440 quidem
806 359 904 423 ‘uerbo
920 362 963 425 ‘id
979 381 1018 425 ue
1032 371 1094 425 tum
1106 363 1233 444 quidem‘

111 459 156 522 ita
170 457 202 520 in
218 457 304 521 codd.
322 458 434 542 scripta
456 470 538 523 sunt.
583 456 619 523 ln
641 460 841 525 deterioribus
856 461 935 525 enim
951 473 998 525 ιιι
1022 463 1071 525 ‘id
1094 484 1133 528 ne
1153 475 1235 528 rnetn

111 560 251 645 quidem',
267 560 299 623 in
314 561 443 644 integris
460 566 506 624 ‘ut
520 582 559 624 ne
574 555 653 625 metu
669 562 811 647 quidem',
827 563 859 625 io
876 561 976 625 biron.
994 560 1160 646 pr..0xou.
1173 563 1234 632 Vn·

111 663 171 727 sin.
191 673 243 725 ‘ut
258 682 347 725 nemo
362 671 432 726 tunc
448 663 594 744 quidem',
612 662 795 749 idemquei'n
810 662 936 748 reliquis
950 664 1014 726 eius
1031 665 1160 731 familiae
1175 666 1236 753 legi

111 764 264 849 probabile
288 775 357 828 est·
392 763 445 843 Eu
468 765 513 828 bis
537 765 627 828 codd.
656 764 794 847 uestigiis
822 766 905 828 recte
928 761 1110 829 ciacconius
1138 768 1236 833 effecit

115 864 205 929 ‘Nam
228 877 263 929 ot
284 875 465 930 commutato
489 867 616 930 oonsilio
637 866 697 930 iter
716 868 752 928 in
770 867 953 949 prouinciam
970 879 1163 934 conuerteret
1183 879 1236 951 (ιιι

110 989 277 1032 ιιιιιιοιιιιι
291 976 353 1030 tum
367 969 486 1051 quidem
501 967 675 1035 necessario
690 969 859 1032 iaciendum
870 970 1089 1053 existimabat),
1107 993 1174 1038 oum
1190 974 1236 1036 in-

111 1071 201 1135 famia
224 1102 265 1120 a·
279 1069 478 1153 impediebat,
503 1081 568 1134 tum
584 1071 735 1144 maxime,
760 1072 837 1153 quod
853 1106 894 1119 -—
910 1071 1056 1136 timebat'.
1088 1072 1189 1137 Vnum
1203 1076 1236 1139 in

112 1172 160 1236 bis
174 1173 418 1256 praetermissum
434 1183 501 1250 est,
525 1174 602 1254 quod
620 1172 820 1256 Elberiingius
840 1185 923 1237 recte
942 1175 1174 1254 animaduertit,
1198 1177 1236 1240 ob

111 1274 235 1339 uerbum
253 1274 452 1358 ‘impediebat’
466 1276 656 1339 scribendum
672 1275 765 1339 foisse
787 1286 869 1339 ‘nam
885 1296 922 1339 oe
938 1288 1119 1341 commutato
1135 1278 1236 1343 cousi-

111 1376 162 1440 lio’
179 1387 263 1454 cett,
280 1376 388 1458 idque,
406 1398 472 1439 cum
488 1377 543 1442 bae
557 1379 635 1441 duae
650 1378 815 1461 particulae
830 1390 952 1462 saepto
969 1379 1103 1443 librariis
1117 1401 1235 1463 pernu-

112 1489 233 1556 tentur,
257 1478 412 1561 corrigere
436 1501 496 1542 noo
511 1480 656 1543 dubitaui.
702 1478 783 1544 Tota
799 1481 916 1564 quidem
933 1476 1089 1544 ciacconii
1103 1483 1235 1556 rationes

111 1581 150 1645 dc
165 1602 255 1645 cansa
271 1582 345 1645 reici
359 1600 420 1644 non
436 1581 573 1658 debebat,
590 1582 683 1645 multo
699 1583 798 1646 minus
812 1580 979 1647 Dauisiana
993 1585 1157 1667 praeferri,
1184 1584 1235 1667 qni

111 1695 228 1749 ιιιιιιι
244 1684 391 1768 particula
408 1684 506 1766 ‘qood’
522 1685 622 1749 uerbis
647 1692 731 1748 ‘cnm
746 1685 884 1748 iniania'
900 1707 919 1748 a
934 1680 1087 1768 Stephano
1101 1687 1235 1770 interpo-

110 1786 189 1864 sita,
212 1787 316 1850 eadem
336 1786 481 1850 orationis
496 1787 590 1851 formo
605 1797 695 1870 atque
711 1783 882 1871 Stephanus
897 1787 1019 1870 scripsit
1044 1789 1090 1851 ‘id
1113 1788 1235 1853 minime

111 1899 175 1953 tum
190 1889 307 1970 quidem
322 1889 496 1951 necessario
513 1889 679 1952 iaciendum
695 1889 908 1953 existimabat'.
939 1886 1027 1971 Quae
1041 1886 1235 1974 quodeit·

108 1991 171 2054 tius
187 1991 323 2053 detracto
347 1989 411 2051 ‘id’
434 1990 609 2071 pronomine
624 1989 761 2073 proxime
783 1992 819 2053 ad
842 1993 969 2075 optimos
984 1993 1071 2057 codd.
1089 1992 1234 2056 accedere

107 2090 270 2176 gloriatur,
288 2091 436 2154 neminem
452 2089 631 2153 crediturum
648 2089 793 2153 arbitrere
811 2091 875 2166 sed,
892 2094 1080 2174 quantumuis
1095 2095 1232 2169 accedat,

110 2193 264 2260 sententia
280 2191 466 2275 ineptissima
481 2202 540 2255 est.
566 2187 626 2272 Qui
641 2191 720 2254 enirn
736 2193 878 2256 conuenit
892 2212 973 2272 eum,
990 2197 1039 2278 qui
1055 2195 1165 2277 aliquid
1179 2196 1234 2258 mi·

109 2298 191 2362 nima
206 2294 380 2359 necessario
391 2294 560 2357 iaciendum
574 2294 742 2372 existimat,
760 2295 825 2358 aius
836 2299 1007 2361 seutentiae
1023 2297 1100 2361 banc
1114 2316 1234 2360 eausam

109 2418 241 2483 ponere,
265 2398 360 2480 quod,
378 2398 549 2480 quominus
565 2398 593 2461 id
611 2397 721 2470 iaciat,
743 2397 919 2478 quibusdem
934 2398 1023 2463 rebus
1037 2397 1235 2481 impediatur?

108 2501 190 2566 Nam
206 2511 240 2564 ut
254 2500 360 2582 aliquis
375 2501 407 2564 iu
422 2501 472 2564 illa
486 2501 638 2565 sententio
653 2519 721 2564 esse
741 2500 854 2582 possit,
878 2500 1003 2565 liberam
1019 2521 1085 2565 eum
1101 2510 1235 2585 potesta·

109 2615 171 2669 tam
186 2604 296 2667 babere
311 2613 448 2687 oportet,
466 2613 566 2666 uuum
582 2604 683 2667 faeere
697 2600 783 2678 uelit,
801 2622 841 2665 an
856 2603 941 2666 nolit.
973 2599 1030 2666 Illa
1052 2623 1126 2667 uero
1142 2622 1234 2667 eausa

109 2708 153 2771 ita
168 2715 251 2769 recte
267 2704 447 2783 adiceretur,
469 2705 495 2768 si
512 2702 709 2769 Caesaream
725 2724 806 2782 rem,
824 2703 861 2766 de
875 2725 932 2787 qua
945 2705 1111 2787 agebatur,
1128 2724 1234 2768 ncces·

111 2809 193 2873 sario
209 2829 270 2871 non
286 2807 449 2871 iaciendum
472 2806 689 2871 existimasset.
734 2804 850 2870 Eodem
874 2807 995 2871 nomine
1016 2826 1051 2870 es
1073 2807 1235 2888 repreben-

110 2910 207 2975 denda
221 2930 291 2974 esse
305 2921 439 2994 apparat,
457 2929 533 2992 quae
549 2920 619 2974 aute
633 2906 877 2991 Oudendorpium
894 2909 1015 2994 ιιιςιιι
1030 2927 1098 2971 esse
1114 2904 1189 2969 dixi.

198 3007 364 3095 Oppidum,
389 3012 468 3093 qnod
482 3033 510 3074 c.
529 3009 583 3087 58,
607 3008 675 3072 2et
689 3007 711 3071 6
725 3020 757 3072 ιι
771 3031 798 3073 c.
816 3008 871 3088 60,
889 3009 906 3071 1
923 3021 1184 3087 commemoratur,
1201 3009 1234 3073 in

112 3114 291 3179 editionibus
315 3109 511 3196 Scaligerana
530 3110 748 3192 antiquioribus
777 3122 809 3175 et
831 3113 862 3175 in
883 3111 1100 3175 recentioribus
1126 3112 1235 3175 indeo

112 3215 241 3280 Dauisio
270 3212 466 3280 Melodnoum
496 3212 673 3298 appellatur.
718 3211 821 3276 Primo
850 3214 917 3277 loco
941 3209 1171 3296 Oudendorpios
1200 3213 1233 3277 in

112 3316 216 3384 Oxou.
234 3317 292 3400 legi
309 3316 353 3380 ait
370 3314 593 3380 ‘Metiosedum'
615 3315 765 3396 (idemque
779 3325 827 3379 est
841 3315 871 3378 iu
887 3314 960 3379 Par.
978 3321 1071 3398 sec),
1093 3316 1124 3379 in
1140 3313 1230 3380 Laid.

111 3441 157 3505 pr.
177 3417 372 3484 ‘bieodunum
388 3418 515 3496 sedum,
532 3418 564 3481 in
579 3417 700 3500 reliquis
715 3416 780 3482 suis
795 3417 880 3481 codd.
909 3415 1146 3497 ‘Mellodunum
1163 3415 1233 3482 Me-

110 3523 264 3600 leduuom,
281 3519 467 3585 Miladonum
482 3520 582 3597 cett.’,
607 3541 732 3604 quorum
749 3520 874 3604 primum
890 3520 1034 3605 scriptum
1051 3531 1099 3585 est
1112 3522 1143 3585 in
1157 3517 1231 3585 Por.

111 3646 158 3709 pr.
175 3621 269 3690 Voss.
286 3643 334 3706 pr.
351 3645 368 3686 ι
384 3644 424 3686 m.
441 3645 503 3688 seo.
521 3621 623 3688 flauo.
642 3644 709 3706 pr.‚
736 3620 975 3688 ‘Melleduoum'
998 3624 1029 3686 in
1046 3622 1137 3688 Voss.
1155 3642 1234 3706 pr.a

111 3749 152 3790 m.
168 3748 236 3811 pr.‚
254 3723 472 3789 ‘Mellidunum'
487 3725 521 3788 in
534 3723 624 3807 Egm.
656 3725 764 3788 Altero
779 3736 811 3790 ιι
833 3726 922 3789 tertio
945 3725 1011 3789 loco
1034 3724 1233 3790 ‘Metiosedo’

111 3840 160 3894 est
172 3829 205 3892 iu
219 3828 356 3892 omnibus
372 3826 560 3908 interpolatis
584 3836 615 3890 et
635 3828 726 3891 tertio
749 3828 840 3891 etiam
854 3829 886 3890 io
904 3825 1001 3912 Bonq.
1019 3848 1086 3911 pr.=
1110 3828 1142 3890 in
1157 3824 1231 3890 Par.

111 3951 158 4015 pr.
176 3932 222 3995 bis
237 3931 311 3995 iocis
326 3929 467 4014 seriptum
484 3940 533 3993 est
548 3926 766 4008 ‘Medodooe'‚
791 3927 1019 4012 Oudendorpius
1035 3929 1148 4013 aliquot
1162 3950 1233 3993 suos

111 4033 222 4098 babere
238 4034 333 4097 reiert
349 4029 534 4095 ‘Melodone'
550 4042 582 4094 et
595 4027 800 4095 ‘Medodone’.
827 4030 889 4095 lam
905 4050 972 4094 cum
986 4030 1033 4095 bis
1049 4031 1143 4095 tribus
1160 4033 1233 4095 locis

112 4158 203 4201 unum
226 4137 362 4217 idemque
384 4133 522 4218 oppidum
544 4133 770 4196 commemorari
785 4143 945 4218 appareat,
970 4154 997 4195 ι.
1021 4132 1079 4209 58,
1096 4132 1118 4196 2
1133 4144 1233 4196 autem

112 4259 179 4303 oum
194 4237 322 4322 integris
337 4237 423 4302 codd.
440 4234 542 4300 lituo.
560 4255 607 4320 pr.
624 4244 672 4311 et,
697 4246 731 4299 ut
745 4234 876 4311 uidetur,
902 4231 985 4298 Scai.
1003 4246 1035 4298 et
1049 4231 1180 4310 Gaiae,
1197 4232 1234 4297 de

141 4337 283 4393 cosmas.
298 4337 404 4396 suppos.
1004 4334 1025 4398 7
