2692 4688
110 196 175 263 334
505 188 563 257 ntt
586 187 730 258 tutuo
753 188 947 259 subulco

168 365 283 450 equites
297 362 453 438 baberent,
471 363 547 445 quod
562 363 603 438 ii,
620 362 668 446 qui
684 364 884 429 frumentandi
900 384 990 427 eausa
1006 363 1105 428 ierant
1120 373 1205 428 mans
1221 360 1291 431 Mo·

168 490 244 547 sam,
262 467 391 531 noudum
406 463 579 543 redierant,
602 467 674 531 nihil
691 467 863 530 timentibus
878 466 1011 540 uostris,
1036 465 1114 549 qnod
1129 468 1222 550 legati
1238 488 1292 532 eo·

168 592 233 635 rum
249 568 337 654 paulo
353 577 423 630 ante
438 587 456 629 a
472 562 606 631 Caesare
627 570 833 632 discesserant
853 579 943 650 atque
964 569 989 631 is
1005 568 1069 631 dies
1086 569 1208 632 indutiis
1224 580 1292 633 erat

131 673 154 739 2
169 673 206 737 ab
222 672 268 735 bis
283 670 407 755 petitus,
425 669 535 754 impetu
552 672 630 734 laeto
646 671 786 734 celeriter
801 680 920 734 nostros
936 671 1209 755 perturbanerunt3
1225 692 1295 737 rur·

170 796 223 839 sus
238 773 448 837 resistentibus
464 773 677 836 consuetudine
691 794 747 837 sua
762 773 799 836 ad
815 773 905 856 pedes
921 773 1125 851 desiluerunt,
1142 772 1293 838 subfossis
1314 786 1331 837 t

169 878 255 959 equis
270 874 642 960 oonplnribnsquenostris
658 874 921 961 deieetisreliquos
936 875 967 938 in
984 875 1081 959 lugam
1098 875 1297 941 coniecerunt

170 989 259 1062 utque
274 978 316 1041 ita
333 976 508 1060 perterritos
524 988 663 1060 egerunt,
679 989 711 1040 ut
726 998 785 1039 nou
802 976 884 1060 prius
901 978 972 1061 luga
986 976 1188 1054 desisterent,
1206 999 1297 1061 quam

135 1078 201 1145 ‘din
217 1090 409 1165 conspectum
426 1079 554 1162 agminis
570 1080 664 1143 nostri
681 1079 845 1143 uenissent.
885 1074 921 1141 In
948 1099 984 1142 eo
1000 1079 1114 1162 proelio
1129 1100 1172 1143 ex
1186 1081 1300 1164 equiti·

136 1183 158 1247 4
173 1184 228 1248 bus
243 1183 357 1247 nostris
372 1182 595 1245 interficiuntur
609 1190 752 1264 quattuor
767 1192 797 1245 et
811 1180 1020 1264 septuaginta,
1046 1181 1077 1244 iu
1102 1181 1148 1245 bis
1171 1183 1220 1246 uir
1233 1184 1298 1247 lor·

171 1286 305 1350 tissimus
321 1282 393 1348 Piso
408 1284 591 1366 Aquitanos,
608 1283 790 1367 amplissimo
806 1303 917 1367 genere
932 1293 1040 1362 natus,
1064 1288 1149 1347 ouius
1171 1304 1250 1348 auus
1264 1284 1298 1349 in
1320 1296 1334 1350 t

171 1388 294 1451 ciuitate
309 1406 497 1469 suaregnum
507 1386 678 1450 obtinuerat
691 1385 804 1449 amicus
820 1386 856 1449 ab
872 1396 981 1449 senatu
995 1394 1100 1449 nostm
1115 1386 1295 1471 appellatus.

138 1488 232 1554 bllie
254 1511 323 1553 oum
345 1488 431 1551 lratri
455 1488 620 1551 intercluso
643 1488 680 1550 ab
702 1488 839 1551 hostibus
861 1488 1005 1552 auxilium
1022 1488 1133 1567 lerret,
1156 1488 1241 1552 illurn
1255 1510 1299 1555 ex

173 1592 306 1676 periculo
321 1590 441 1673 eripuit,
458 1587 524 1671 ipse
540 1589 780 1671 eqnouulnerato
796 1590 943 1667 deiectus,
959 1590 1056 1673 quoad
1071 1590 1179 1675 potuit,
1197 1590 1299 1655 lortis-

136 1690 159 1757 li
173 1694 248 1759 sime
263 1692 392 1757 restitit:
410 1712 476 1754 eum
486 1691 709 1755 circumuentus
725 1691 823 1754 multis
840 1692 1013 1756 uulneribus
1023 1692 1155 1777 aeeeptis
1169 1691 1297 1758 sealdis·

174 1807 233 1875 set,
250 1807 340 1878 atque
355 1794 383 1856 id
400 1794 505 1871 frater,
523 1795 571 1877 qui
588 1793 644 1857 iam
662 1793 970 1878 proelioexcesserut,
988 1794 1093 1878 proeul
1108 1794 1298 1861 animaduer·
1320 1806 1335 1859 t

115 1896 158 1967 13
174 1899 278 1977 tisset,
295 1897 419 1960 inuitato
435 1916 511 1978 equo
526 1915 560 1959 se
576 1897 710 1961 hostibus
726 1896 833 1980 optulit
849 1907 937 1979 atque
953 1898 1131 1961 interlectos
1146 1906 1204 1960 est.
1226 1894 1296 1961 lloe

175 2002 254 2063 laeto
270 1998 384 2082 proelio
400 1994 516 2061 Caesar
531 2019 627 2081 neque
649 1999 706 2062 iam
728 2000 785 2062 sibi
801 1999 917 2084 legatos
934 1998 1096 2062 audiendos
1112 2018 1209 2081 neque
1223 2018 1297 2063 uon·

174 2100 307 2165 dieiones
322 2100 510 2183 accipiendas
525 2100 725 2163 arbitrabatur
739 2101 775 2164 ab
791 2100 846 2179 iis,
869 2102 917 2183 qui
935 2122 988 2185 per
1002 2099 1101 2164 dolum
1117 2112 1206 2185 atque
1220 2101 1297 2165 insi·

137 2200 237 2267 2dias
253 2204 346 2289 petita
361 2223 433 2288 paee
450 2204 529 2266 ultro
543 2201 651 2266 bellum
668 2202 859 2267 intulissent=
877 2213 1041 2286 expectare
1055 2223 1140 2279 uero,
1157 2203 1226 2265 dum
1240 2202 1297 2267 bo·

173 2305 260 2370 stiom
269 2306 372 2388 copiae
382 2316 564 2388 augerentur
574 2305 780 2387 equitatusque
788 2316 1005 2383 reuerteretur,
1022 2323 1154 2368 summae
1170 2303 1294 2367 demen-
1318 2316 1336 2373 ²

137 2404 158 2469 3
175 2409 234 2471 tiae
249 2429 318 2472 esse
334 2408 501 2485 iudicabat,
519 2418 550 2470 et
564 2407 685 2489 cognita
700 2404 853 2470 Gallorum
870 2407 1060 2485 infirmitate,
1076 2415 1216 2489 qnantum
1232 2405 1295 2471 ium

173 2509 251 2591 apud
266 2529 319 2572 eos
334 2510 437 2571 hostes
452 2529 511 2572 uno
527 2508 641 2593 proelio
657 2509 846 2572 auctoritatis
862 2520 965 2573 essent
981 2507 1156 2586 consecuti,
1182 2507 1295 2573 sentie-

171 2608 243 2686 bal3
267 2609 373 2691 quibus
393 2609 431 2672 ud
447 2610 571 2673 eonsilia
587 2610 729 2694 capienda
752 2611 824 2674 nibil
839 2611 927 2695 spatii
943 2610 1070 2673 dandum
1086 2608 1292 2675 existimabat.

136 2709 155 2774 4
173 2707 228 2775 llis
244 2712 416 2777 eonstitntis
431 2711 521 2775 rebus
544 2723 574 2775 et
594 2712 719 2777 oonsilio
735 2733 801 2775 oum
818 2713 924 2795 legatis
939 2723 971 2776 et
985 2721 1148 2795 quaestore
1162 2734 1295 2777 eommu-

171 2814 284 2892 nieato,
310 2834 449 2897 nequem
466 2814 542 2877 diem
558 2835 675 2898 pugnae
691 2816 956 2899 praetermitteret,
974 2815 1228 2898 opportunissime
1241 2836 1294 2881 aea
1314 2826 1336 2883 Ἄ

170 2916 297 2996 uooidit,
314 2918 391 3002 quod
408 2915 551 3002 postridie
567 2917 632 2980 eius
648 2917 706 2981 diei
722 2937 809 2981 mune
825 2916 928 2982 eadem
944 2926 975 2981 et
989 2918 1113 3001 perbdiu
1127 2928 1159 2983 et
1172 2918 1294 2985 simula·

277 3099 290 3151 l
306 3100 373 3166 quod
387 3100 424 3150 bii
436 3114 505 3151 eurr.
520 3102 548 3150 ιἰι
561 3099 619 3164 iis,
634 3099 701 3166 quod
715 3101 809 3167 reliqui
823 3102 885 3153 ΗΕ.
1006 3110 1080 3153 trans
1094 3100 1193 3155 Mosam
1206 3103 1293 3153 lerunt

171 3176 226 3227 OD
233 3214 242 3240 ,
256 3187 333 3228 orant
345 3186 419 3231 maus
433 3177 530 3229 blosam
543 3178 654 3245 proleeti
669 3180 719 3245 bs.
825 3180 841 3231 3
854 3179 954 3231 inditiis
966 3182 1005 3244 B,
1020 3181 1118 3232 inditus
1133 3182 1172 3244 0,
1185 3180 1292 3231 indutus

170 3264 231 3300 eum
243 3252 253 3300 l
263 3267 346 3318 saper
357 3254 435 3319 dusp
455 3254 566 3304 indoeiis
580 3271 607 3304 n.
624 3253 691 3305 Gall.
705 3254 726 3318 I,
740 3255 784 3309 ²⁵.
931 3258 948 3308 l
960 3255 993 3305 ab
1006 3256 1048 3307 bis
1061 3258 1086 3307 A
1093 3259 1116 3307 B
1126 3255 1191 3322 cf,
1206 3256 1239 3307 ub
1251 3256 1291 3307 ela

168 3327 193 3377 B
201 3343 229 3378 ιι.
369 3331 540 3383 turbauerunt
551 3333 586 3383 A.
722 3348 813 3385 rursus
827 3334 1011 3385 resistentibus
1022 3335 1079 3387 AB
1088 3334 1187 3399 cns,-
1201 3348 1292 3389 nnus

169 3408 210 3458 bis
223 3408 407 3461 resistentibus
421 3411 498 3475 bes,
514 3427 605 3462 rursus
618 3413 801 3464 resistentibus
815 3413 912 3463 nostris
925 3428 953 3461 ιι.
1099 3416 1113 3465 b
1127 3414 1292 3467 desiluerunt

167 3487 248 3550 A(13)
258 3488 311 3538 CB
319 3525 327 3551 ,
343 3488 496 3541 desilierunt
508 3491 532 3541 E
543 3494 572 3540 et
582 3505 654 3540 corr.
661 3491 691 3556 s.
820 3489 949 3541 subfossis
964 3490 1070 3541 ‘ceteri'
1083 3490 1139 3543 BC
1146 3491 1172 3542 11
1185 3496 1229 3557 sl,
1242 3494 1293 3558 qud

169 3562 241 3628 mu,
255 3564 294 3627 u‚·
308 3565 475 3631 sull'ossisque
488 3567 580 3629 (Anlt
593 3566 691 3631 besu.
832 3566 847 3617 b
861 3568 1092 3633 (conpluribusqoe
1104 3568 1140 3632 Β)
1153 3568 1291 3637 compluti·

168 3641 216 3691 bns
229 3642 253 3691 b.
349 3643 528 3710 coniecerunt]
543 3645 685 3708 coegerunt
698 3644 743 3695 be.
831 3645 848 3696 8
860 3646 885 3694 in
900 3653 1041 3713 conspeetu
1053 3645 1100 3695 Ea
1109 3645 1182 3711 bes.

169 3721 251 3771 nostri
263 3736 314 3771 sse.
329 3737 365 3772 ιιι.
380 3725 431 3772 tat.
446 3736 520 3772 nera.
533 3725 558 3777 B
563 3760 572 3785 ,
588 3722 613 3771 oi
628 3721 656 3772 C.
810 3721 825 3772 9
840 3728 964 3786 quattuor
975 3721 1031 3772 An
1041 3721 1110 3784 01),
1125 3722 1289 3787 qnatuurss,

168 3799 241 3865 arras.
463 3799 627 3865 septuaginta
640 3796 722 3862 (ΒΗ)
731 3798 769 3859 E,
784 3811 836 3847 ιιι
849 3814 908 3848 oum
922 3812 1021 3849 rasura
1032 3799 1226 3864 postulemus
1237 3800 1290 3869 xj.

275 3876 300 3925 in
315 3876 347 3924 iis
359 3875 431 3937 AB,
446 3876 471 3926 iu
486 3877 508 3926 is
519 3876 552 3926 Ε.
709 3874 761 3941 ιιίι]
775 3874 825 3925 luit
836 3874 899 3926 add.
916 3877 940 3926 b.
1085 3876 1111 3928 tt
1132 3876 1290 3945 unnutaj.

275 3948 376 4014 nostro]
391 3965 440 3999 nou
453 3966 547 4016 m.pr.
561 3950 594 4002 B.
713 3951 789 4002 l2e1
803 3951 922 4003 om.be.
1062 3952 1290 4006 ttaeetotmtt.

276 4028 308 4079 ld
321 4033 349 4076 ut
360 4027 386 4075 id
399 4043 437 4075 ιιι.
448 4040 493 4091 pr.
508 4028 541 4078 B.
647 4027 737 4093 prooul
751 4043 803 4079 om.
819 4030 843 4079 b.
966 4030 1077 4081 animum
1090 4030 1290 4101 udueatlmtj.

276 4103 459 4170 ldoptulitB.
567 4104 598 4157 ll
611 4106 774 4158 conditiones
788 4107 846 4170 (B).
971 4109 1292 4171 tortormentis«.

276 4182 308 4236 tt
321 4188 459 4247 expeetare
471 4180 505 4232 Β.
616 4183 651 4235 25
663 4185 882 4249 opportunissima
894 4200 938 4236 res
951 4185 1022 4251 (Ars)
1033 4189 1046 4235 t
1056 4186 1112 4252 es,
1127 4192 1294 4256 opportunis·

169 4264 233 4315 siue
246 4274 289 4313 res
303 4257 385 4311 Bel)
392 4256 424 4309 Ε.
440 4257 482 4309 Aa
496 4271 539 4308 res
552 4255 667 4307 delendo
680 4261 740 4308 esst
826 4260 860 4314 26
870 4264 952 4327 priua
965 4268 991 4311 et
1003 4276 1055 4313 osu.
1071 4264 1096 4313 b.
1187 4266 1295 4321 ainata-
