2684 4694
77 214 142 282 652
466 200 596 269 estut
620 200 928 268 Attxattnttutt

101 384 122 449 d
137 382 181 449 tbi
196 379 236 444 T.
256 378 366 444 Vasius
383 374 460 440 etL.
472 373 614 460 Mergilio
629 374 717 438 simili
733 375 911 438 confidentia
921 372 1072 454 Flaccum,
1083 354 1269 463 municipem

137 506 236 559 suum,
255 482 412 544 adiuuant:
436 487 523 541 erant
538 477 617 540 enim
633 496 736 540 omues
751 474 938 540 Italicenses.
968 475 1018 541 Ad
1033 478 1131 563 ipsum
1147 477 1267 564 Longi-

137 608 207 650 num
223 583 263 647 L.
282 582 419 645 Licinius
435 577 567 662 Squillus
586 579 699 642 inuolat
714 579 921 662 iacentemque
936 579 1053 644 leuibus
1069 581 1188 645 sauciat
1202 585 1266 666 pla·

82 688 127 759 53
138 688 193 773 gis.
224 684 425 749 Corrcurritur
440 683 476 745 ad
492 678 630 745 Cassium
648 681 881 745 defendendum:
899 702 1019 767 semper
1033 684 1112 747 enim
1127 681 1266 750 Berones

101 790 366 873 2compluresque
380 794 521 848 euocatos
537 804 602 847 cum
619 784 686 848 telis
702 803 804 848 secum
821 783 930 849 habere
946 796 1118 850 consuerat.
1150 788 1178 849 Α
1197 788 1264 871 qui·
1286 801 1302 850 ³

140 890 195 955 bus
210 891 303 953 ceteri
319 888 575 962 intercluduntur,
602 887 652 969 qni
669 886 705 949 ad
721 886 841 949 eaedem
858 888 1023 952 laciendum
1038 889 1267 971 subsequeban-

139 1003 206 1072 tur3
231 1012 289 1074 quo
309 992 339 1054 iu
354 1009 477 1053 numero
492 989 547 1051 init
562 985 742 1071 Calpurnius
758 986 920 1054 Saluianus
937 1000 968 1053 et
982 987 1124 1054 Manilius
1140 989 1266 1054 Tuscu·

104 1094 124 1159 3
140 1096 198 1158 lus.
231 1092 385 1156 Minucius
402 1093 482 1154 iuter
496 1110 584 1167 sexa,
602 1110 677 1173 quac
693 1090 829 1155 iacebant
844 1093 876 1155 in
890 1093 1012 1170 itinere,
1031 1093 1147 1175 lugiens
1161 1094 1266 1176 oppri-

138 1197 230 1260 mitur
245 1205 276 1258 et
290 1195 385 1258 relato
401 1194 519 1256 domum
528 1188 638 1257 Cossio
653 1193 689 1256 ad
706 1212 772 1257 eum
786 1194 954 1258 deducitur.
972 1193 1108 1259 Racilius
1118 1196 1264 1278 inproxi·

138 1319 217 1361 mam
240 1316 273 1361 se
296 1297 413 1359 domum
437 1296 590 1359 familiaris
611 1295 656 1358 sui
679 1296 815 1374 confert,
840 1298 908 1360 dum
924 1308 1036 1360 eertum
1052 1309 1264 1381 cognosceret,
1291 1306 1319 1359 ld

103 1399 334 1464 deonlcctusnc
350 1394 477 1465 Cassius
493 1409 585 1462 esset.
617 1396 657 1461 L.
676 1396 874 1479 Laterensis,
897 1418 962 1463 oum
977 1399 1006 1461 id
1021 1419 1081 1460 non
1098 1398 1261 1476 dubitaret,

141 1501 274 1564 adcurrit
294 1501 390 1563 laetus
412 1500 443 1562 in
468 1510 565 1563 castra
588 1499 790 1584 militibusque
814 1501 982 1565 uernaculis
1007 1511 1037 1564 et
1052 1501 1202 1564 secundae
1218 1502 1263 1564 le·

140 1603 257 1686 gionis‚
282 1601 387 1683 quibus
410 1602 479 1665 odio
501 1603 618 1666 sciebat
632 1602 791 1686 praecipue
805 1599 941 1666 Cassium
957 1622 1043 1682 esse,
1067 1602 1259 1685 gratuletur3

104 1705 124 1769 5
140 1705 254 1768 tollitur
269 1726 286 1767 a
302 1704 490 1768 multitudine
504 1705 536 1767 in
550 1704 700 1782 tribunal,
724 1714 844 1788 praetor
858 1703 1030 1788 appellatur.
1061 1700 1160 1765 Nemo
1175 1704 1260 1766 euim

140 1816 192 1871 aut
206 1807 237 1869 in
250 1806 406 1890 prouincia
416 1816 515 1882 natus,
526 1817 556 1869 ut
567 1807 748 1870 uernaculae
758 1807 885 1890 legionis
897 1807 994 1885 miles,
1003 1815 1054 1868 aut
1064 1805 1263 1868 diuturnitate
1288 1816 1317 1869 tt

140 1911 198 1973 iam
216 1912 312 1973 iaetus
329 1907 532 1991 prouincialis‚
544 1930 601 1992 quo
616 1911 648 1973 iu
660 1930 785 1974 numere
796 1921 862 1973 eret
874 1910 1003 1974 secunda
1014 1909 1107 1993 legio,
1119 1928 1181 1970 uon
1192 1930 1263 1972 cum

141 2012 219 2076 omui
243 2010 395 2095 prouincia
418 2022 614 2074 consenserat
636 2013 667 2074 in
688 2012 756 2076 edio
772 2010 880 2076 Cassi:
905 2034 973 2076 nam
990 2013 1124 2095 legiones
1137 2019 1216 2072 xxx
1232 2020 1262 2073 et

139 2123 202 2178 xxt
218 2113 320 2198 paucis
337 2111 487 2177 mensibus
503 2114 533 2176 in
544 2111 627 2178 ltalia
644 2115 771 2199 scriptas
782 2111 899 2179 Caesar
913 2110 1258 2194 adtribueratLougino‚

83 2217 126 2289 54
140 2217 242 2302 quinta
264 2216 341 2301 legio
362 2237 457 2300 nuper
471 2226 537 2280 erat
550 2216 592 2281 ibi
608 2219 755 2281 conlecta.
787 2216 911 2281 Interim
927 2218 1083 2281 nuntietur
1097 2211 1261 2279 Laterensi

141 2321 245 2384 uiuere
260 2316 411 2382 Cassium.
444 2317 512 2401 Quo
536 2320 640 2382 nuntio
665 2320 766 2383 dolore
782 2321 876 2404 magis
891 2331 1044 2405 permotus
1059 2340 1144 2401 quam
1161 2318 1262 2381 auimo
1283 2324 1316 2380 dt

140 2422 329 2505 perturbatus
351 2423 448 2484 reficit
467 2442 500 2484 ss
515 2422 656 2485 celeriter
671 2434 702 2486 et
716 2424 753 2486 ad
770 2422 910 2487 Cassium
927 2422 1080 2486 uisendum
1097 2419 1261 2505 prolicisci·

101 2524 197 2586 2tur.
229 2520 276 2583 lle
298 2523 417 2605 cognita
437 2533 514 2584 xxx
536 2523 614 2606 legio
637 2525 722 2607 sigua
747 2521 916 2588 Cordubam
939 2524 1092 2589 inserted
1115 2522 1259 2586 auxilium

139 2623 293 2689 ferendum
314 2623 488 2706 imperatori
509 2646 575 2688 suo.
607 2624 695 2689 Facit
717 2628 772 2690 boo
787 2628 864 2691 idem
880 2639 954 2691 xxl.
989 2623 1191 2709 Subsequitur
1203 2623 1260 2687 bes

101 2726 121 2791 3
136 2735 170 2790 V.
203 2722 279 2790 Cum
297 2727 371 2789 duae
387 2728 520 2812 legiones
536 2729 667 2810 reliquae
683 2741 786 2793 essent
801 2731 831 2793 in
848 2731 969 2805 castris,
981 2729 1144 2793 secundani
1157 2727 1258 2804 ueriti,

137 2850 175 2893 ne
191 2830 248 2893 soli
264 2830 526 2912 relinquerentur,
544 2841 630 2914 atque
647 2853 686 2894 ex
703 2852 758 2910 eo,
777 2834 844 2914 quid
860 2833 1041 2906 sensissent,
1060 2831 1259 2906 iudicaretur,
1282 2838 1316 2891 25

137 2934 230 2995 secuti
256 2944 326 2996 sunt
342 2935 450 2996 lactum
467 2933 664 3015 superiorum.
697 2933 869 2998 Permansit
884 2936 914 2997 in
931 2935 1075 2999 sententia
1092 2931 1170 3014 legio
1187 2951 1260 2992 uer-

79 3032 122 3101 55
136 3036 242 3098 nacula
260 3056 355 3119 neque
369 3035 428 3098 ullo
445 3036 551 3099 timore
568 3036 603 3097 de
619 3038 712 3119 gradu
725 3037 839 3100 deiecta
852 3049 907 3100 est.
925 3037 1049 3101 Cassius
1063 3054 1128 3110 eos,
1139 3033 1189 3116 qui
1201 3053 1259 3094 no-

135 3135 237 3198 minati
262 3148 348 3199 erant
370 3138 484 3201 conscii
507 3139 626 3216 caedis,
652 3139 734 3202 iubet
757 3140 986 3224 comprehendi3
1012 3139 1159 3224 legionem
1181 3144 1205 3197 V
1229 3137 1264 3198 in-

99 3235 119 3299 2
136 3247 235 3300 castra
252 3238 377 3300 remittit
392 3240 563 3304 cohortibus
578 3251 656 3303 xxx
671 3243 808 3305 retentis.
842 3241 957 3305 lndieio
971 3239 1086 3305 Minuci
1104 3238 1261 3323 auguroseit

137 3336 176 3401 L.
195 3337 343 3401 Racilium
368 3351 399 3402 et
420 3340 459 3403 L.
484 3340 682 3406 Laterensem
703 3355 734 3407 et
749 3344 881 3408 Annium
906 3342 1086 3427 Scopulum,
1111 3341 1262 3405 maximae
1284 3349 1316 3402 td

136 3439 288 3519 dignitatis
305 3451 334 3502 et
349 3444 463 3522 gratiae
480 3446 691 3527 prouincialem
710 3447 856 3510 hominem
874 3447 987 3528 sibique
1004 3457 1064 3507 tum
1083 3444 1259 3507 lentiliarem

135 3559 221 3621 quam
239 3538 433 3607 Laterensem
458 3557 488 3609 et
503 3545 671 3626 Racilium,
694 3549 724 3610 in
748 3551 851 3613 eadem
874 3551 966 3614 luisse
981 3545 1189 3611 coniuratione
1204 3566 1261 3607 uec

243 3717 257 3765 3
272 3716 383 3782 succiet]
399 3718 519 3768 uulnerat
535 3721 558 3769 b.
716 3723 730 3770 5
744 3729 882 3771 consueret
894 3738 919 3782 o,
933 3723 1106 3772 consueuerat
1120 3731 1145 3763 u.

133 3789 258 3840 dceleris
272 3809 298 3854 u,
314 3794 436 3845 Cuesuris
452 3797 475 3845 d.
599 3800 702 3850 caedam
717 3816 743 3849 a.
869 3801 885 3851 8
899 3799 1023 3850 Minatius
1036 3812 1052 3845 n
1067 3811 1093 3843 m.
1220 3810 1263 3845 re-

133 3863 236 3928 l'ugicns
249 3884 265 3916 o
280 3871 303 3918 b.
414 3875 428 3925 ‘J
444 3873 554 3925 Rutilius
567 3892 593 3925 u.
709 3879 735 3930 ll
754 3878 782 3927 L.
799 3896 851 3928 orn.
866 3895 882 3927 n
898 3881 912 3928 b
927 3896 949 3929 c.
1056 3877 1085 3927 rt
1099 3874 1216 3924 adcurrit
1229 3890 1257 3924 u.

240 3949 416 4018 militibusque
431 3968 453 4016 e,
469 3967 481 4001 a
497 3952 673 4021 militibusque
687 3974 703 4007 a
716 3962 807 4006 elsae.
823 3974 857 4007 m.
872 3959 902 4020 b,·
916 3957 1042 4008 militibus
1056 3970 1083 4004 u.
1191 3950 1261 4001 ttae

131 4024 287 4076 ueruueulae
302 4045 360 4092 ego.
375 4036 419 4079 aut
432 4031 588 4080 uernaculnc
602 4032 679 4082 codd.
695 4034 723 4083 Ρ.
742 4034 788 4085 llll
803 4040 875 4083 cartu.
992 4034 1107 4097 legiones
1121 4047 1147 4080 a.

132 4100 163 4152 17
177 4100 251 4154 Cossi
266 4123 292 4156 a.
399 4107 599 4173 tseonseripms
615 4111 638 4159 b.
747 4109 924 4175 (adtribuerat
937 4111 966 4170 n)
979 4111 1109 4160 attulerat
1123 4109 1147 4157 b.

132 4176 162 4228 tt
177 4194 259 4245 nuper
271 4189 329 4230 erat
341 4183 375 4230 ibi
390 4198 422 4242 n‚·
437 4197 520 4247 nuper
532 4184 567 4233 ibi
583 4191 640 4233 erat
653 4201 669 4234 n
683 4191 710 4235 et
724 4187 775 4236 ‘sic
787 4203 862 4252 mss,
878 4204 930 4237 noir
946 4188 963 4237 i.
980 4185 1015 4235 u.’
1148 4182 1182 4235 22
1194 4198 1248 4232 xxx

128 4271 251 4325 cuprum.
266 4274 281 4307 a
294 4275 321 4308 a.
443 4261 475 4312 25
490 4261 651 4313 iudicaretur
665 4266 738 4315 ‘msc
754 4267 888 4317 nemoralia*
903 4273 931 4316 ct
941 4266 1087 4316 servendum
1101 4263 1262 4330 Beperlr'nm

126 4331 176 4401 (a),
194 4334 358 4389 indicaretur
370 4340 423 4389 oet
435 4351 452 4389 o
464 4338 610 4390 tentandum
620 4341 820 4392 Aedototrtum.
937 4342 972 4396 27
986 4357 1068 4408 neque
1082 4354 1140 4407 ego,
1157 4355 1205 4390 nee
1218 4341 1261 4403 (a)

115 4412 177 4469 edd.
194 4414 263 4472 Vt'd.
273 4434 305 4489 p.
322 4418 383 4488 dte,
400 4420 427 4476 6.
536 4422 572 4479 tt
585 4418 680 4474 ldinlci
691 4436 718 4487 n,
729 4419 838 4473 ldlnutil
849 4435 878 4470 u.
