2692 4688
81 194 144 265 em
473 184 531 254 llll
553 183 699 255 uuLuu
722 182 915 254 eunucu

137 366 206 451 quid
222 365 252 427 in
269 382 324 426 sua
339 358 456 440 Gallie,
480 380 568 443 quam
590 359 668 424 bello
684 358 826 438 uicisset,
850 369 905 423 aut
918 353 1047 424 Caesari
1068 368 1121 423 aut
1135 357 1258 422 omniuo

79 471 123 541 35
137 468 243 555 populo
258 463 397 529 Romano
413 462 526 547 negotii
541 472 634 526 esset.
662 461 719 526 His
733 462 890 546 responsis
905 462 942 525 ad
965 459 1129 525 Caesarem
1149 459 1256 525 relatis

101 570 123 637 2
137 570 245 635 iterum
260 566 298 631 ad
312 580 378 629 eum
394 560 512 628 Caesar
526 563 643 647 legatos
658 585 724 628 cum
740 564 786 628 his
802 563 949 627 mendatis
971 563 1079 626 mittite
1104 558 1258 644 Quoniam

138 682 220 737 tanto
242 689 298 734 suo
321 667 478 752 populique
498 664 628 729 Romani
643 665 788 731 beneficio
803 666 951 738 adlectus,
968 685 1034 728 cum
1049 665 1080 728 in
1097 666 1256 729 consulatu

137 793 193 839 sno
208 792 266 836 rex
281 779 369 852 atque
385 769 498 832 amicus
514 790 532 832 a
546 775 654 832 senatu
669 768 833 852 appellatus
849 777 948 845 esset,
971 766 1047 831 hane
1061 767 1118 832 sibi
1135 766 1260 853 populo·
1275 780 1292 829 t

137 894 196 960 que
216 872 355 939 Humano
371 871 498 954 gretiam
520 872 668 945 referret,
691 881 726 933 ut
739 871 770 935 in
787 868 977 953 conloquium
993 871 1098 933 uenire
1111 870 1257 935 inuitatus

137 987 316 1063 grauaretur
336 992 434 1055 neque
456 972 492 1035 de
515 972 663 1035 communi
677 992 713 1035 re
727 972 881 1036 dicendum
898 972 955 1035 sibi
969 982 1001 1036 et
1015 971 1258 1057 cognoscendum

101 1081 122 1147 3
138 1089 268 1166 putaret,
286 1076 359 1139 llaec
375 1094 457 1150 esse,
473 1094 550 1156 quae
565 1074 653 1137 abeo
669 1074 849 1158 postularet:
870 1075 1007 1158 primum,
1025 1093 1064 1137 ue
1079 1094 1167 1158 quem
1181 1075 1259 1140 mul·

137 1182 293 1247 titudinem
310 1176 460 1240 hominum
476 1175 603 1260 amplius
620 1186 703 1241 tram
718 1174 857 1240 Rhenum
872 1175 904 1239 in
920 1174 1049 1240 Galliam
1065 1175 1256 1257 traduces-etp

137 1284 244 1350 deinde
266 1278 404 1356 obsides,
429 1299 503 1362 quos
526 1277 649 1342 haberet
670 1277 707 1342 al)
721 1275 868 1357 Haeduis,
892 1279 1031 1342 redderet
1047 1274 1260 1362 Sequanisque
1285 1290 1319 1344 lt

135 1386 341 1472 permitteret,
365 1391 408 1454 ut,
432 1400 507 1463 quus
521 1379 563 1443 illi
580 1379 735 1459 habereut,
753 1382 909 1445 uoluntate
923 1381 989 1444 eius
1003 1382 1130 1444 reddere
1143 1378 1205 1445 illis
1219 1380 1259 1444 li·

137 1497 238 1565 cere13
256 1503 334 1547 neue
351 1481 491 1544 Haeduos
506 1480 617 1545 iniuria
631 1481 807 1558 lacesseret,
833 1502 910 1545 neue
926 1482 972 1546 luis
987 1483 1136 1565 sociisque
1149 1502 1259 1549 eorum

101 1588 249 1655 ibellum
264 1586 402 1649 iulerret.
427 1580 460 1647 Si
476 1582 505 1646 id
521 1583 562 1647 ita
579 1583 718 1662 iecisset,
745 1583 802 1646 sibi
817 1585 982 1668 populoque
996 1583 1136 1648 Homauo
1151 1604 1262 1670 perpe·

137 1702 216 1756 tuam
233 1688 360 1773 gratiam
376 1696 465 1770 etque
482 1684 642 1749 amicitiam
658 1706 724 1750 cnm
740 1706 777 1750 eo
793 1686 941 1749 futurem:
959 1686 985 1749 si
996 1686 1256 1770 nouimpetrsret,

138 1813 218 1870 sese,
236 1790 374 1874 quoniam
390 1787 434 1852 Μ.
444 1784 591 1866 Messala,
608 1785 655 1852 M.
666 1786 779 1852 Pisone
794 1787 965 1853 consulibus
981 1800 1105 1854 senatus
1120 1788 1260 1855 cousub-
1284 1800 1319 1855 te

137 1905 197 1972 set,
215 1894 271 1970 uti,
288 1892 465 1976 quicumque
481 1887 610 1953 Galliam
629 1889 812 1975 prouinciam
828 1890 987 1974 optineret,
1006 1891 1085 1975 quod
1101 1892 1259 1958 commuuio

136 1995 318 2079 reipublicae
340 1995 440 2057 iecere
455 2003 575 2077 posset,
602 1990 744 2056 Hueduos
760 2003 938 2075 ceterosque
952 1995 1064 2058 amicos
1080 1994 1179 2080 populi
1192 1991 1259 2060 lto·

79 2097 124 2168 31
139 2097 219 2162 meni
242 2096 433 2175 defenderet,
459 2116 493 2159 se
518 2093 711 2159 Haeduorum
734 2093 862 2158 iniurias
878 2116 938 2159 non
953 2096 1171 2180 neglecturum.
1206 2094 1259 2163 Ad

138 2201 212 2265 haec
227 2197 399 2263 Ariouistus
421 2197 593 2283 respondit=
617 2194 669 2261 lus
685 2216 752 2260 esse
768 2196 850 2274 belli,
875 2207 927 2276 ut,
951 2198 1001 2280 qui
1017 2197 1180 2277 uicissent,
1201 2199 1256 2281 iis,

137 2324 213 2391 quos
228 2302 387 2379 uicissent,
411 2300 655 2383 quemadmodum
671 2298 794 2372 uellent,
811 2299 1010 2382 impersrents
1031 2298 1103 2364 ilem
1119 2300 1260 2387 populun
1279 2313 1318 2369 ae

137 2405 308 2472 Homerum
325 2403 413 2465 uictis
429 2420 488 2462 non
504 2400 540 2463 ad
557 2400 681 2463 alterius
697 2400 929 2484 praescriptum,
953 2400 1006 2463 sed
1021 2400 1059 2463 sd
1072 2420 1159 2465 sunm
1175 2400 1258 2468 arbi·

101 2508 226 2575 2trium
241 2506 391 2588 imperare
407 2520 581 2564 consuesse.
620 2498 653 2564 Si
669 2501 733 2586 ipse
755 2503 863 2587 populo
877 2500 1015 2566 Humano
1031 2523 1092 2567 non
1107 2504 1257 2589 praeseri-

138 2610 239 2680 beret,
262 2603 506 2690 quemadmodum
521 2624 577 2667 suo
599 2601 664 2666 iure
680 2613 827 2681 uteretur,
857 2624 916 2666 uon
932 2615 1072 2688 oportere
1086 2624 1155 2671 sese
1167 2626 1187 2670 a
1201 2628 1257 2691 po-

102 2710 206 2796 dpulo
221 2706 360 2772 Humano
381 2707 413 2770 iu
433 2726 488 2769 suo
508 2705 574 2769 iure
587 2704 726 2789 inpediri.
759 2703 900 2769 Haeduos
923 2704 997 2785 sibi,
1022 2706 1162 2790 quoniam
1182 2707 1257 2775 totu

137 2817 288 2877 lortunam
304 2817 501 2892 temptassent
516 2818 547 2872 et
562 2807 653 2870 armis
670 2808 826 2890 congressi
847 2828 882 2871 ac
903 2808 1035 2892 superati
1057 2821 1178 2889 essem,
1202 2812 1259 2878 sti·
1279 2823 1317 2877 21

101 2914 306 3002 ipendierios
329 2930 397 2976 esse
421 2910 527 2973 laotos.
566 2905 707 2993 Magnam
724 2904 888 2974 Caesarem
910 2910 1048 2975 iniuriam
1064 2913 1183 2991 lacem,
1205 2914 1257 2998 qui

102 3018 192 3082 lsuo
208 3015 339 3079 aduentu
353 3011 513 3096 uectigalia
527 3011 584 3075 sibi
600 3011 749 3076 deteriora
766 3014 891 3075 faceret.
930 3010 1065 3077 Haeduis
1086 3034 1121 3079 se
1135 3014 1257 3081 obsides

137 3120 320 3185 redditurum
337 3136 395 3179 nou
413 3134 493 3192 esse,
517 3133 614 3198 neque
629 3114 667 3178 iis
688 3136 784 3198 neque
799 3134 902 3178 eorum
918 3115 1009 3179 sociis
1024 3117 1136 3180 iniuria
1146 3117 1257 3183 bellum

137 3223 314 3296 inlaturum,
338 3219 411 3282 siin
427 3227 655 3296 comanerent,
678 3218 755 3300 quod
776 3216 989 3296 conuenisset,
1019 3218 1258 3304 stipendiumque

244 3472 260 3523 2
280 3470 373 3521 uelutis
391 3470 487 3522 Dresd.
499 3485 545 3538 pr.
559 3477 589 3521 st
607 3470 689 3522 Vind.
703 3488 774 3535 see.‚·
793 3471 887 3537 legatis
901 3471 950 3522 Be
972 3473 1094 3539 ‘optimi’
1112 3474 1257 3543 Schneid,

137 3550 385 3614 els's'eorruptdoru.
490 3549 684 3601 ladiectusll.
797 3551 990 3618 deouloqninm
1004 3553 1068 3604 AB.
1181 3554 1258 3608 ess

136 3627 232 3678 minum
245 3626 435 3677 multitudinem
447 3640 541 3676 errore
551 3642 579 3676 ιι.
707 3627 739 3678 id
752 3626 850 3678 Heduis
863 3626 894 3679 B.
1019 3630 1052 3683 12
1063 3630 1178 3684 soeilsae
1190 3632 1259 3697 (mr

136 3702 240 3753 Fad'rnd
250 3704 407 3753 coniectura
415 3702 543 3769 Scaliger
554 3707 637 3767 etque
648 3718 676 3754 ιι.
792 3704 823 3755 ld
837 3703 898 3771 silui]
912 3705 953 3756 sul
965 3704 1001 3756 u.
1117 3708 1258 3777 populique

137 3777 174 3829 llo
187 3779 212 3829 D
222 3780 246 3829 1.
430 3780 462 3833 ll
476 3780 545 3848 sese]
559 3783 628 3832 scire
641 3796 700 3832 sese
714 3782 766 3832 dd.
900 3783 935 3837 H.
949 3783 1044 3836 Pisone
1058 3784 1259 3855 Glandeeptue,

137 3856 229 3908 Pisone
243 3857 275 3922 u,
287 3857 319 3910 L.
334 3858 386 3924 (ste
399 3857 555 3925 Beuprsse.
571 3859 597 3924 o)
609 3860 657 3910 uel
667 3858 747 3911 Lucio
760 3859 853 3914 Pisone
864 3864 977 3930 reliqui.
1096 3862 1129 3914 11
1142 3863 1261 3931 quicum·

137 3947 187 4000 que
200 3932 233 3985 11.
320 3934 475 4000 proulutism
487 3935 621 3999 pr.m.B.
682 3936 853 4002 optineretld.
926 3938 957 3991 11
970 3937 1094 4004 linques
1107 3938 1260 4007 sauss.

244 4009 481 4063 miuemu‘mn.
497 4010 611 4072 ιιοιιιιιι’,
626 4010 726 4077 ideo,
740 4015 764 4065 id
779 4017 887 4068 estAe.
1010 4016 1043 4069 2³
1061 4018 1174 4081 seseA,·
1192 4018 1261 4072 tel

137 4094 166 4141 et
176 4086 288 4153 eeltqus’.
393 4087 428 4140 et
440 4086 553 4152 inpediri
564 4088 597 4138 B.
678 4089 713 4144 11
724 4090 921 4157 stipendiarios,
935 4090 984 4142 sed
996 4104 1011 4139 s
1023 4094 1263 4160 antepenultimas

122 4162 318 4233 ·supresc.,B.
407 4162 721 4231 wasquehisABBs.
820 4168 923 4220 iniuriis
937 4170 961 4219 1.
1066 4169 1100 4224 21
1114 4170 1260 4223 inlaturus!

136 4242 252 4308 Altus.
358 4240 525 4292 conuenisset
536 4241 582 4306 (B)
592 4240 664 4308 01),
677 4244 858 4296 conuenissent
868 4246 956 4313 Asst
965 4258 1002 4296 ιιι.
1013 4259 1060 4310 pr.
1073 4244 1108 4297 B.
