2684 4694
501 181 804 248 ...75-

177 348 217 419 G.
234 348 276 418 10
288 373 329 417 ex
340 351 518 436 optimorum
534 353 786 439 plun'morumque
797 356 884 420 codd.
895 376 1044 421 consensu
1060 356 1134 420 haec
1150 353 1215 419 eiii·

89 460 170 524 citur
183 454 295 522 codicis
310 454 464 540 archetypi
479 456 645 540 scripturae
665 454 768 520 ‘Mosa
778 459 898 541 produit
912 478 953 522 ex
968 468 1068 523 moute
1074 455 1214 543 vosego,

89 561 142 646 qui
156 571 204 624 est
217 560 249 624 in
265 558 371 623 hnihuo
387 555 580 640 Lingonum,
604 567 636 622 et
653 569 738 642 parte
758 560 884 643 quedam
900 580 942 624 ex
956 558 1063 624 Rheno
1078 570 1213 644 recepta,

90 684 167 750 quae
186 659 352 746 appellatur
365 658 499 726 Vacalus
521 661 709 743 insulamque
731 662 820 726 efficii
842 659 1045 736 Batauorum,
1068 662 1100 725 in
1116 660 1215 726 Ocea·

90 787 162 830 num
176 765 274 829 influit
294 783 392 845 neque
415 762 533 847 lougius
558 763 594 827 uh
610 760 734 828 Oceano
749 763 869 827 milibus
884 785 1024 850 passuum
1040 759 1168 828 LXXX
1183 764 1215 828 in

89 867 231 933 Rhenum
245 865 365 930 induie’.
395 863 478 930 Nam
497 865 724 952 ‘insulamquae‘
738 861 837 950 Boug.
855 888 901 951 pr.
920 876 951 931 et
965 865 1059 931 Voss.
1077 886 1138 950 pm,
1157 864 1216 930 ‘iu-

90 970 243 1054 rulnquae’
257 966 328 1033 Par.
355 988 423 1052 pm,
447 968 636 1052 ‘insulaque’
658 965 731 1032 Pur.
748 988 810 1032 sec.
829 968 906 1033 idem
922 968 1114 1053 significare,
1138 967 1216 1051 quod

89 1073 123 1139 in
137 1071 260 1154 reliquie
275 1070 363 1134 codd.
379 1070 510 1156 iegitur,
536 1070 771 1152 ‘insulamque’,
797 1080 932 1155 apertum
948 1081 1007 1134 ead.
1052 1067 1099 1134 Ra
1115 1079 1216 1135 auten

90 1174 260 1258 minium,
283 1193 370 1256 quem
393 1172 613 1257 supraposui,
638 1193 694 1236 cur
714 1173 787 1237 ferri
811 1183 1007 1257 conpenset,
1031 1172 1106 1236 ratic
1129 1182 1216 1237 este

92 1274 279 1342 Schneidero
300 1274 483 1360 expositum.
521 1272 603 1341 Nam
627 1294 723 1358 neque
744 1275 823 1340 iden
844 1275 999 1340 flumenin
1015 1272 1169 1340 Oceanum
1185 1283 1217 1338 at

91 1379 245 1463 aliquanto
266 1377 364 1461 spatio
386 1387 476 1441 antea
495 1376 528 1441 iu
553 1374 692 1442 Rhenum
715 1378 843 1443 induere
864 1387 981 1462 podest,
1014 1395 1110 1460 neque
1131 1376 1215 1441 colun

93 1478 242 1558 Vacaiue,
268 1481 324 1544 aed
337 1477 470 1545 Vacalus
484 1473 592 1543 hienae
614 1479 793 1544 coniunctus
808 1480 936 1543 insulam
953 1476 1133 1542 Batauorum
1150 1478 1217 1541 ehi·

91 1583 145 1648 eit.
173 1578 279 1670 liaqne
293 1601 389 1666 nequ
404 1581 499 1647 uerha
523 1579 572 1646 ‘in
588 1578 744 1648 Oceanum
758 1581 873 1644 induit‘
895 1580 948 1645 iilo
963 1581 1031 1644 ioco
1047 1600 1066 1643 a
1080 1577 1216 1645 Caesare

91 1683 162 1769 poni
177 1682 312 1768 potuim
326 1694 370 1762 er,
386 1705 454 1749 cum
469 1683 553 1747 illata
568 1693 684 1760 essent,
710 1681 920 1764 ‘insulamque'
935 1681 1053 1746 adiecta
1068 1683 1215 1768 peniculo

91 1785 262 1870 copmaaiua
284 1786 321 1849 ad
341 1785 520 1870 explendum
542 1784 710 1850 orationem
738 1784 880 1867 scriptum
912 1804 981 1849 ease
1009 1796 1123 1849 cerium
1154 1795 1213 1850 eet.

90 1885 190 1973 Igitur
203 1885 408 1953 Schneiderua
431 1887 566 1951 codicum
588 1885 774 1969 quorundam
796 1887 979 1953 deteriorum
995 1888 1215 1953 correctionem

90 2000 214 2055 aecum
230 1999 367 2054 extrema
381 1990 423 2051 ita
439 1988 547 2052 edidita
573 1995 623 2053 ‘ed
644 1998 729 2071 parte
750 1989 875 2071 quadam
900 2010 940 2054 ex
955 1988 1064 2054 Rheno
1079 2000 1214 2074 receptu,

91 2111 170 2176 quoe
184 2091 352 2175 appellatur
366 2088 511 2164 Vacalus,
537 2089 662 2154 insulam
678 2090 773 2154 edicit
785 2087 967 2155 Bemuorum
983 2112 1080 2175 neque
1095 2090 1215 2177 longina

91 2193 130 2258 eh
145 2190 272 2258 Oeeaoe
287 2192 406 2256 milibus
422 2212 559 2276 pmsuum
572 2187 699 2254 LXXX
713 2191 746 2255 in
760 2189 898 2257 Rhenum
914 2193 1035 2257 induit'z
1054 2194 1148 2258 ucrha
1162 2214 1217 2258 aa·

92 2304 153 2360 tem
170 2298 213 2358 ‘in
228 2293 382 2361 Oceanum
398 2294 506 2359 influit’
521 2293 650 2378 ascripta
665 2292 702 2357 ah
717 2293 817 2376 aliquo
832 2304 928 2378 putat,
954 2296 1003 2381 qui
1017 2292 1138 2360 Monam
1154 2315 1215 2358 non

92 2396 125 2462 in
141 2396 296 2475 Rhenum,
313 2398 412 2462 sedin
427 2394 581 2464 Oceanum
596 2396 721 2460 iuduere
736 2396 841 2460 sciret.
887 2394 1033 2480 Equidem
1051 2394 1215 2461 Caesarem

93 2497 125 2564 in
140 2497 195 2565 hnc
209 2519 245 2564 re
260 2499 393 2584 potuisse
408 2520 513 2563 errare
528 2520 589 2563 non
604 2498 791 2582 negauerim,
815 2498 907 2561 ucrha
922 2509 1023 2563 autem
1038 2499 1104 2562 eius
1118 2497 1216 2584 redigi

92 2600 124 2665 in
139 2621 205 2665 eam
220 2603 358 2681 formam,
376 2611 406 2664 ut
421 2620 508 2665 error
522 2601 549 2665 ei
564 2600 738 2684 uhingutur,
760 2611 820 2663 rum
835 2601 951 2664 demum
967 2601 1087 2684 prohari
1103 2611 1214 2683 potent,

93 2722 160 2767 cum
174 2703 323 2768 correctio
339 2712 388 2768 eet
401 2702 581 2767 certissime.
620 2699 651 2765 ld
668 2722 742 2765 uero
757 2723 944 2786 nequequam
960 2703 997 2766 de
1012 2724 1048 2768 ea
1064 2704 1216 2787 scriptura

92 2805 300 2890 credipotest,
317 2827 405 2890 quam
420 2801 626 2870 Schneiderus
642 2805 753 2869 intulit.
799 2803 921 2869 Etenim
942 2805 968 2869 si
986 2801 1151 2869 Caesarem
1172 2806 1217 2869 ida

93 2907 251 2990 aeripsiane
266 2909 444 2972 richuinum
463 2903 566 2972 ‘Mona
581 2907 703 2991 produit
716 2928 757 2971 ex
773 2918 873 2971 oronte
890 2904 1030 2988 Vosego,
1052 2907 1102 2988 qui
1118 2917 1165 2969 cst
1184 2906 1217 2969 in

92 3010 201 3075 finihua
216 3007 401 3096 Lingonum,
419 3018 450 3074 ei
464 3020 549 3093 purte
564 3009 688 3091 quadum
705 3029 743 3072 ex
758 3007 867 3073 Rheno
882 3019 1020 3092 recepta,
1043 3029 1121 3094 qnae
1136 3009 1217 3092 epel-

92 3110 173 3177 latnr
187 3111 333 3190 Vacalus,
358 3112 486 3177 insulam
502 3110 596 3174 edicit
609 3108 793 3174 Batauorum
808 3132 906 3194 neque
920 3110 1039 3192 iongiue
1054 3110 1091 3172 ah
1107 3107 1217 3174 Rheno

92 3213 214 3278 miiihua
228 3236 368 3299 passuum
383 3209 513 3277 LXXX
529 3213 560 3275 in
576 3208 731 3276 Oceanum
746 3212 871 3288 iuduil',
888 3234 983 3296 neque
999 3209 1118 3278 Caesar
1131 3232 1217 3277 erre·

94 3315 139 3379 uit
152 3326 200 3395 ee,
225 3318 304 3384 unde
319 3329 387 3382 erra
401 3318 443 3381 ait
456 3315 592 3380 codicum
613 3315 782 3400 scriptura,
807 3316 915 3400 optime
936 3315 1081 3399 explicari
1103 3325 1214 3400 potent.

92 3413 129 3483 ln
143 3421 293 3484 extrenia
307 3420 387 3484 enim
401 3419 504 3483 uerhir
519 3438 537 3482 a
550 3416 691 3496 iihrario,
716 3419 765 3502 qni
786 3420 916 3483 codicem
932 3418 1124 3505 archetypum
1141 3419 1217 3483 scri·

94 3520 172 3604 psit,
197 3520 359 3587 ‘Rhenus’
381 3543 448 3588 cum
465 3518 619 3587 ‘Oceano’
634 3532 821 3606 permutatus
836 3533 902 3596 est,
924 3531 976 3600 ut,
994 3544 1060 3585 cum
1077 3542 1113 3586 ee
1127 3521 1216 3586 modo

93 3622 230 3687 scrihere
244 3624 379 3700 deherer,
405 3625 649 3708 quemadmodum
665 3626 770 3710 posui,
795 3625 827 3688 in
844 3625 919 3688 hunc
934 3624 1112 3707 scripturam
1129 3623 1217 3688 ahen-

94 3735 178 3789 raree
198 3732 315 3809 ‘neque
329 3727 449 3813 longius
464 3726 500 3790 ah
515 3725 640 3793 Oceano
655 3728 773 3792 milibus
790 3748 928 3810 persuum
945 3722 1073 3789 LXXX
1086 3726 1119 3790 in
1133 3723 1217 3790 Rhe·

94 3845 164 3890 nnm
179 3829 297 3892 influic’.
340 3827 459 3894 Deinde
479 3830 690 3895 animaduerso
713 3851 817 3895 errore
836 3830 868 3894 in
888 3830 1024 3913 margine
1044 3849 1148 3893 uerum
1164 3849 1217 3912 po-

95 3929 175 4010 suit,
194 3931 236 3995 ‘iu
247 3929 401 3998 Oceanum
417 3930 536 4010 induie‘,
553 3935 677 3998 alierum
692 3934 806 3999 emoria
823 3945 949 4020 partem,
967 3931 1046 4016 quod
1060 3940 1150 3999 aulea
1166 3929 1215 3995 ‘ah

94 4028 230 4099 Oceano'
245 4036 420 4120 remunerat,
439 4045 492 4098 ant
505 4035 569 4118 ipse
584 4056 644 4099 nou
660 4036 779 4099 notauit
793 4046 854 4115 aut,
872 4057 937 4100 eum
952 4035 1024 4098 idem
1035 4032 1066 4097 in
1081 4032 1217 4117 margine

95 4136 286 4221 accipisset
300 4137 351 4202 ‘ah
365 4136 499 4215 Rhenu',
516 4137 574 4201 hoe
587 4137 626 4201 ah
640 4138 818 4221 insequente
834 4137 957 4202 librario
973 4135 1139 4222 negdecrum
1155 4145 1215 4212 ear,

95 4236 146 4303 ilu
160 4238 254 4306 nerha
268 4241 314 4306 ‘in
327 4237 482 4307 Oceanum
496 4238 604 4304 induit'
620 4239 721 4305 alieno
734 4240 801 4306 icco
816 4241 915 4325 corita
929 4249 1011 4304 aunt.
1040 4240 1143 4322 Aeque
1166 4235 1217 4300 ‘ah
