2684 4694
742 120 756 137 t

533 242 619 259 —
662 206 706 274 ω
748 244 836 260 -

119 377 233 445 cinliic
246 375 363 442 anxilio
377 376 535 443 uenissent
547 378 628 462 iique
641 377 716 443 uicti
731 388 845 458 essent,
862 378 916 445 scd
930 377 999 467 quic
1009 378 1108 447 uictor
1117 382 1246 448 ubim-

120 481 243 557 umor,
258 479 434 564 quibus-cu
449 491 610 548 steterant.
639 482 741 564 Atque
762 480 883 545 omnino
904 480 956 545 illu
976 482 1144 568 scripturn,
1169 505 1245 568 quoe

121 594 193 648 ente
206 583 318 648 Aldnrn
334 582 496 660 terebatur,
514 585 695 648 anctoritate
709 583 798 647 ualde
813 582 930 646 indrmc
945 581 1062 647 nititur.
1098 583 1159 649 Est
1178 585 1245 651 rinc

122 686 211 750 dubio
224 686 258 750 in
273 685 448 769 quibusdem
464 685 662 750 deterioribus
677 685 778 763 codd,
796 705 838 749 ox
851 684 979 768 integris
993 681 1196 752 Schneidcrus
1213 689 1244 753 in

121 784 223 872 Bong.
239 808 287 871 pr.
303 785 398 854 Voss.
422 809 469 873 pr.
486 785 576 870 Egnn.
600 787 733 851 inueniri
746 786 800 849 nit.
832 783 877 849 At
889 786 921 849 in
936 782 1008 849 Pur.
1026 807 1073 870 pr.
1090 785 1179 852 Vrnt.
1197 811 1243 874 pr.

121 890 301 976 opti-isque
315 889 498 954 deteriorum
514 887 646 972 (Dresd.
664 909 710 972 pr.
730 886 820 954 Vrat.
837 906 901 952 tec.
919 885 1021 952 Bonn.
1039 885 1180 973 Gottorp.
1198 911 1246 956 se-

121 993 251 1056 cundun
272 1003 387 1056 ocrutnr
402 990 529 1056 Whittii
550 991 772 1072 testimonium)
793 989 1003 1074 scriptumest
1025 997 1145 1055 ‘mour
1166 1014 1246 1058 corn·

121 1094 206 1179 pieri.
220 1104 341 1158 nostres
362 1094 513 1178 legionee’
537 1092 633 1156 altero
656 1089 810 1171 ‘nostrat
835 1092 913 1174 qnod
935 1091 1072 1156 ‘eastra'
1095 1095 1243 1177 requitur,

123 1198 255 1260 omissoc
271 1196 408 1278 idemque
422 1195 460 1259 de
474 1192 564 1280 Egrn.
587 1205 622 1259 ct
634 1192 727 1259 Voss.
743 1214 788 1278 pr.
804 1213 847 1257 cx
862 1194 1043 1277 cognatione
1058 1215 1163 1259 corum
1178 1217 1245 1263 enm

120 1294 201 1361 Pam·
212 1317 258 1381 pr.
272 1307 306 1360 ct
320 1295 408 1363 Vret.
427 1316 474 1381 pr.
491 1317 528 1360 eo
543 1296 641 1380 megin
661 1295 852 1359 statuendum
867 1307 933 1373 est,
958 1297 1037 1379 quod
1052 1317 1093 1360 ex
1107 1295 1197 1381 Ego.
1214 1308 1247 1362 et

123 1397 265 1483 Guttonp.
290 1398 322 1463 in
333 1398 474 1484 exempl.
490 1395 671 1462 Febricirno
692 1407 866 1461 cunctotum
882 1407 947 1461 eret
970 1405 1090 1462 ‘centn
1104 1399 1245 1483 compleri

122 1511 240 1579 nostru,
257 1511 377 1565 nostras
391 1500 550 1584 tegioncs'‚
566 1499 640 1565 [niso
652 1500 689 1563 de
701 1496 857 1582 Gottorp„
875 1508 909 1561 nt
917 1496 961 1563 W
963 1498 1069 1563 hittiuc
1083 1499 1242 1565 indicauit.

121 1599 226 1686 tuque
241 1623 282 1664 ex
303 1602 391 1667 bonis
414 1602 501 1666 codd.
518 1623 595 1666 unus
608 1599 709 1684 Bong.
727 1621 774 1684 pr.
790 1599 988 1683 relinquitur,
1011 1600 1045 1664 in
1060 1623 1119 1684 quo
1133 1623 1245 1667 uereor

122 1725 163 1770 ne
175 1704 253 1769 idem
270 1705 381 1769 fretum
395 1703 447 1780 sit,
464 1704 542 1788 qnod
557 1702 629 1767 mihi
644 1702 682 1766 dc
696 1698 769 1764 Per.
787 1722 832 1785 pr.
849 1711 984 1780 notetur,
1001 1713 1034 1765 nt
1053 1705 1178 1767 ‘nostru'
1195 1725 1244 1768 se-

121 1807 220 1871 oundn
239 1807 356 1871 donnum
377 1827 468 1870 monn
490 1805 639 1871 adiectum
662 1805 713 1868 sit.
752 1799 922 1868 Secundum
947 1804 1022 1867 hunc
1045 1814 1145 1866 nutem
1167 1805 1244 1869 inte·
1301 1874 1304 1881 ,

120 1929 246 1993 giorum
261 1908 348 1970 codd.
362 1908 540 1991 scripturum
556 1907 600 1971 ite
611 1906 685 1970 haec
699 1906 907 1969 constituenda
920 1925 988 1969 esse
1002 1918 1144 1990 apparet:
1165 1914 1243 1972 ‘eum

120 2009 313 2077 multitudine
328 2019 427 2072 eastre
441 2007 594 2090 compleri,
611 2007 745 2091 legiones
757 2006 851 2092 prensi
868 2019 899 2071 et
913 2027 1008 2091 paene
1020 2007 1243 2075 circumuentus

121 2112 237 2192 teneri,
254 2111 387 2185 calones,
405 2109 539 2190 equites,
556 2109 739 2186 funditores,
753 2108 901 2173 Numidas
917 2109 1053 2173 diuersos
1069 2111 1244 2196 dissipatos·

121 2237 182 2301 quc
196 2215 228 2278 in
244 2233 347 2277 omnes
363 2222 462 2296 partes
478 2212 583 2296 fugere
599 2210 764 2275 uidissent'.
793 2209 874 2276 Nem
890 2212 967 2294 qnod
982 2208 1133 2275 Whittius
1152 2214 1245 2277 edidit

124 2325 237 2383 ‘cestra
253 2314 395 2399 compleri
410 2323 532 2390 nostre,
555 2312 707 2399 legiones’
723 2324 811 2395 cett,
828 2313 931 2377 cadem
947 2333 989 2376 ex
1002 2323 1087 2398 purte
1100 2313 1243 2378 uitiosum

124 2432 183 2500 est,
200 2438 259 2502 qua
276 2426 407 2481 ‘nostrus
421 2414 579 2500 legiones'.
954 2419 956 2422 ’

211 2517 250 2585 C.
266 2517 309 2583 27
322 2517 440 2582 initium
454 2518 486 2581 in
501 2517 627 2603 integris
641 2516 834 2602 plurimisque
850 2517 935 2583 codd.
958 2519 1003 2584 itt
1016 2518 1158 2604 seriptum
1174 2529 1240 2584 est:

126 2621 254 2688 ‘florum
270 2622 400 2687 aduentu
414 2630 499 2684 mnu
509 2638 610 2683 rerum
622 2621 814 2684 commutatio
829 2631 877 2685 est
891 2622 980 2701 itote,
997 2632 1028 2686 ut
1042 2621 1137 2686 nostri
1153 2623 1243 2687 etiam

125 2727 177 2811 qni
190 2723 363 2790 uulneribus
385 2721 514 2786 confecti
529 2722 775 2807 procubuissent,
791 2721 887 2788 scutis
901 2723 1000 2786 innixi
1015 2724 1158 2809 proelium
1175 2725 1243 2789 red·

124 2829 329 2915 integrnrcnt,
355 2836 415 2889 turn
431 2826 552 2889 calones
568 2825 744 2909 perterritos
760 2825 862 2889 hostes
878 2825 1041 2907 conspiceti
1057 2826 1147 2889 etium
1162 2828 1243 2891 iner-

124 2951 189 2995 mes
203 2929 327 2994 ermetis
340 2937 549 3005 occurrerunt,
565 2926 681 3008 equites
695 2945 787 3004 uero,
804 2938 836 2990 ut
853 2926 1063 3010 turpitudinem
1079 2929 1167 3013 fugae
1183 2930 1244 2993 uir·

124 3041 188 3096 tntc
203 3032 349 3105 delerent,
365 3029 502 3094 omnibus
516 3029 548 3093 in
562 3029 637 3091 loeis
652 3039 804 3111 pugnant,
828 3050 886 3111 quo
907 3048 942 3091 se
956 3028 1128 3110 legionariis
1144 3030 1244 3095 militi-

124 3132 181 3197 tm
195 3133 403 3218 pmcterrcnt'.
450 3131 510 3195 liic
532 3150 586 3213 pro
606 3130 739 3211 pertento
762 3130 993 3193 ‘occurrerunt’
1014 3133 1187 3196 necessario
1203 3153 1245 3199 ex

124 3235 309 3320 interpolatis
332 3235 419 3298 codd.
442 3233 554 3301 editum
576 3240 624 3294 cst
652 3235 897 3294 ‘occurrerent'z
926 3242 1009 3297 reete
1030 3235 1110 3298 enim
1130 3236 1245 3300 monuit

124 3332 325 3402 Schneiderns
341 3335 435 3400 uerbo
452 3344 549 3399 ‘tenta
563 3354 663 3397 rerum
679 3333 871 3397 commutatio
885 3343 934 3397 est
948 3335 1035 3399 ductn’
1054 3337 1146 3401 nimie
1161 3359 1241 3416 esse,

125 3439 227 3503 sinna
243 3439 294 3504 illc
316 3459 383 3516 res,
407 3449 441 3502 ut
460 3436 611 3501 unlnencti
632 3436 776 3520 proelium
798 3436 1057 3522 redintegrarent,
1081 3451 1245 3504 consecute

124 3551 217 3605 essct.
246 3535 310 3604 Sed
323 3541 401 3626 quod
416 3562 470 3625 pro
484 3540 544 3604 illie
560 3546 708 3624 ‘pugnant
722 3537 789 3621 quo'
805 3537 876 3600 item
893 3539 1129 3623 exinterputatis
1145 3543 1245 3606 editur

127 3641 278 3727 ‘pugnae'‚
294 3653 378 3706 reete
392 3643 457 3705 fieri
471 3663 532 3706 non
547 3641 689 3705 arbitror.
736 3638 838 3706 Verba
859 3640 976 3723 quidem
1002 3650 1154 3727 ‘pugnant
1176 3644 1243 3726 quo’

125 3756 229 3827 operte
243 3742 356 3808 uitione
370 3754 441 3807 sunt
454 3765 515 3808 non
530 3745 626 3809 sulum
643 3742 680 3806 ob
696 3741 782 3806 uerbi
797 3751 911 3825 tempus
929 3745 1131 3826 (quamobrem
1146 3747 1177 3809 iu
1193 3747 1244 3810 de·

125 3847 285 3912 terioribus
299 3845 473 3930 quibusdem
488 3845 574 3909 codd.
593 3844 797 3929 ‘pugnabunt’
813 3845 941 3929 positum
956 3848 1017 3928 cst)
1032 3849 1085 3910 sed
1101 3849 1191 3911 etiem
1206 3847 1243 3913 ob

124 3949 317 4012 sententiam.
340 3945 452 4030 Neque
467 3946 547 4010 enirn
561 3966 609 4024 co,
627 3947 704 4028 quod
719 3945 856 4010 omuibus
869 3946 944 4011 iocis
959 3949 1140 4032 pugnabunt,
1158 3950 1245 4036 igno·

124 4050 245 4115 minium
262 4050 363 4114 delere
378 4059 428 4112 out
450 4068 484 4112 se
506 4046 674 4130 legionibus
697 4050 850 4133 praeferre
872 4050 988 4132 equites
1010 4062 1166 4134 poterent,
1191 4054 1244 4116 sed

124 4154 214 4236 guod,
232 4152 411 4235 ubicumque
427 4160 530 4227 eraut,
547 4150 660 4233 insigni
675 4151 787 4216 uirtute
809 4151 1043 4236 procliabantur.
1089 4152 1187 4240 Igitur
1206 4174 1244 4216 nc

127 4257 317 4339 ‘pugnarent’
332 4249 580 4338 quitemeqm’
596 4263 668 4318 cett.
685 4253 804 4339 proteri
820 4265 932 4339 posset.
976 4249 1040 4319 Sed
1054 4256 1081 4318 si
1099 4252 1244 4339 ‘pugnae'

78 4350 83 4356 ’
155 4354 250 4412 θεων,
264 4353 299 4400 ed.
314 4353 424 4414 Nipperd.
693 4423 695 4428 .
1016 4351 1036 4415 5
