2684 4694
507 180 806 247 ...rs-m

99 372 157 430 ea,
185 367 262 435 qaae
292 350 324 415 in
344 349 487 419 Parisino
513 352 610 436 primo
632 351 775 432 deerant,
807 354 914 420 collata
935 366 1007 421 sunt
1027 377 1046 421 a
1065 353 1221 442 Repertis.

97 453 227 521 Praeter
237 454 316 518 bunc
331 454 389 518 duo
402 464 516 519 tantum
529 454 647 519 codices
661 454 861 539 interpolatae
877 458 1006 523 iambico
1024 459 1057 524 in
1070 479 1106 524 ea
1122 467 1221 542 parte,

99 578 188 644 qnam
202 554 262 621 soli
276 567 455 634 seruarent,
473 559 560 642 paulo
575 557 745 623 accuratius
760 558 860 623 cossati
875 570 963 638 sunt,
984 557 1146 626 Leidensis
1162 558 1224 644 pri·

99 682 165 726 mos
180 671 212 723 et
227 654 453 743 Scaligeranus.
482 657 644 724 Leidensis
660 660 790 744 primus,
808 661 858 743 qui
873 672 921 726 est
934 660 1077 746 Lugduni
1091 660 1223 727 Batauo·

98 786 165 830 ram
180 764 211 828 in
226 761 407 826 bibliotheca
423 762 609 842 academiae,
633 782 758 826 numero
779 764 812 828 in
827 763 965 849 catalogo
980 764 1223 850 nongentesimus

98 867 241 952 septimus
268 864 422 943 decimus,
451 863 488 929 ab
512 860 746 951 Oudendorpio,
769 865 820 951 qui
842 867 987 943 contulit,
1011 864 1223 951 Bongarsiano

98 970 193 1055 primo
209 978 239 1032 et
253 964 406 1034 Vossiano
421 967 516 1051 primo
531 967 683 1050 aliquanto
697 969 850 1034 recentior
865 968 985 1032 dicitur.
1015 966 1076 1032 Hic
1090 969 1223 1033 bonitate

97 1071 222 1154 reliquis
238 1070 327 1135 buius
342 1070 465 1153 generis
479 1070 605 1135 inferior
619 1081 678 1135 est.
714 1069 797 1136 Nam
819 1082 851 1135 et
870 1071 1016 1155 permulta
1032 1071 1122 1136 babet
1136 1072 1224 1155 plane

99 1173 258 1242 tamemrie
273 1183 305 1237 et
319 1173 386 1237 sine
402 1172 462 1236 ulla
477 1193 569 1237 causa
590 1194 609 1236 a
622 1173 745 1239 librario
761 1182 874 1239 mutata
889 1185 920 1238 et
935 1174 1062 1259 uestigia
1078 1173 1223 1256 quaedam

98 1277 285 1359 contagionis
301 1275 484 1340 deteriorum
500 1275 654 1353 codicum,
678 1276 716 1340 de
731 1277 838 1361 quibus
853 1275 1004 1341 codicibus
1019 1276 1097 1341 inira
1114 1276 1221 1341 dicam.

97 1375 204 1461 Itaque
218 1378 364 1456 canimm,
382 1396 421 1443 ne
437 1377 533 1442 solum
548 1399 755 1463 sequeremur,
775 1380 834 1443 nisi
850 1379 898 1443 ubi
914 1379 991 1443 ra'tio
1006 1379 1037 1443 id
1053 1380 1223 1446 laciendum

99 1500 168 1546 ease
181 1480 353 1545 euinoebat.
383 1477 609 1564 Scaligeranus,
627 1481 678 1563 qui
693 1478 814 1564 Iosepbi
830 1478 978 1564 Scaligeri
995 1481 1063 1555 luit,
1080 1502 1139 1564 quo
1155 1502 1223 1566 per·

98 1584 236 1660 acuerit,
259 1583 408 1647 incertum
431 1593 489 1649 est.
537 1579 674 1649 Contulit
696 1603 765 1646 eum
787 1603 853 1647 eum
877 1582 1007 1648 editione
1029 1581 1222 1651 Plautiniaaa

97 1685 168 1749 anni
184 1683 268 1751 lbld
281 1682 451 1770 Dionysius
466 1684 613 1763 Vossius,
638 1686 724 1751 cuius
738 1685 893 1769 excerptis
907 1685 940 1748 in
955 1682 1100 1750 Leidensi
1115 1685 1222 1750 biblio·

97 1787 185 1853 theca
204 1787 355 1866 semesi,
380 1788 479 1853 minus
503 1788 599 1873 plenis
619 1788 698 1865 illis,
723 1809 810 1871 quam
832 1809 910 1871 quae
931 1788 995 1872 ipse
1017 1808 1058 1852 ex
1078 1785 1223 1852 Leidensi

97 1890 193 1974 primo
209 1891 341 1965 lecerat,
364 1912 437 1955 usus
451 1901 500 1955 cst
515 1888 758 1974 Oudendorpius.
803 1886 951 1954 Pauciora
967 1891 1057 1956 etiam
1072 1911 1113 1954 ex
1130 1888 1223 1955 Cuia·

98 1992 185 2056 cinno
200 1991 304 2056 codice
319 2003 423 2056 notata
443 2004 534 2070 sunt,
559 2013 635 2077 quae
656 1992 689 2056 iu
710 1992 875 2076 exemplari
889 1990 1069 2058 Fabriciano
1092 1992 1222 2076 ascripta

96 2093 240 2180 leguntur
254 2112 314 2156 una
330 2115 396 2157 oum
409 2095 533 2176 reliquis
549 2092 673 2159 Grateri
688 2095 908 2160 collationibus.
948 2092 979 2160 ls
1000 2095 1044 2161 ita
1068 2096 1105 2161 de
1121 2116 1157 2159 eo
1171 2114 1221 2159 re-

98 2197 188 2261 talitc
208 2193 388 2260 ‘Praeterea
403 2197 525 2261 enotaui
540 2218 557 2262 e
573 2193 691 2265 Cuiacii
706 2199 809 2264 codice
824 2198 925 2264 uarias
940 2196 1096 2273 lectiones,
1114 2218 1188 2280 qaas
1203 2216 1221 2266 ο

97 2320 155 2364 ms.
179 2298 217 2363 ad
237 2294 322 2362 oram
344 2299 392 2362 sui
411 2309 553 2377 notarat,
576 2299 648 2365 item
671 2300 895 2367 emendationes
916 2299 1033 2382 aliquas
1054 2299 1148 2384 ipsius
1165 2319 1221 2365 nes

98 2420 159 2465 non
174 2400 410 2484 expositiones',
434 2412 466 2466 et
480 2401 570 2466 alibi:
596 2400 774 2488 ‘comparet
788 2422 879 2488 saepe
894 2398 1013 2468 Cuiacii
1028 2403 1145 2479 codex,
1168 2399 1222 2467 scd
1237 2487 1239 2492 Ι

99 2521 135 2567 ca
150 2502 297 2588 descripsi
320 2523 361 2568 cx
382 2503 515 2569 editione
530 2504 599 2570 baio
614 2508 718 2572 simili'
742 2503 974 2592 [Grypbianam
990 2505 1060 2569 anni
1079 2502 1162 2571 1538
1177 2503 1223 2569 di·

98 2605 179 2690 cit],
204 2613 283 2688 ‘qua
298 2625 370 2671 usus
386 2607 484 2672 lucrat
498 2602 642 2674 Cuiaeins
656 2629 803 2691 manuque
819 2629 874 2674 sna
889 2607 1078 2673 annotarat’.
1107 2604 1156 2671 De
1171 2627 1222 2672 ac·

98 2716 160 2774 tals
179 2707 293 2773 codicis
312 2708 383 2773 inde
403 2709 538 2774 indicare
560 2710 648 2785 licet,
673 2711 753 2794 quod
772 2711 803 2775 in
832 2731 870 2775 ec
890 2709 999 2777 bellum
1020 2709 1221 2794 Hispaniense

97 2829 138 2876 ex
164 2806 348 2876 Petrambae
377 2811 501 2877 bistoria
530 2807 675 2879 Caesaris
704 2813 889 2899 desumptum
919 2812 1084 2898 legebatur.
1137 2811 1222 2877 Han·

97 2911 211 2977 niensis
226 2913 359 2997 primns,
382 2917 433 3000 qai
453 2916 486 2981 in
508 2917 591 2998 regia
605 2915 786 2982 bibliotheca
800 2924 942 2981 seruatur
956 2918 970 2992 (
978 2916 1009 2979 in
1025 2914 1162 2998 catalogo
1176 2913 1222 2977 bi·

97 3013 263 3081 bbctbocae
278 3014 457 3082 Tbottianae
472 3014 553 3094 vll,
576 3015 640 3081 sta
663 3038 788 3083 samem
811 3027 858 3083 est
879 3015 1135 3101 quingentesimus
1150 3034 1222 3097 qna·

98 3117 283 3204 dragesimus
298 3121 434 3200 tertius),
451 3119 482 3184 in
497 3118 679 3183 membranis
694 3118 834 3184 maximis
850 3118 971 3183 saeculo
987 3129 1093 3201 quarto
1109 3118 1223 3183 decimo

98 3221 146 3286 ael
161 3223 317 3305 sequentis
339 3221 427 3285 initio
450 3219 599 3303 scriptas,
623 3217 813 3305 Elberlingic
833 3221 965 3285 omnium
986 3220 1115 3306 optimus
1137 3223 1222 3287 uisus

99 3334 155 3401 est,
173 3324 225 3389 sed
241 3325 293 3389 uni
308 3322 452 3389 Leidensi
469 3323 564 3407 primo
579 3333 722 3407 praestat.
759 3318 897 3389 Contulit
910 3321 1112 3408 Elberlingias
1127 3323 1220 3389 libros

99 3425 135 3491 tle
156 3426 236 3491 bello
251 3424 443 3505 Gallico,.et
463 3425 649 3510 posteriores
668 3425 787 3508 quidem
801 3427 990 3505 accuratius;
1014 3447 1055 3492 es
1077 3428 1162 3493 libris
1185 3427 1221 3493 dn

96 3528 175 3594 bebo
190 3530 268 3594 ciuili
285 3551 379 3614 panca
393 3530 496 3593 retulit
510 3528 542 3591 in
556 3528 819 3594 obseruationibus
834 3529 948 3593 criticis
963 3531 995 3595 in
1011 3551 1118 3594 comm.
1137 3532 1173 3595 de
1188 3529 1219 3595 b.

98 3632 157 3695 oin.
174 3652 203 3696 a.
222 3629 306 3697 1828
321 3632 408 3696 editis
423 3654 482 3696 una
498 3654 564 3696 cum
580 3631 739 3716 scripturis
755 3630 929 3713 quibusdam
937 3628 1093 3696 Cuiaeiaui
1108 3632 1221 3697 codicis

97 3727 279 3818 depromptis
303 3753 344 3798 cx
365 3735 530 3819 exemplari
550 3731 753 3807 Fabricium,
779 3755 856 3816 quo,
881 3755 948 3797 oum
969 3733 1062 3798 libros
1086 3734 1221 3800 debello

97 3831 217 3900 Gallico
230 3836 354 3913 ederet,
376 3856 447 3901 usns
468 3859 528 3903 non
551 3848 608 3902 est.
649 3832 892 3901 Vindobonensis
916 3837 1047 3921 primus,
1070 3837 1221 3921 palatinae

96 3936 296 4003 bibliothecae
311 3958 437 4003 numero
452 3938 709 4025 quingentesimus
725 3939 937 4024 nonagesimus
952 3951 1097 4022 quartus,
1114 3939 1221 4005 Enati·

96 4040 188 4106 ebeno
203 4041 412 4126 sexagesimus
427 4044 566 4125 quintus,
590 4043 622 4106 in
644 4041 823 4107 membranis
839 4041 980 4105 maximis
996 4042 1115 4106 saeculo
1132 4045 1221 4106 tertio

96 4144 212 4208 decimo
227 4144 367 4229 scriptus,
385 4146 512 4211 collatus
528 4154 575 4207 est
589 4166 607 4206 a
623 4140 829 4222 Schneidero,
846 4143 898 4225 qui
914 4154 1034 4228 praeter
1049 4145 1221 4229 discrepan-

98 4247 158 4311 tias
172 4246 211 4313 nd
225 4259 366 4332 quattuor
381 4247 497 4334 priores
512 4245 607 4311 bbros
628 4245 665 4311 de
686 4242 766 4311 bebo
781 4242 899 4311 Gallico
920 4247 1106 4331 pertinentes
1128 4265 1221 4330 pauca
1244 4279 1246 4284 π
