2692 4688
490 167 679 238 count(
701 166 798 238 Gdl'.
813 169 922 239 1-2.
1263 175 1329 246 iii

148 347 336 426 formamque
354 342 549 407 demonstrat.
581 341 633 407 Aa
652 342 839 407 celeritatem
867 344 1013 408 onerandi
1041 344 1270 415 subductiones·

148 467 207 531 que
227 444 315 531 paulo
338 445 410 509 lacit
425 444 618 524 humiliores,
642 467 730 528 quam
746 445 853 529 quibus
867 445 900 508 in
922 457 1026 511 nostro
1049 449 1125 513 mari
1140 451 1183 514 uti
1198 471 1270 516 con·

147 549 313 627 sueuimm,
330 558 420 630 atque
435 549 466 613 id
480 569 517 612 eo
532 549 639 633 magis,
656 552 734 631 quod
751 561 873 635 propter
891 550 1270 618 erebrascommutationaa

147 660 284 716 aestuum
298 650 397 714 minus
412 671 536 734 magnos
550 652 591 714 ibi
607 652 714 716 ductus
730 653 795 717 lieri
820 661 1021 738 cognouerat,
1044 654 1082 716 ad
1103 674 1216 735 onera,
1231 657 1271 720 ad

110 769 126 820 t
149 754 369 820 multitudinem
391 753 590 819 iumentorum
614 755 874 839 transportandam
908 755 995 838 paulo
1017 754 1160 833 latiores,
1183 778 1270 842 qaam

148 857 254 942 witus
267 857 302 921 in
314 856 439 940 reliquis
455 857 565 921 utimur
583 858 725 921 maribus.
772 857 836 921 llas
858 878 963 921 omnes
978 859 1129 922 actuarias
1142 860 1269 944 imperat
1284 859 1306 926 3

147 961 226 1040 lieri,
242 980 332 1044 mam
346 959 384 1022 ad
399 979 464 1023 rem
479 960 601 1024 multum
619 959 768 1024 humilitas
784 960 917 1024 adiuuat.
945 957 1007 1038 Ea,
1023 982 1101 1043 quae
1116 973 1187 1026 sont
1202 961 1305 1029 maii

146 1063 183 1127 ad
197 1063 359 1128 amandas
374 1082 479 1140 naues,
497 1061 691 1146 eallispania
706 1063 858 1147 adportari
873 1061 968 1125 iubet.
986 1059 1055 1146 lpse
1070 1063 1304 1131 conuentiiurd

146 1161 421 1230 Gallinaciterioris
437 1166 568 1248 peractis
582 1166 613 1228 in
623 1162 772 1250 Illyricam
789 1165 998 1249 proficiscitur,
1017 1167 1094 1247 quod
1111 1164 1268 1232 aPirustis

88 1278 122 1330 tt
145 1267 308 1332 finitumam
323 1277 438 1350 partem
455 1267 628 1351 prouinciae
644 1267 867 1332 incursionibus
890 1269 1004 1331 uastari
1026 1266 1175 1332 audiebat.
1218 1268 1303 1334 lton

147 1371 375 1447 conuenisset,
393 1369 565 1432 ciuitatibus
581 1369 689 1434 milites
704 1371 832 1454 imporat
848 1381 1019 1453 certumque
1034 1371 1065 1433 in
1081 1371 1179 1435 locum
1195 1394 1267 1437 con-

145 1473 252 1537 uenire
266 1472 362 1536 iubet.
407 1468 476 1553 Qua
500 1492 534 1535 re
557 1473 693 1536 nuntiata
706 1470 848 1538 Pirustae
863 1473 979 1557 legatos
995 1472 1030 1536 ad
1047 1493 1114 1536 eum
1131 1475 1302 1554 mittunt‚7

146 1574 196 1656 qui
218 1574 345 1639 doceant
368 1574 442 1638 nihil
462 1595 566 1638 earum
589 1596 690 1640 rerum
706 1575 823 1660 publico
839 1577 947 1639 farctum
964 1575 1110 1653 consilio,
1139 1596 1266 1661 seseque

146 1687 268 1759 paratos
290 1696 359 1741 esse
381 1677 585 1742 demonstrant
604 1678 740 1743 omnibus
763 1679 932 1743 rationibus
954 1678 991 1741 de
1013 1678 1131 1742 iniuriis
1146 1679 1265 1744 satisfa-

89 1789 122 1840 tt
144 1798 225 1844 cere.
258 1777 405 1865 Percepta
421 1781 556 1843 oratione
571 1801 673 1844 eorum
689 1777 807 1844 Caesar
823 1781 943 1845 obsides
959 1781 1086 1862 imperat
1101 1800 1213 1862 eosque
1228 1781 1265 1845 ad
1280 1780 1301 1847 8

145 1891 259 1945 cerum
280 1882 358 1946 diem
379 1882 486 1946 adduci
509 1882 609 1961 iubet3
635 1883 692 1947 nisi
715 1885 757 1946 ita
773 1885 917 1960 iecerint,
935 1902 1003 1947 sese
1018 1882 1097 1946 bello
1113 1881 1266 1948 ciuitatem

146 1995 374 2067 persecuturum
389 1985 585 2049 demonstrat.
629 1982 670 2048 lis
686 1985 721 2047 ad
738 1984 816 2047 diem
831 1984 984 2063 adductis,
1000 1995 1035 2048 ut
1048 1985 1262 2068 imperauerat,
1279 1983 1301 2051 9

149 2083 281 2148 arbitros
301 2084 381 2152 inter
400 2087 538 2152 ciuitates
554 2088 623 2163 dat,
647 2087 697 2169 qui
712 2086 793 2150 litem
811 2095 979 2149 aestuarent
993 2107 1177 2169 poenamque
1191 2109 1265 2152 con·

146 2187 286 2252 stituant.
330 2185 386 2255 llis
408 2191 554 2254 coniectis
576 2188 665 2253 relus
681 2188 938 2270 conuentibusque
953 2190 1083 2271 peractis
1098 2188 1128 2250 in
1146 2189 1301 2259 citano-2

86 2300 122 2356 2⁰
145 2311 210 2355 rem
226 2288 354 2356 Galliam
367 2293 533 2358 reuertitur
547 2303 637 2374 atque
650 2291 720 2355 inde
736 2293 772 2355 ad
789 2291 958 2355 exereitum
973 2290 1184 2371 proficiscitur.
1216 2289 1300 2355 leoz

147 2413 215 2455 cum
229 2394 382 2474 uenisset,
407 2394 541 2460 circuitis
564 2395 701 2458 omnibus
716 2394 849 2458 hibernis
865 2392 1010 2478 singulari
1028 2391 1152 2454 militum
1166 2392 1266 2456 studio

146 2494 179 2557 in
194 2516 307 2562 summa
327 2500 459 2562 omnium
479 2519 576 2562 rerum
599 2497 699 2582 inopia
722 2497 844 2561 circiter
863 2506 1025 2560 sexcentae
1048 2495 1113 2560 eius
1128 2495 1262 2579 generis,

145 2598 231 2662 cuins
246 2620 337 2685 supra
352 2602 640 2678 demonstrauimus,
664 2621 758 2664 naues
781 2610 812 2664 et
835 2600 940 2684 longas
956 2610 1066 2663 xxvttl
1088 2599 1206 2663 inuenit
1218 2601 1265 2664 in·

145 2711 278 2766 sunctae
293 2723 391 2787 neque
414 2703 537 2767 multum
560 2703 666 2766 abesse
682 2703 718 2765 ab
734 2724 790 2779 eo,
815 2703 885 2784 quin
909 2704 1010 2784 paucis
1033 2700 1136 2765 diebus
1159 2702 1265 2766 deduci

86 2812 121 2866 25
145 2805 274 2887 possint.
304 2802 502 2870 Conlaudatis
517 2806 660 2870 militibus
675 2813 765 2888 atque
780 2806 835 2882 iis,
854 2806 902 2887 qui
919 2804 1041 2887 riegotio
1056 2807 1263 2886 praefuerant,
1279 2801 1299 2866 3

144 2906 215 2988 quid
230 2907 296 2971 lieri
312 2908 403 2988 uelit,
428 2908 560 2973 ostendit
579 2920 669 2992 atque
690 2929 793 2972 omncs
810 2908 847 2971 ad
863 2917 979 2991 portum
994 2903 1084 2968 ltium
1099 2903 1265 2970 conuenire

254 3165 266 3217 i
283 3166 461 3227 demonstrant
474 3184 501 3232 o,
515 3167 704 3219 demonstrauit
716 3167 740 3216 t.
846 3165 909 3218 iad
922 3177 1012 3227 onera,
1026 3162 1059 3212 ad
1072 3160 1264 3215 multitudinem

144 3242 184 3308 133
203 3244 237 3294 ad
250 3259 330 3296 onera
343 3254 369 3297 at
382 3248 415 3297 ad
428 3247 618 3299 multitudinem
631 3261 664 3309 a,
682 3245 731 3296 aed
752 3245 830 3295 ‘nun
851 3247 946 3293 corant
959 3247 1002 3305 et,
1015 3241 1070 3291 aiii
1080 3239 1123 3304 ad,
1137 3243 1166 3291 in
1181 3241 1195 3290 t
1208 3240 1262 3292 ια’.

255 3323 271 3373 5
283 3321 361 3388 panto
373 3323 482 3375 altiores
497 3323 532 3373 ie
549 3323 635 3389 (paulo
653 3320 763 3372 latiores
775 3323 858 3369 ctiam
870 3319 1004 3370 Priscian.
1014 3333 1044 3383 p.
1060 3316 1110 3369 770
1123 3317 1178 3382 P.).

142 3412 220 3465 quan
233 3399 327 3466 quibus
340 3400 366 3451 in
379 3401 487 3468 reliquit
502 3401 600 3452 utimur
611 3399 725 3451 maribus
734 3400 869 3450 Priscian.
880 3397 926 3464 (B)
942 3399 1015 3448 ‘maa
1029 3400 1084 3448 mai
1092 3396 1263 3463 quindecim’,

144 3488 220 3542 qnam
233 3475 367 3543 quitatio
380 3477 488 3543 reliquis
501 3476 617 3528 maribus
630 3476 669 3529 uti
680 3477 856 3528 adsueuerant
869 3474 956 3525 ledo.
1065 3473 1265 3526 indicunbati.

251 3554 415 3622 Sadportari
427 3555 461 3607 B.
566 3554 920 3622 itapiratisdotproncr.
936 3551 1036 3601 lactc.
1165 3551 1197 3603 10
1210 3550 1267 3603 ilui-

142 3632 320 3685 tmnamAli.
426 3650 456 3686 eo
470 3635 638 3687 conuenisset
650 3648 687 3685 m.
697 3648 744 3699 pr.
758 3633 791 3682 B.
899 3628 1202 3692 ltadeumlegatost.

145 3709 475 3780 iinihiieorumpnblioo
487 3713 525 3763 D.
630 3710 739 3762 iactet.
844 3707 963 3774 aequet.
1075 3706 1106 3757 il
1119 3705 1266 3758 rationibus

142 3802 197 3838 ω».
211 3802 236 3836 ⁶·
379 3789 409 3841 15
425 3796 546 3857 percepta
559 3787 678 3840 Aeon
688 3824 696 3851 ,
711 3792 819 3852 accepta
833 3784 926 3835 icdc.
942 3780 1155 3846 Vid.V1,8,7.

143 3865 246 3915 atione
258 3879 347 3916 eornm
361 3866 432 3935 tec.
602 3866 633 3918 17
647 3865 680 3915 iis
693 3865 717 3915 B
728 3864 833 3925 Aldus,
848 3863 888 3913 luis
902 3861 963 3912 edd.
975 3865 1039 3910 ante
1051 3859 1115 3910 Ata.
1128 3858 1223 3927 Steplc.
1237 3878 1264 3914 c.

252 3943 431 3996 lScinitntcm
444 3947 478 3997 A.
584 3942 839 3994 anatomontABD.
950 3939 1027 3991 itin
1040 3936 1109 3989 coni.
1124 3939 1157 3990 B.

144 4022 332 4088 conuenitque
344 4023 370 4073 A
378 4024 414 4074 1).
538 4019 661 4088 peractis]
675 4021 776 4088 paratis
789 4021 814 4070 t.
947 4019 978 4073 21
994 4033 1051 4069 cum
1062 4019 1228 4084 peruenisset
1241 4018 1266 4067 t.

252 4098 396 4150 circumitis
410 4099 435 4150 l.
517 4100 551 4154 22
563 4107 698 4150 sescentas
710 4113 746 4148 m.
756 4112 802 4163 pr.
815 4097 850 4147 B.
937 4097 971 4150 23
980 4095 1067 4157 cuius]
1081 4109 1145 4160 quaa
1159 4094 1184 4145 i.

144 4173 505 4241 langaaduodatrigintatc.
628 4173 717 4239 tiqui
730 4186 822 4237 m.pr.
839 4173 871 4223 B.
1022 4165 1269 4238 tapocsintAnc

143 4251 191 4301 Da
205 4251 359 4318 ‘piaripuc’,
375 4258 482 4319 possent
495 4267 512 4301 u
629 4249 791 4300 conlaudatis
804 4249 837 4298 B.
