2692 4688
545 197 688 269 canr
705 199 869 270 tta-9⁴:
975 204 977 208 ‘
1257 197 1321 266 ⁷15

143 396 261 441 manum
278 373 433 457 colligeret
447 394 575 457 seseque
592 374 796 459 obpugnaret,
820 372 876 437 sibi
892 370 1036 436 auxilium
1052 369 1203 435 mittereta
1228 391 1262 435 sc

145 489 243 542 mmen
261 488 381 562 paratos
398 496 465 540 esse
480 476 556 553 sibi,
574 475 670 558 quoad
685 476 748 539 uita
763 485 953 560 suppeteret,
978 472 1115 557 oppidum
1130 474 1264 556 sequeei

146 600 316 644 reseruare·
347 576 483 662 Legatos
507 578 689 642 collaudatos
710 574 828 641 Caesar
843 576 959 639 domum
981 575 1064 639 iubet
1086 574 1264 639 antecedere
1278 575 1318 642 2·

144 703 179 744 ac
195 702 280 745 suum
296 682 454 745 aduentum
472 679 695 764 praenuntiare.
728 675 797 762 lpse
810 689 931 762 postero
947 677 994 741 die
1010 676 1100 742 Vtica
1123 695 1264 761 egressus

108 797 124 846 5
148 805 214 847 cum
231 782 364 867 equitatu
379 783 409 846 in
425 803 548 866 regnum
564 782 609 845 ire
624 780 789 845 contendit.
815 777 940 844 Interim
955 780 986 843 in
999 780 1107 844 itinere
1119 799 1160 843 ex
1171 779 1264 862 regiis
1279 776 1299 841 3

143 885 236 968 copiis
260 887 351 948 duces
374 885 540 969 complures
565 885 601 948 ad
624 881 788 948 Caesarem
813 883 937 947 ueniunt
959 892 1125 965 orantque,
1149 891 1184 943 ut
1205 881 1262 946 sibi

142 988 290 1070 ignoscat.
315 982 433 1067 Quibus
446 986 625 1072 supplicibus
639 986 728 1050 uenia
744 985 813 1048 data
822 982 945 1049 Zamam
957 985 1107 1069 peruenit.
1131 981 1265 1047 Rumore
1280 981 1301 1045 t

142 1088 262 1153 iuterim
279 1088 391 1173 perlato
407 1088 442 1152 de
465 1090 529 1152 eius
552 1087 675 1153 leuitate
696 1086 911 1170 clementiaque
932 1086 1141 1171 propemodum
1162 1103 1265 1148 omnes

142 1191 229 1276 regni
246 1190 361 1274 equites
377 1187 502 1255 Zamam
517 1190 696 1274 perueniunt
710 1186 920 1254 adCaesarem
935 1188 972 1252 ab
988 1209 1083 1273 ecque
1098 1198 1171 1252 sunt
1182 1197 1266 1252 metu

89 1303 122 1357 to
144 1292 333 1378 periculoque
348 1290 477 1356 liberati.

229 1393 307 1458 Dum
324 1393 398 1457 haec
412 1392 570 1476 utrobique
585 1403 743 1477 geruntur,
762 1389 943 1472 Considius,
966 1392 1015 1476 qui
1031 1390 1181 1456 'l'bisdrae
1197 1409 1264 1453 cum
1279 1387 1324 1458 03

144 1496 256 1560 familia
271 1517 337 1575 sua,
356 1496 532 1580 gladiatoria
548 1501 638 1559 manu
652 1491 848 1580 Gaetulisque
863 1505 1021 1581 praeerat,
1039 1495 1160 1578 cognita
1174 1492 1265 1556 caede

143 1618 265 1662 suorum
282 1596 465 1682 Domitiique
481 1608 513 1662 et
526 1597 823 1684 legionum'aduentu
838 1597 1019 1684 perterritus
1036 1597 1194 1680 desperata
1216 1616 1266 1660 sa·

144 1699 205 1765 lnte
221 1700 356 1785 oppidum
373 1701 486 1767 deserit
499 1721 591 1784 seque
606 1701 681 1764 clam
697 1722 765 1765 cum
781 1702 884 1786 paucis
898 1699 1035 1764 barbaris
1050 1700 1177 1785 pecunia
1193 1719 1267 1763 onu-

87 1813 120 1864 tt
142 1810 207 1865 stus
230 1802 366 1865 subducit
386 1811 475 1886 atque
497 1804 527 1865 in
549 1824 673 1885 regnum
697 1805 800 1886 fogere
821 1802 984 1866 contendit.
1017 1798 1114 1882 Quem
1130 1797 1302 1879 Gaetuli,2

143 1903 190 1965 sui
206 1904 342 1979 comites,
360 1905 392 1966 in
406 1905 516 1967 itinere
531 1903 657 1986 praedae
673 1905 770 1988 cupidi
786 1905 946 1968 concidunt
960 1922 1052 1985 seque
1065 1902 1096 1966 in
1107 1922 1264 1986 quascum-

145 2023 202 2085 que
218 2014 342 2087 potnere
357 2003 450 2086 partis
467 2005 635 2068 conferunt.
661 1999 699 2067 C.
710 2005 829 2068 interim
839 2005 1005 2089 Vergilius,
1018 2014 1173 2089 postquam
1185 2014 1266 2069 terra
1280 2003 1301 2068 3

142 2106 276 2189 marique
290 2107 411 2169 clausus
426 2125 460 2168 sc
475 2105 549 2169 nibil
564 2107 710 2190 proficere
723 2106 875 2170 intellexit
886 2126 1016 2190 suosque
1027 2108 1202 2172 interfectos
1214 2118 1267 2170 ant

129 2208 275 2293 {fugatos
291 2206 429 2271 Marcum
447 2204 595 2273 Catonem
612 2207 722 2273 Vticae
736 2206 791 2269 sibi
807 2208 902 2291 ipsum
917 2227 1022 2271 manus
1038 2208 1193 2285 attulisse,
1218 2229 1266 2271 re·

84 2320 119 2377 2⁰
144 2330 211 2395 gem
236 2331 344 2394 uagum
366 2330 384 2373 a
399 2311 521 2393 suisque
536 2312 686 2375 desertum
700 2308 737 2373 ab
752 2308 890 2372 omuibus
905 2310 1079 2392 aspernari,
1104 2305 1267 2373 Saburram

145 2412 268 2492 eiusque
283 2413 383 2496 copias
398 2412 435 2475 ab
450 2410 542 2477 Sittio
556 2432 626 2477 esse
641 2413 773 2491 deletas,
797 2410 906 2478 Vticae
922 2407 1084 2476 Caesarem
1101 2411 1166 2475 sine
1182 2432 1265 2475 mora

142 2523 308 2597 receptum,
328 2515 365 2578 de
380 2525 464 2579 tanto
478 2516 615 2579 exercitu
630 2515 772 2598 reliquias
786 2535 856 2580 esse
867 2514 976 2593 nullas,
994 2515 1101 2601 [quae]
1115 2513 1172 2579 sibi
1187 2514 1265 2579 suis·

144 2636 201 2698 que
216 2616 319 2680 liberis
334 2637 353 2679 a
368 2612 498 2681 Caninio
514 2618 710 2702 proconsule,
727 2619 777 2701 qui
792 2638 860 2682 enm
875 2617 1047 2697 obsidebat,
1071 2620 1128 2682 lide
1142 2628 1266 2702 accepta

144 2737 236 2802 seque
252 2730 283 2783 et
297 2740 352 2783 sua
367 2721 466 2784 omnia
481 2730 512 2782 et
528 2719 666 2804 oppidum
682 2720 853 2805 proconsuli
868 2714 970 2785 tradit.
1002 2717 1073 2783 Rex
1086 2719 1206 2784 interim
1228 2719 1265 2783 ab
1278 2716 1325 2788 94

88 2831 122 2886 tt
145 2821 279 2885 omnibus
296 2822 466 2887 ciuitatibus
481 2822 624 2886 exclusus
640 2822 798 2905 desperata
814 2822 931 2901 salute,
956 2844 1023 2886 cum
1046 2822 1105 2886 iam
1122 2831 1266 2884 coenatus

144 2933 226 2987 essct
242 2944 308 2988 cum
320 2921 454 3004 Petreio,
471 2935 504 2989 ut
519 2945 585 2989 cum
601 2925 714 2990 uirtute
728 2925 880 2990 interlecti
895 2945 964 2990 esse
979 2924 1167 3001 uiderentur,
1185 2924 1266 2986 ferro

144 3025 225 3089 iuter
239 3046 273 3089 sc
290 3027 477 3110 depugnant,
494 3038 582 3110 atquc
597 3027 712 3090 firmior
725 3026 949 3091 imbecilliorem
965 3023 1039 3089 iuba
1053 3023 1206 3090 Petreium
1223 3024 1266 3089 la-

148 3127 205 3190 cile
222 3127 303 3190 ferro
319 3129 514 3211 consumpsit.
547 3125 665 3193 Deinde
679 3129 746 3212 ipse
761 3129 818 3193 sibi
834 3150 899 3193 cum
915 3138 1077 3192 conaretur
1089 3126 1187 3211 gladio
1203 3125 1301 3192 tra-2

144 3227 228 3293 icere
250 3238 353 3311 pectus
376 3248 432 3292 nee
454 3239 573 3313 posset,
598 3230 746 3315 precibus
761 3252 779 3296 a
795 3251 885 3296 seruo
901 3252 955 3296 suc
971 3230 1161 3316 impetrauit,
1184 3242 1217 3295 ut
1231 3250 1265 3295 se

255 3417 480 3484 lobpugnaretc.
597 3420 837 3488 2oppiduuqncsc
851 3422 915 3472 cia.
1026 3423 1042 3473 t
1055 3420 1224 3488 pronuntiare
1238 3419 1262 3468 b.

248 3495 350 3547 Vticam
358 3513 375 3547 a
385 3499 409 3547 b.
505 3496 522 3548 7
528 3500 648 3564 peruenit
658 3500 791 3565 lacinias,
802 3500 957 3566 perueniunt
967 3499 1044 3552 codd.
1150 3496 1180 3551 11
1191 3495 1267 3548 Tbis-

143 3571 392 3635 trecasinorum.
481 3574 841 3628 ldinantcitinoreomab.
928 3574 1155 3644 quascunque(a).

143 3650 173 3704 17
182 3657 321 3718 potuerunt
334 3651 359 3700 b.
447 3652 528 3717 partis
541 3668 568 3702 a.
655 3651 787 3718 Vergilius
799 3670 825 3718 a,
840 3652 966 3717 Virgilius
978 3668 1006 3703 a·
1019 3678 1021 3683 ·
1095 3653 1127 3704 18
1140 3650 1266 3718 suosque]

144 3734 189 3778 aut
202 3744 262 3779 eum
275 3744 329 3779 ano
342 3727 396 3777 det.
412 3727 474 3777 cdd.
491 3744 518 3778 a.
632 3729 662 3781 19
676 3727 790 3781 blurcnm
804 3745 830 3794 a,
844 3728 879 3780 Μ.
895 3745 923 3780 u.
1028 3730 1111 3795 ipsum
1124 3728 1165 3794 (a)
1179 3745 1193 3778 c
1205 3729 1264 3781 eod.

145 3805 219 3869 Vn,
234 3807 284 3872 ipsi
299 3803 434 3871 ‘reliqui'.
551 3822 654 3859 mannan
668 3808 693 3859 b.
815 3809 939 3861 attulisse
952 3825 969 3860 a
982 3809 1041 3860 cod.
1055 3808 1129 3871 Vre,
1143 3809 1266 3861 intulisse

146 3885 160 3933 b
173 3898 200 3934 u.
304 3884 337 3935 20
346 3883 378 3934 ab
388 3885 493 3951 suisque
502 3884 542 3950 (a)
553 3888 672 3940 cesama
682 3887 748 3939 dett.
758 3903 786 3938 a.
893 3887 1032 3940 Saburram
1045 3903 1062 3939 a
1076 3888 1169 3953 (πυτ),
1184 3888 1267 3940 Sabu-

141 3973 196 4010 ram
209 3975 236 4009 a.
346 3962 376 4015 21
392 3960 470 4011 Sittio
483 3976 509 4024 a,
524 3962 590 4013 Sitio
602 3979 630 4014 u.
741 3965 775 4019 22
788 3965 874 4016 nullas
887 3982 940 4017 cm.
955 3983 977 4017 c.
1083 3982 1150 4033 quae
1161 3983 1211 4033 ego
1224 3972 1266 4019 ia·

144 4036 225 4102 elusi,
240 4036 295 4103 ipse
310 4036 334 4087 b.
428 4039 461 4091 23
476 4039 566 4090 liberis
578 4056 595 4092 c
610 4042 624 4092 b
637 4058 661 4107 c,
675 4042 764 4094 liberis
777 4043 932 4109 prodessent
944 4059 971 4094 a.
1065 4051 1119 4096 tun
1133 4044 1158 4100 b.

143 4122 251 4181 excepta
266 4130 288 4164 c.
303 4150 307 4163 .
412 4117 446 4169 21
459 4116 563 4169 interim
576 4134 593 4168 c
607 4118 622 4168 b
635 4121 651 4170 t
664 4119 743 4184 dote,
758 4120 862 4172 iuterim
874 4121 938 4172 lube
949 4137 978 4172 a.
1094 4122 1128 4175 25
1140 4129 1266 4174 coenatus

142 4193 284 4323 2tltpapchms,
299 4203 408 4322 coeptus
422 4195 499 4248 codd.
605 4198 639 4253 26
653 4214 711 4251 cum
724 4200 823 4252 nimute
835 4216 852 4252 a
866 4202 881 4252 b
894 4217 918 4265 a,
932 4216 979 4268 por
991 4201 1117 4252 uimntem
1128 4216 1159 4250 a.

217 4289 258 4322 em
272 4288 327 4325 cum
370 4312 375 4323 .
