2692 4688
486 180 843 249 ...suc-...

81 372 195 419 merum
210 352 336 437 legimns
351 374 400 437 api
418 350 501 422 Plut.
518 351 611 421 Coeo.
628 353 683 432 tt,
699 350 805 436 Pomp.
821 345 877 427 tt,
895 347 1024 433 Appiam.
1041 346 1073 414 h.
1090 351 1151 415 cio.
1161 348 1208 429 11,

82 452 153 538 7⁰),
169 456 268 521 minus
281 453 382 520 XXX
397 457 482 521 milin-
494 468 597 540 ponot.
621 454 726 539 ltequc
741 452 918 537 computatis
934 449 1057 517 LXXV
1074 453 1209 519 cohorti-

83 556 151 636 bus,
168 577 245 640 quse
260 559 296 622 ad
311 557 492 625 Pharsalum
507 559 541 623 in
556 561 621 623 scio
637 567 736 631 erasit,
753 556 879 633 uuicos,
895 576 972 638 quac
987 555 1019 617 in
1033 556 1144 620 castris
1159 576 1210 623 re·

82 671 269 738 manserant,
287 671 366 738 octo,
382 682 458 744 quae
474 660 668 745 Apolloniae,
679 657 777 732 orici,
787 656 871 721 Lissi
888 658 918 721 in
936 658 1091 740 praesidiis
1106 669 1209 738 eruut,

85 761 275 843 quindecim,
298 764 419 844 quaein
435 762 580 827 Achaiam
597 765 708 833 misene
722 771 829 838 erant,
850 771 969 824 centnm
986 761 1126 825 cohortes
1141 761 1211 827 siue

85 863 220 946 legiones
236 864 338 929 docem
355 865 534 931 efficiuntur.
564 864 617 931 En
630 865 739 948 quihus
755 885 821 928 cum
837 873 978 945 quattuor
991 864 1128 946 legiones
1143 862 1211 927 Au·

85 965 186 1029 tonius
200 967 370 1043 adduxerit,
384 969 479 1051 ipsum
489 965 653 1033 Caesarem
670 968 726 1033 hnc
740 986 857 1050 quoque
871 966 988 1029 ratione
1004 987 1062 1030 sex
1074 965 1212 1047 legiones

86 1068 260 1133 traduxisse
275 1071 454 1153 reperimus.
485 1066 591 1152 ltnque
605 1091 635 1135 c.
650 1071 685 1147 2,
700 1069 722 1133 2
737 1065 901 1133 Caesarem
920 1064 995 1131 ‘LX
1009 1068 1152 1133 cohortes
1166 1068 1211 1133 le·

84 1171 288 1254 gionnriorutn
312 1172 445 1236 militurn'
461 1173 620 1257 scripsisse
642 1172 831 1239 statuendum
847 1180 915 1235 est:
934 1188 1030 1250 noque
1045 1169 1116 1233 iutlo
1133 1166 1211 1235 ‘XV

84 1272 167 1337 niilia
189 1273 422 1358 legionariorum
444 1273 582 1343 militum'
596 1287 663 1339 orto
685 1294 755 1341 esse
776 1294 837 1337 non
853 1270 1017 1335 uerisimile
1032 1270 1210 1349 uiletur,si

85 1376 180 1458 primo
196 1396 250 1459 pro
268 1373 350 1441 ‘LX'
367 1387 532 1460 peruagoto
545 1396 651 1443 cnoro
668 1374 750 1445 ‘XL'
767 1386 799 1443 et
812 1394 867 1459 pru
883 1373 938 1437 hoe
948 1369 1033 1437 ‘XV’
1049 1372 1212 1459 posiltiex

88 1487 160 1541 note
175 1486 274 1541 sutem
286 1525 295 1555 ‚
309 1499 368 1560 qua
383 1477 522 1543 cohortos
538 1477 793 1562 signilionhnntun
811 1476 947 1541 ellectum
963 1495 1031 1541 osse
1049 1471 1119 1553 ‘ori'‚
1135 1496 1212 1559 quo·

87 1580 177 1642 modo
191 1580 221 1643 in
232 1577 306 1644 Per.
319 1602 383 1645 sec.
403 1581 505 1646 ‘mille’
521 1591 654 1654 iactetur,
669 1581 758 1662 idque
775 1579 876 1643 ‘milia'
892 1577 1045 1643 librarium
1061 1576 1211 1661 interpre-

90 1691 183 1745 tatnm
206 1702 275 1747 esso
296 1682 515 1749 existimomus.
546 1680 676 1764 Equites
696 1683 736 1747 ihi
752 1682 906 1765 quingenti
921 1690 1209 1759 commemorentur,

87 1780 266 1848 Plutarchus
282 1793 312 1847 et
321 1784 475 1867 Appianus
490 1797 652 1849 sexcentos
666 1807 734 1851 cum
748 1785 814 1868 ipso
822 1781 957 1849 Caesare
970 1781 1211 1849 traiecissem·

86 1886 232 1951 sentiunt.
257 1884 325 1948 ilco
341 1886 367 1949 si
383 1888 527 1951 adicimus
543 1888 750 1973 octingentos,
767 1907 841 1968 quos
856 1884 1008 1955 Antonius
1023 1883 1151 1949 allusit
1165 1884 1208 1968 (ca

84 1986 159 2068 29),
177 1989 341 2051 secundum
359 1984 504 2055 Caesaris
518 1990 617 2055 locum
634 1990 715 2055 millo
730 2001 760 2053 st
776 1989 915 2063 trecenti,
933 1986 1095 2051 secundum
1112 1984 1211 2051 Grec·

88 2110 140 2153 cos
162 2089 328 2174 scriptores
344 2091 423 2156 millo
438 2104 470 2157 et
484 2093 690 2176 quadringenti
708 2092 888 2156 efficiuntur.
920 2087 996 2155 Cum
1012 2100 1113 2153 nutem
1129 2084 1211 2155 Ceo·

86 2213 140 2256 ser
154 2213 264 2274 paucos
280 2194 394 2277 equites
410 2216 477 2258 cnm
490 2193 624 2261 Caluisio
638 2206 671 2259 et
685 2195 828 2259 ducentos
844 2216 911 2258 cum
923 2190 1031 2257 Cassio
1046 2190 1212 2257 ‹limisissot

88 2297 130 2375 (c.
148 2294 217 2378 34),
236 2318 360 2378 quorum
377 2297 480 2383 copias
498 2318 563 2361 cum
581 2294 696 2361 Caleno
711 2297 742 2361 in
757 2296 902 2361 Achaiam
919 2296 1026 2361 missos
1041 2295 1077 2357 ecl
1094 2290 1211 2363 Caesa·

88 2418 149 2461 rem
166 2420 226 2461 non
242 2398 408 2463 reuertisse
423 2400 529 2475 docui,
547 2397 681 2465 Domitio
696 2396 844 2476 Caluino,
861 2399 910 2463 cni
927 2398 1106 2482 quingentos
1121 2396 1209 2465 attri-

87 2499 194 2563 hucrat
208 2503 253 2579 (c.
263 2499 332 2580 34),
343 2521 450 2565 rursus
464 2501 520 2565 sihi
536 2502 697 2565 coniuncto
712 2525 740 2566 c.
751 2500 793 2567 84
810 2502 889 2565 millo
899 2502 1016 2583 equites
1024 2519 1057 2563 sc
1068 2498 1210 2565 hahuisse

88 2602 230 2665 ostendit.
249 2603 350 2684 Atque
366 2604 492 2668 cundem
507 2603 727 2685 rnilleeqnitum
738 2625 893 2669 numerum
902 2596 1208 2686 porcomortuo.

87 2701 140 2779 42,
159 2702 288 2788 Appinn.
307 2705 336 2767 b.
354 2705 413 2767 cin.
431 2701 461 2767 Il
471 2751 480 2784 ‚
497 2702 553 2781 70,
571 2702 746 2785 Oros.V1‚
766 2705 816 2771 15.
840 2703 901 2773 Sed
917 2717 1075 2788 uniloquam
1091 2728 1110 2777 s
1126 2702 1208 2789 llyr-

87 2804 210 2869 rhnchio
227 2807 393 2871 discederet
411 2804 568 2887 Caesone
583 2805 727 2892 Pompeio
743 2811 825 2874 lusus
841 2809 957 2893 equites
973 2806 1085 2889 aliquot
1098 2806 1210 2871 ornis&

86 2920 145 2973 rat.
162 2908 243 2975 Nem
259 2933 287 2975 c.
298 2909 339 2973 71
356 2912 387 2974 in
403 2911 521 2994 optionis
536 2911 623 2975 codo.
643 2911 715 2974 haec
731 2911 892 2994 leguntura
911 2908 1049 2975 ‘Duobus
1061 2910 1107 2973 his
1119 2908 1211 2975 unius

87 3012 143 3075 dici
161 3014 282 3096 proeliis
294 3011 436 3079 Caesaris
452 3013 633 3083 desiderauit
647 3014 757 3077 milites
767 3010 971 3078 DCCCCLX
986 3022 1019 3075 et
1029 3012 1209 3094 notosequi·

88 3124 134 3178 tes
149 3115 305 3181 llomonns
319 3114 346 3181 F
348 3118 508 3201 leginatetn
522 3113 699 3179 Tuticanum
717 3114 854 3193 Gallum,
879 3115 1028 3179 senatoris
1043 3113 1150 3191 lilium,
1167 3108 1208 3179 G.

86 3212 273 3300 Fleginotcm
290 3217 457 3298 Placentia,
475 3219 514 3283 Α.
532 3215 678 3283 Granium
694 3214 840 3291 Puteolis,
857 3215 903 3283 Μ.
919 3214 1136 3281 Souratinirum
1147 3212 1209 3281 Ca·

87 3339 165 3401 pun,
190 3320 325 3385 tribunos
348 3323 471 3386 militum
496 3332 528 3385 ot
550 3320 741 3384 centuriones
755 3317 907 3385 XXXIl’.
939 3317 997 3383 llic
1012 3329 1096 3383 recto
1110 3319 1210 3383 Aldus

89 3422 225 3485 correxit
242 3418 371 3485 ‘Caesar
392 3425 599 3491 desiderauit:
623 3426 653 3489 in
670 3422 867 3489 deterioribus
883 3423 969 3487 cocu.
989 3421 1038 3485 ills
1053 3421 1210 3505 genitiuus

88 3542 195 3585 unusne
213 3524 279 3602 luit,
296 3535 328 3588 ut
343 3525 449 3591 deinde
466 3527 639 3593 ‘desiderati
655 3527 733 3591 sunt'
750 3537 781 3591 et
796 3547 850 3610 pro
865 3524 1010 3609 proximis
1025 3524 1210 3595 accusationis

88 3624 264 3689 nominetiui
281 3640 481 3709 ponerentur3
494 3631 670 3713 reliquoque
686 3628 715 3693 iu
732 3629 779 3693 his
794 3628 880 3691 ootd.
891 3638 922 3690 et
935 3628 1003 3691 cot.
1018 3636 1088 3691 ente
1099 3625 1210 3691 hlium

86 3726 179 3789 exiis
195 3730 350 3812 expressis
367 3732 558 3796 uehementer
572 3743 713 3814 corrupta
728 3741 809 3795 sunt.
834 3726 895 3795 Soc
908 3730 938 3793 iu
950 3729 1021 3805 illis,
1032 3750 1108 3811 quac
1118 3749 1212 3813 supra

88 3829 248 3908 posuimus,
261 3832 384 3913 primum
400 3847 522 3919 apparet
532 3833 557 3899 F
559 3835 733 3917 leginntem‚
745 3852 832 3915 quem
842 3832 937 3895 Aldus
952 3832 1019 3895 sine
1035 3853 1127 3895 cause
1136 3828 1163 3897 F
1165 3830 1211 3897 el·

86 3930 214 4013 giirnteni
238 3933 386 4015 appellere
414 3938 533 4015 inuoluit,
556 3937 721 4001 cltcroutro
747 3936 814 3999 loco
839 3935 915 3999 mole
939 3935 1097 4016 repetitum
1121 3952 1207 3997 csso.

88 4033 202 4097 lleiude
217 4032 385 4099 Tuticnnns
402 4035 524 4113 Gallus,
545 4040 696 4103 seruatoris
721 4038 816 4112 ilius,
840 4058 900 4099 sinn
925 4046 1041 4119 poterut
1055 4036 1209 4118 equitibus

88 4132 232 4199 Romanis
247 4137 455 4217 adriumcrari,
473 4142 526 4205 sed
541 4163 715 4224 quemquem
733 4141 796 4223 ipse
811 4160 871 4201 non
887 4151 952 4202 crat
966 4149 1110 4214 senatos,
1127 4137 1210 4201 orell·

87 4237 134 4302 nis
151 4248 248 4303 tamen
264 4251 329 4305 orat
344 4246 508 4322 secalonia
524 4244 714 4326 quamohrem
731 4243 835 4311 hurum
852 4262 957 4303 sumtu·
975 4237 1000 4319 Ι.
1010 4239 1053 4305 '23
1068 4240 1100 4305 itt
1114 4239 1208 4309 8ἱυίΙὶ
