2692 4688
79 229 144 299 noe
184 193 189 204 ’
479 270 482 308 2
509 222 566 291 na
588 220 730 289 nanno
753 211 888 288 crvnr

142 398 330 465 uenientibus
354 396 390 460 ab
407 394 519 480 Epir03
543 416 619 481 quae
642 415 716 478 gens
739 394 840 478 paucis
861 404 932 457 ante
955 390 1107 456 mensibus
1132 392 1212 456 ultro
1229 396 1265 457 ad

145 501 307 566 Caesarem
326 499 441 581 legatos
458 498 600 573 miserat,
626 508 659 559 ut
673 497 737 560 suis
753 495 890 559 omnibus
907 494 1096 559 facultatibus
1112 506 1263 576 uteretur,

106 608 127 674 2
143 603 383 691 praesidiumque
406 601 442 663 ab
465 621 501 663 eo
517 600 640 662 militum
657 599 794 683 petierat.
827 594 886 661 Sed
903 617 939 659 eo
956 598 1033 660 lama
1049 598 1106 662 iam
1124 620 1267 682 praecur-

142 716 236 782 rerat,
255 723 341 785 quam
357 723 447 786 supra
463 702 629 779 docuimus,
648 702 684 765 de
700 701 812 784 proelio
827 698 1051 785 Dyrrhachium
1068 702 1148 783 quod
1165 702 1266 766 multis

108 810 129 874 3
144 816 274 872 arrxerat
290 805 434 888 partibus.
466 801 571 886 ltaque
587 802 825 880 Androsthenes,
843 813 966 887 praetor
981 802 1179 882 Thessaliae,
1196 825 1264 868 cum
1285 817 1300 868 t

143 897 178 973 se
193 908 338 971 uictoriae
355 904 476 990 Pompei
494 906 630 969 comitem
646 926 714 969 esse
729 905 832 969 mallet
846 926 932 988 ᾳιιιιιι
949 904 1063 968 socium
1076 901 1220 970 Caesaris
1237 907 1267 969 in

143 1010 233 1075 rebus
249 1008 397 1085 aduersis,
414 1029 530 1070 omnem
547 1029 584 1071 ex
603 1009 683 1092 agris
699 1007 915 1071 multitudinem
932 1029 1088 1072 seruorum
1106 1028 1141 1073 ac
1156 1009 1267 1073 libero·

144 1134 209 1177 rum
234 1112 264 1173 in
288 1111 423 1195 oppidum
441 1111 521 1194 cogit
536 1121 696 1194 portasque
713 1109 877 1193 praecludit
891 1120 922 1173 et
937 1111 973 1174 ad
990 1107 1160 1194 Scipionem
1175 1109 1267 1175 Pom·

144 1214 301 1298 peiuruque
325 1213 444 1275 nuntios
467 1213 575 1290 mittit,
602 1223 635 1275 ut
657 1211 714 1274 sibi
736 1212 869 1276 subsidio
893 1213 1035 1277 ueniant:
1059 1234 1093 1277 se
1116 1214 1267 1277 conlidere

146 1315 360 1378 munitionibus
377 1314 486 1398 oppidi,
498 1314 522 1377 si
536 1315 675 1379 celeriter
689 1325 904 1394 succurratur3
915 1314 1101 1400 longinquam
1114 1336 1268 1399 oppugna·
1290 1324 1320 1378 tt

111 1416 259 1481 htioncm
283 1418 434 1480 sustinere
457 1436 514 1478 non
532 1437 630 1499 posse.
663 1412 764 1500 Scipio
781 1417 917 1481 discessu
933 1417 1117 1481 exercituum
1134 1419 1170 1481 ab
1188 1415 1267 1502 Dyr·

145 1518 267 1581 rhachio
291 1518 411 1599 cognito
434 1515 571 1580 Larisam
595 1517 728 1603 legiones
750 1519 934 1596 adduxerat;
951 1516 1112 1603 Pompeius
1135 1521 1267 1584 nondum

145 1617 323 1682 Thessaliae
341 1618 605 1702 adpropinquabat.
639 1616 756 1684 Caesar
771 1622 879 1684 castris
894 1620 1014 1682 munitis
1030 1621 1129 1683 scalas
1144 1641 1267 1686 moscu-

148 1721 251 1802 losque
274 1720 312 1783 ad
333 1721 518 1804 repentinam
542 1724 791 1807 oppugnationem
808 1722 870 1787 lieri
886 1732 917 1784 et
932 1731 1030 1784 crates
1044 1720 1144 1804 parari
1159 1720 1260 1785 iussit.

112 1820 133 1885 b
149 1817 264 1902 Quibus
281 1822 370 1885 rebus
387 1823 501 1886 effectis
517 1825 689 1887 cohortatus
705 1825 814 1889 milites
831 1824 941 1901 docuit,
955 1832 1093 1906 quantum
1110 1844 1195 1887 usum
1212 1823 1267 1888 ha·
1291 1836 1322 1889 ts

149 1924 235 1986 beret
256 1926 292 1987 ad
314 1925 526 1992 subleuandam
549 1926 678 1991 omnium
693 1948 791 1991 rerum
807 1927 936 2011 inopiam
953 1925 1041 2010 potiri
1057 1925 1162 2010 oppido
1178 1927 1267 2010 pleno

148 2036 236 2107 atque
252 2026 411 2110 opulento,
437 2028 525 2090 simul
541 2028 664 2111 reliquis
680 2029 853 2093 ciuitatibus
869 2027 954 2091 huius
970 2027 1052 2091 urbis
1068 2029 1205 2111 exemplo
1221 2029 1267 2093 in·

150 2129 230 2192 lerre
254 2140 398 2192 terrorem
423 2140 454 2193 et
475 2131 503 2193 id
528 2131 592 2194 heri
608 2132 765 2210 celeriter,
791 2131 961 2216 priusquam
977 2130 1090 2194 auxilia
1106 2150 1268 2194 concurre·

114 2227 231 2294 (irent.
263 2227 368 2314 ltaque
391 2253 462 2295 usus
485 2232 629 2319 singulari
645 2233 767 2297 militurn
790 2234 890 2296 studio
907 2232 1030 2310 endem,
1055 2253 1113 2320 quo
1129 2242 1266 2308 cenent,

150 2333 197 2396 die
219 2344 286 2416 post
301 2333 402 2397 horam
418 2356 526 2398 nonam
543 2336 678 2420 oppidum
694 2335 847 2399 ultissimis
864 2334 1018 2399 moenibus
1034 2355 1204 2422 oppugnare
1219 2335 1271 2399 atl-
1290 2344 1322 2403 11

149 2455 272 2516 gressus
287 2446 357 2498 ante
373 2436 445 2499 solis
462 2458 599 2501 occasum
617 2438 803 2524 expugnauit
818 2448 848 2499 et
863 2437 899 2499 ad
916 2437 1110 2521 diripiendum
1125 2437 1269 2502 militibus

151 2536 301 2598 concessit
321 2539 479 2621 statimque
501 2539 537 2602 ab
560 2541 666 2623 oppido
687 2551 786 2604 eastra
808 2539 903 2602 mouit
918 2550 948 2603 et
964 2537 1154 2622 Metropolim
1172 2539 1269 2617 uenit,

93 2635 136 2706 81
152 2635 196 2701 sic
219 2647 249 2699 ut
265 2641 386 2703 nuntios
402 2643 566 2725 expugnati
582 2642 679 2726 oppidi
696 2643 862 2726 famamque
878 2642 1079 2706 antecederet.
1111 2638 1271 2724 Metropo-

151 2740 222 2805 litae
244 2741 368 2825 primum
390 2744 493 2807 codem
517 2745 562 2807 usi
584 2744 710 2807 consilio
732 2745 825 2809 isdem
841 2744 965 2829 permoti
980 2739 1149 2805 rumoribus
1166 2753 1272 2824 portas

151 2845 324 2908 clauserunt
338 2865 497 2932 murosque
513 2846 636 2909 armatis
652 2846 894 2929 compleuerunt;
918 2844 969 2908 sed
985 2855 1089 2928 postea
1104 2864 1178 2907 casu
1194 2845 1271 2909 ciui·
1292 2855 1325 2913 2⁵

152 2948 222 3010 tatis
235 2946 435 3032 Gomphensis
451 2948 571 3032 cognito
587 2969 624 3012 ex
643 2948 780 3032 captiuis,
797 2966 873 3030 quos
886 2943 1001 3010 Caesar
1015 2946 1051 3009 ad
1068 2967 1183 3010 murum
1200 2969 1271 3032 pro·

114 3045 137 3110 2
152 3048 300 3113 ducendos
318 3061 488 3128 curauerat,
500 3060 600 3135 portas
612 3061 804 3134 aperueruut.
829 3046 945 3131 Quibus
957 3049 1184 3134 diligentissime
1197 3072 1270 3114 con·

151 3148 277 3212 seruatis
293 3152 400 3215 collata
416 3153 534 3216 lortuna
543 3150 769 3236 Metropolitum
783 3174 849 3216 cum
862 3173 933 3217 casu
942 3150 1175 3236 Gomphensium
1188 3153 1271 3218 nulla

149 3244 326 3314 Thessaliae
344 3254 399 3316 init
413 3255 519 3319 cimtas
535 3251 839 3339 praeterLarisaeos‚
851 3257 899 3338 qui
914 3257 937 3338 †
952 3255 1069 3338 magnis
1085 3253 1271 3319 exercitibus

151 3345 304 3438 Scipionis
322 3355 518 3437 tenebantur,
542 3357 612 3442 quin
628 3353 753 3421 Caesari
770 3367 911 3441 parerent
925 3368 1014 3439 atque
1029 3357 1174 3440 imperata
1188 3357 1273 3421 lace·
1294 3367 1329 3421 11

260 3508 272 3559 1
288 3507 374 3577 Eppro
388 3527 414 3561 a.
554 3515 569 3567 3
583 3512 706 3581 petierat]
721 3519 859 3579 occeperat
873 3514 897 3563 b.
1037 3515 1052 3565 1
1065 3512 1228 3581 Dyrrachino
1240 3527 1269 3562 a.

259 3586 474 3640 bauxerantbc.
581 3591 798 3642 hadrosteneso.
905 3591 998 3641 dumb.
1103 3589 1269 3657 bPompeia.

261 3664 292 3717 11)
306 3666 520 3736 longinquamque
533 3686 560 3720 ιι.
678 3669 892 3736 expugnationem
907 3671 933 3720 b.
1057 3669 1085 3720 1Ι
1101 3670 1233 3720 exercitus
1245 3685 1270 3720 e.

259 3746 291 3796 ab
306 3744 466 3813 Dyrrhachio
480 3763 549 3797 cursa
562 3747 634 3809 ἄεις
655 3747 686 3796 ad
702 3745 838 3796 llirrcebio
851 3762 883 3809 a,
899 3747 931 3797 ad
946 3744 1116 3814 Dyrrachium
1132 3748 1161 3809 b;
1176 3763 1191 3797 a
1204 3745 1272 3814 Dyr·

151 3819 258 3869 rhaebio
271 3822 380 3887 reliqui.
487 3823 518 3874 11
531 3822 649 3874 Larisam
663 3839 688 3886 o,
704 3821 837 3873 Lar-lesam
851 3839 879 3872 a.
1003 3823 1034 3874 13
1048 3822 1273 3890 adpropinquabat

150 3911 178 3945 a·
299 3899 465 3950 20muriab·
588 3902 767 3965 adgressura.
885 3900 1075 3952 23uuntiusb.
1191 3914 1273 3966 expu-

152 3975 242 4034 guanti
255 3981 320 4024 ante
332 3993 403 4028 corr.
418 3994 443 4041 o,
459 3981 624 4046 expugnandi
638 3982 661 4031 b.
785 3980 903 4047 oppidum
919 3980 943 4028 b.
1073 3979 1229 4030 antecedere
1242 3994 1271 4029 a.

261 4049 591 4115 2lprimountscorr.o.
696 4057 777 4106 isdem
791 4073 817 4120 a,
833 4057 923 4107 iisdem
936 4071 963 4105 u.
1081 4054 1275 4121 leompben-

151 4128 188 4178 sis
206 4128 382 4192 Ciceronem
397 4133 600 4197 ‘comprehensis
614 4134 896 4200 arelcomprensiamss.
907 4132 984 4197 mot',
999 4132 1188 4199 compresaiao,
1204 4147 1274 4182 com·

151 4218 259 4270 pressae
272 4206 295 4255 b.
400 4206 434 4258 28
448 4204 623 4258 Gomlrnsinm
637 4226 663 4271 o,
679 4213 727 4273 qua·
738 4224 796 4258 cum
812 4210 848 4259 bc
861 4208 924 4259 add.
939 4210 1021 4259 uenit.
1134 4209 1167 4259 21
1181 4204 1273 4258 Larissi

152 4297 197 4332 eoa
209 4299 243 4346 c,-
258 4282 391 4337 Larissam
405 4301 501 4353 eoaque
515 4287 538 4351 b,
555 4286 705 4338 Larissaeus
719 4303 745 4338 a.
839 4288 970 4353 ’smagaia
982 4286 1156 4354 exercitibus]
1170 4287 1200 4338 P.
1211 4288 1272 4339 181.
