2692 4688
504 202 826 267 —lid—

106 388 191 441 tuosa
207 383 237 437 et
253 372 290 435 ad
307 392 415 455 specus
429 374 588 456 angustiae
604 373 749 449 uallium',
765 394 863 456 neque
873 375 966 437 forma
976 373 1123 440 orationis
1135 397 1232 460 nequo

105 474 258 543 munuc
281 475 357 541 salis
378 474 543 543 intellecta.
576 474 682 543 Valles
703 477 780 541 adeo
802 487 947 559 angustae
970 476 1062 541 luisse
1077 478 1228 555 dicuntur,

103 591 135 653 ut
147 577 298 663 specubus
312 576 427 643 similes
442 589 555 655 essent,
573 578 904 663 superimpendentibus
918 581 1077 663 rupibuset
1087 580 1230 647 lerecon·

100 683 223 749 iuuctis.
264 678 467 763 Praepostero
493 700 599 764 specus
628 683 864 765 interpretantur
883 682 1004 745 canales
1025 693 1057 746 et
1078 682 1124 745 bic
1145 695 1176 747 ct
1196 684 1226 749 b.

100 784 193 853 Alex.
210 781 245 861 6,
265 781 281 847 1
300 781 380 860 ctb,
398 783 429 861 1,
447 783 496 855 ubi
517 784 594 866 quod
618 784 822 865 aquaeductus
845 783 1035 849 subterranei
1054 804 1162 867 specus
1177 806 1229 869 np-

100 887 261 973 pellantur,
278 907 340 951 non
356 886 468 953 discedi
483 907 500 947 a
517 885 637 968 proprio
652 887 821 969 significatu
843 896 975 969 apparet.
1009 885 1080 949 ‘Ad'
1104 907 1228 971 praepo·

99 992 167 1055 sitio
188 991 222 1055 iu
245 990 448 1073 comparando
469 988 574 1051 eodem
591 989 677 1051 modo
692 998 781 1069 atquc
797 990 873 1070 apud
890 985 1052 1051 Caesarem
1069 989 1165 1071 posita
1182 1001 1229 1055 est

99 1114 116 1159 a
138 1088 208 1161 cie.
234 1112 291 1175 pro
309 1089 430 1157 Vareno
453 1090 576 1174 (fragm.
596 1113 624 1173 p.
642 1088 705 1153 443
720 1087 835 1167 oren.)
855 1088 907 1155 ⁶11.
924 1091 974 1153 ille
998 1088 1164 1174 Septimius
1184 1093 1227 1157 di·

100 1208 179 1269 seret
194 1194 322 1273 (etenim
339 1204 388 1259 est
401 1193 439 1259 ad
458 1190 497 1257 L.
515 1189 620 1255 Crassi
638 1192 837 1275 eloquentiam
852 1194 957 1277 grauis
975 1204 1006 1256 et
1022 1194 1182 1265 uebemens
1197 1205 1227 1259 et

101 1298 251 1373 solubilis,
269 1294 402 1359 Erucius
425 1295 473 1359 bic
496 1307 602 1361 noster
615 1298 817 1360 Antoniaster
838 1294 959 1375 est)...'
990 1294 1037 1359 ltu
1053 1298 1131 1362 eninr
1152 1298 1226 1361 bnec

99 1399 309 1487 distinguenda
323 1408 405 1461 sunt.
436 1396 555 1463 Deinde
569 1398 607 1460 ab
622 1397 695 1465 Liu.
711 1394 820 1475 XXll,
843 1398 887 1461 22
909 1399 1032 1461 ‘bomini
1048 1421 1107 1465 nou
1123 1403 1159 1463 ad
1176 1422 1225 1465 ce·

99 1515 156 1569 tera
170 1500 294 1567 Punica
309 1500 430 1583 ingenia
446 1501 576 1579 callido'3
593 1503 634 1563 ll.
651 1501 760 1565 Aurel.
778 1502 813 1565 ad
829 1499 936 1565 Fronl.
953 1497 995 1574 ll,
1013 1498 1034 1563 tl
1049 1510 1093 1585 (p.
1112 1502 1151 1567 54
1172 1505 1221 1569 ed.

99 1604 202 1687 Rom.)
229 1605 302 1667 ‘iam
319 1602 511 1667 conticinium
528 1617 617 1687 atque
638 1604 814 1668 matutinum
834 1615 924 1687 alque
947 1604 1108 1673 diluculum
1128 1626 1222 1689 usquo

97 1708 131 1775 td
143 1707 222 1775 solis
238 1717 337 1775 ortum
353 1706 494 1789 gelidum,
512 1708 548 1769 ad
563 1708 704 1791 Algidum
720 1707 872 1771 maxime'.

178 1809 289 1875 Eiusd.
308 1834 337 1875 c.
354 1812 383 1892 ἓ.
399 1808 421 1872 6
436 1809 509 1873 baec
525 1809 674 1873 edunturc
700 1809 756 1873 ‘At
770 1806 913 1875 Caesaris
936 1811 1092 1872 exereitus
1111 1809 1222 1891 optime

97 1913 270 1979 ualetudine
284 1933 457 1995 summaque
471 1932 567 1993 aquae
582 1912 667 1994 copie
683 1912 833 1986 utebatur,
859 1922 919 1975 turn
942 1920 1124 1975 commestus
1140 1913 1222 1979 omni

94 2037 214 2101 genere
228 2026 345 2097 practer
359 2016 537 2085 frumentum
554 2013 733 2078 abundabat:
751 2013 858 2094 quibus
873 2013 983 2077 cotidie
997 2014 1103 2077 melius
1118 2035 1222 2079 succe·

95 2121 171 2185 dere
196 2127 313 2202 tempus
332 2119 533 2201 maioremque
555 2139 637 2200 spem
661 2117 835 2180 maturitate
859 2116 1072 2181 lrumentorum
1097 2116 1222 2199 proponi

97 2219 265 2285 uidebaut’.
294 2216 463 2291 fldatiuum
489 2220 618 2303 ‘quibus'
639 2217 766 2283 lloldius
789 2228 898 2281 neutro
919 2236 1032 2299 genere
1054 2218 1162 2283 dietum
1185 2222 1222 2285 ud

97 2346 144 2389 res
159 2323 311 2393 secundat
324 2333 415 2389 autea
429 2333 678 2389 commemoratas
692 2320 800 2387 relorri
811 2320 1038 2401 interpretatur.
1062 2317 1224 2385 Sedaesti-

98 2446 164 2491 uum
179 2436 298 2510 tempus
312 2426 365 2505 (id
379 2427 459 2493 enim
475 2426 590 2491 instare
605 2423 753 2489 interiore
767 2422 993 2505 demonstrant)
1016 2443 1113 2509 neque
1127 2422 1223 2487 maio-

100 2548 159 2595 rem
182 2527 392 2593 salubritatem
413 2528 558 2593 afferebat
580 2548 678 2611 neque
699 2544 793 2608 aquae
812 2525 937 2608 copiam.
968 2523 1078 2609 Neque
1100 2527 1222 2593 omniun

100 2630 169 2697 mec
192 2631 350 2695 commoda
378 2632 483 2714 augeri
507 2614 685 2696 Caesariani
706 2629 883 2713 cupiebant,
910 2627 1017 2711 quibus
1038 2630 1222 2712 plenissimis

100 2734 284 2811 fruebantur,
307 2733 361 2797 sed
383 2732 524 2798 lrumeuti
548 2733 676 2816 inopiam
699 2732 808 2797 leuari.
843 2727 1035 2795 ‘Succederc'
1060 2752 1132 2793 uero
1154 2732 1220 2796 siue

101 2838 239 2922 consequi
260 2837 328 2901 siue
343 2836 472 2899 feliciter
486 2836 610 2901 euenire
624 2835 866 2919 interpretamur,
892 2834 963 2899 lcrri
980 2833 1093 2916 nequit.
1129 2831 1222 2897 Prius

101 2944 175 3005 mi·
197 2943 286 3026 plano
310 2939 443 3022 ineptum
466 2951 529 3015 cst,
551 2941 645 3003 altera
667 2939 783 3003 ratione
805 2958 901 3019 neque
924 2946 1040 3019 tempus
1060 2936 1222 3004 succedere

100 3054 205 3125 potest,
230 3042 285 3107 sed
299 3062 350 3105 res
365 3052 499 3116 munim,
522 3063 609 3123 quam
626 3041 754 3104 humano
770 3040 874 3103 labore
890 3040 1010 3103 efficere
1024 3038 1106 3113 lieet,
1123 3058 1221 3122 neque

102 3146 148 3209 ulli
161 3146 318 3230 quicquum
334 3144 394 3211 nisi
410 3144 521 3209 bomini
535 3145 649 3227 agenti.
675 3142 711 3209 Ei
727 3144 821 3226 ipsum
838 3142 986 3205 actionem
1001 3136 1221 3205 substituitLi·

101 3248 173 3327 uiue,
189 3269 257 3311 cum
273 3247 405 3332 incepto,
428 3246 505 3330 spei,
529 3247 640 3323 lraudi,
665 3246 789 3311 facinori
805 3243 915 3325 aliquid
930 3243 1092 3307 succedero
1106 3242 1222 3309 diceret

101 3347 219 3429 lxlv,
238 3346 290 3417 19.
306 3344 465 3423 llxllltl,
481 3346 514 3411 5.
533 3344 730 3427 muln,
747 3343 939 3425 25..deV,
959 3344 1016 3409 lla
1034 3345 1218 3428 antiquiores

101 3454 180 3521 mab
202 3454 261 3519 boo
281 3472 396 3537 genera
415 3452 637 3525 abstinuerunt.
672 3448 732 3517 Sed
756 3470 795 3514 ne
816 3451 960 3533 scriptum
981 3459 1029 3519 est
1049 3448 1166 3531 quidem
1189 3446 1221 3535 ip

100 3558 178 3623 codd.
198 3555 399 3631 ‘suceedere',
415 3553 469 3623 scd
490 3552 670 3623 ‘subterere’
685 3565 738 3619 aut
755 3552 959 3623 ‘subterrere'.
992 3549 1066 3615 lude
1081 3550 1222 3633 quemad·

100 3660 211 3727 mudum
228 3657 303 3725 baec
319 3656 502 3723 emendanda
518 3657 593 3735 sint,
610 3658 723 3721 nescio.
753 3654 834 3727 Nam
850 3652 1081 3737 Oudendorpius
1097 3664 1128 3717 et
1141 3652 1221 3719 Vos·

99 3762 169 3837 sim,
184 3782 313 3845 quorum
328 3759 406 3829 atter
423 3760 638 3834 ‘succurrere',
662 3761 738 3823 alter
762 3758 944 3829 ‘subuenire'
965 3758 1109 3840 scriptun
1129 3756 1220 3822 luisse

99 3866 241 3944 coniecit,
266 3862 394 3940 uitium,
415 3863 546 3945 quodie
568 3862 744 3945 pronomine
759 3862 859 3933 inesse
879 3859 1137 3945 reprebendimus,
1160 3880 1219 3929 nou

98 3968 292 4033 sustulerunt.

176 4066 217 4135 C.
234 4067 292 4147 5⁰,
312 4065 328 4129 l
346 4066 420 4135 baec
435 4066 471 4131 ds
486 4068 678 4152 Pompeianis
693 4070 883 4133 reseruntur:
911 4064 977 4131 ‘llli
1000 4088 1067 4130 cum
1088 4066 1221 4131 animad-

99 4176 259 4239 uertissent
281 4192 322 4239 cx
344 4173 464 4256 ignibus
485 4183 574 4237 uncte
590 4173 729 4237 cobortes
746 4182 864 4242 nostras
880 4172 916 4234 ad
932 4170 1111 4233 munitiones
1127 4188 1221 4231 excu-

98 4275 184 4356 bare,
208 4277 333 4343 silentio
354 4275 490 4360 namsi
506 4274 667 4339 uniuersas
687 4275 766 4339 intra
781 4272 1001 4339 multitudinem
1018 4271 1077 4334 telu
1092 4268 1222 4331 conicie-
