<?xml version="1.0" encoding="UTF-8"?>
<!DOCTYPE html PUBLIC "-//W3C//DTD XHTML 1.0 Transitional//EN"
    "http://www.w3.org/TR/xhtml1/DTD/xhtml1-transitional.dtd">
<html xmlns="http://www.w3.org/1999/xhtml" xml:lang="en" lang="en">
 <head>
  <title>
</title>
<meta http-equiv="Content-Type" content="text/html;charset=utf-8" />
  <meta name='ocr-system' content='tesseract 3.04.00' />
  <meta name='ocr-capabilities' content='ocr_page ocr_carea ocr_par ocr_line ocrx_word'/>
</head>
<body>
  <div class='ocr_page' id='page_1' title='image "./civliicaesarisc02hirtgoog_0384.png"; bbox 0 0 2692 4688; ppageno 0'>
   <div class='ocr_carea' id='block_1_1' title="bbox 480 195 1329 273">
    <p class='ocr_par' dir='ltr' id='par_1_1' title="bbox 480 195 1329 273">
     <span class='ocr_line' id='line_1_1' title="bbox 480 195 1329 273; baseline 0.011 -7"><span class='ocrx_word' id='word_1_1' title='bbox 480 195 619 267; x_wconf 74' lang='lat' dir='ltr'><strong>contu.</strong></span> <span class='ocrx_word' id='word_1_2' title='bbox 636 196 778 269; x_wconf 78' lang='lat' dir='ltr'><strong>VCAP.</strong></span> <span class='ocrx_word' id='word_1_3' title='bbox 794 196 947 272; x_wconf 43' lang='lat' dir='ltr'><strong>abac.</strong></span> <span class='ocrx_word' id='word_1_4' title='bbox 1200 263 1206 273; x_wconf 87' lang='lat'><strong>.</strong></span> <span class='ocrx_word' id='word_1_5' title='bbox 1265 196 1329 265; x_wconf 71' lang='lat'><strong>³7⁷</strong></span> 
     </span>
    </p>
   </div>
   <div class='ocr_carea' id='block_1_2' title="bbox 97 370 1334 3223">
    <p class='ocr_par' dir='ltr' id='par_1_2' title="bbox 152 370 1325 768">
     <span class='ocr_line' id='line_1_2' title="bbox 152 370 1325 454; baseline 0.001 -19"><span class='ocrx_word' id='word_1_6' title='bbox 152 382 342 454; x_wconf 86' lang='lat' dir='ltr'><strong>trorumpere</strong></span> <span class='ocrx_word' id='word_1_7' title='bbox 358 370 547 450; x_wconf 86' lang='lat' dir='ltr'><strong>uidebuntur,</strong></span> <span class='ocrx_word' id='word_1_8' title='bbox 565 371 616 436; x_wconf 80' lang='lat' dir='ltr'><strong>elii</strong></span> <span class='ocrx_word' id='word_1_9' title='bbox 631 373 740 438; x_wconf 77' lang='lat' dir='ltr'><strong>uallum</strong></span> <span class='ocrx_word' id='word_1_10' title='bbox 752 377 999 454; x_wconf 86' lang='lat' dir='ltr'><strong>manuscindere,</strong></span> <span class='ocrx_word' id='word_1_11' title='bbox 1017 374 1068 438; x_wconf 80' lang='lat' dir='ltr'><strong>ulii</strong></span> <span class='ocrx_word' id='word_1_12' title='bbox 1084 373 1270 438; x_wconf 79' lang='lat' dir='ltr'><strong>fossasootn·</strong></span> <span class='ocrx_word' id='word_1_13' title='bbox 1320 392 1325 405; x_wconf 91' lang='grc'><em>·</em></span> 
     </span>
     <span class='ocr_line' id='line_1_3' title="bbox 152 471 1307 563; baseline -0.001 -26"><span class='ocrx_word' id='word_1_14' title='bbox 152 474 235 559; x_wconf 90' lang='lat' dir='ltr'><strong>plere</strong></span> <span class='ocrx_word' id='word_1_15' title='bbox 249 473 430 558; x_wconf 75' lang='lat' dir='ltr'>inciperent.</span> <span class='ocrx_word' id='word_1_16' title='bbox 453 474 532 539; x_wconf 82' lang='lat' dir='ltr'><strong>Tum</strong></span> <span class='ocrx_word' id='word_1_17' title='bbox 541 472 800 543; x_wconf 87' lang='lat' dir='ltr'><strong>Caesaromnibus</strong></span> <span class='ocrx_word' id='word_1_18' title='bbox 815 481 910 563; x_wconf 88' lang='lat' dir='ltr'><strong>portis</strong></span> <span class='ocrx_word' id='word_1_19' title='bbox 925 479 1080 563; x_wconf 88' lang='lat' dir='ltr'><strong>eruptione</strong></span> <span class='ocrx_word' id='word_1_20' title='bbox 1096 475 1272 563; x_wconf 63' lang='grc' dir='ltr'><strong>111111ῃί-</strong></span> <span class='ocrx_word' id='word_1_21' title='bbox 1286 471 1307 536; x_wconf 78' lang='lat' dir='ltr'><strong>b</strong></span> 
     </span>
     <span class='ocr_line' id='line_1_4' title="bbox 153 577 1272 667; baseline 0.001 -27"><span class='ocrx_word' id='word_1_22' title='bbox 153 587 273 661; x_wconf 89' lang='lat' dir='ltr'><strong>tatuque</strong></span> <span class='ocrx_word' id='word_1_23' title='bbox 289 577 400 641; x_wconf 89' lang='lat' dir='ltr'><strong>emisso</strong></span> <span class='ocrx_word' id='word_1_24' title='bbox 416 578 555 643; x_wconf 76' lang='lat' dir='ltr'><strong>celeriter</strong></span> <span class='ocrx_word' id='word_1_25' title='bbox 570 579 672 643; x_wconf 87' lang='lat' dir='ltr'><strong>hostes</strong></span> <span class='ocrx_word' id='word_1_26' title='bbox 687 580 718 644; x_wconf 93' lang='lat' dir='ltr'><strong>in</strong></span> <span class='ocrx_word' id='word_1_27' title='bbox 735 583 832 667; x_wconf 79' lang='lat' dir='ltr'><strong>iugum</strong></span> <span class='ocrx_word' id='word_1_28' title='bbox 849 583 919 661; x_wconf 87' lang='lat' dir='ltr'><strong>dut,</strong></span> <span class='ocrx_word' id='word_1_29' title='bbox 943 582 988 646; x_wconf 87' lang='lat' dir='ltr'><strong>sic</strong></span> <span class='ocrx_word' id='word_1_30' title='bbox 1010 582 1053 645; x_wconf 93' lang='lat' dir='ltr'><strong>uti</strong></span> <span class='ocrx_word' id='word_1_31' title='bbox 1075 579 1196 644; x_wconf 89' lang='lat' dir='ltr'><strong>omnino</strong></span> <span class='ocrx_word' id='word_1_32' title='bbox 1218 598 1272 663; x_wconf 90' lang='lat' dir='ltr'><strong>pn·</strong></span> 
     </span>
     <span class='ocr_line' id='line_1_5' title="bbox 153 679 1274 768; baseline 0.003 -27"><span class='ocrx_word' id='word_1_33' title='bbox 153 680 264 763; x_wconf 86' lang='lat' dir='ltr'><strong>gnandi</strong></span> <span class='ocrx_word' id='word_1_34' title='bbox 280 699 372 742; x_wconf 86' lang='lat' dir='ltr'><strong>causa</strong></span> <span class='ocrx_word' id='word_1_35' title='bbox 386 680 544 744; x_wconf 74' lang='lat' dir='ltr'><strong>resisteret</strong></span> <span class='ocrx_word' id='word_1_36' title='bbox 558 701 663 760; x_wconf 87' lang='lat' dir='ltr'><strong>nemo,</strong></span> <span class='ocrx_word' id='word_1_37' title='bbox 687 704 886 768; x_wconf 89' lang='lat' dir='ltr'><strong>magnumque</strong></span> <span class='ocrx_word' id='word_1_38' title='bbox 908 705 949 749; x_wconf 82' lang='lat' dir='ltr'><strong>cx</strong></span> <span class='ocrx_word' id='word_1_39' title='bbox 964 686 1008 749; x_wconf 89' lang='lat' dir='ltr'><strong>eis</strong></span> <span class='ocrx_word' id='word_1_40' title='bbox 1024 702 1179 748; x_wconf 89' lang='lat' dir='ltr'><strong>numerum</strong></span> <span class='ocrx_word' id='word_1_41' title='bbox 1195 679 1274 745; x_wconf 87' lang='lat' dir='ltr'><strong>occi·</strong></span> 
     </span>
    </p>

    <p class='ocr_par' dir='ltr' id='par_1_3' title="bbox 118 781 1332 1280">
     <span class='ocr_line' id='line_1_6' title="bbox 118 781 1332 870; baseline 0.007 -25"><span class='ocrx_word' id='word_1_42' title='bbox 118 795 134 845; x_wconf 81' lang='lat' dir='ltr'><strong>t</strong></span> <span class='ocrx_word' id='word_1_43' title='bbox 156 783 196 846; x_wconf 89' lang='lat' dir='ltr'><strong>dit</strong></span> <span class='ocrx_word' id='word_1_44' title='bbox 211 792 302 864; x_wconf 59' lang='lat' dir='ltr'><strong>aque</strong></span> <span class='ocrx_word' id='word_1_45' title='bbox 317 801 422 845; x_wconf 89' lang='lat' dir='ltr'><strong>omnes</strong></span> <span class='ocrx_word' id='word_1_46' title='bbox 436 783 529 846; x_wconf 85' lang='lat' dir='ltr'><strong>armis</strong></span> <span class='ocrx_word' id='word_1_47' title='bbox 543 784 640 847; x_wconf 80' lang='lat' dir='ltr'><strong>exuit.</strong></span> <span class='ocrx_word' id='word_1_48' title='bbox 676 782 814 868; x_wconf 80' lang='lat' dir='ltr'>Longius</span> <span class='ocrx_word' id='word_1_49' title='bbox 830 786 968 870; x_wconf 82' lang='lat' dir='ltr'><strong>prosequi</strong></span> <span class='ocrx_word' id='word_1_50' title='bbox 985 786 1112 862; x_wconf 82' lang='lat' dir='ltr'><strong>ueritus,</strong></span> <span class='ocrx_word' id='word_1_51' title='bbox 1130 782 1207 867; x_wconf 94' lang='lat' dir='ltr'><strong>quod</strong></span> <span class='ocrx_word' id='word_1_52' title='bbox 1220 781 1273 847; x_wconf 83' lang='lat' dir='ltr'><strong>sil·</strong></span> <span class='ocrx_word' id='word_1_53' title='bbox 1287 781 1332 853; x_wconf 77' lang='grc'><strong>52</strong></span> 
     </span>
     <span class='ocr_line' id='line_1_7' title="bbox 153 883 1275 973; baseline 0.001 -25"><span class='ocrx_word' id='word_1_54' title='bbox 153 904 210 948; x_wconf 83' lang='lat' dir='ltr'><strong>ure</strong></span> <span class='ocrx_word' id='word_1_55' title='bbox 225 883 407 968; x_wconf 80' lang='lat' dir='ltr'><strong>paludesque</strong></span> <span class='ocrx_word' id='word_1_56' title='bbox 421 884 648 950; x_wconf 76' lang='lat' dir='ltr'><strong>intercedebant</strong></span> <span class='ocrx_word' id='word_1_57' title='bbox 662 908 759 970; x_wconf 92' lang='lat' dir='ltr'><strong>neque</strong></span> <span class='ocrx_word' id='word_1_58' title='bbox 774 887 862 952; x_wconf 91' lang='lat' dir='ltr'><strong>etiam</strong></span> <span class='ocrx_word' id='word_1_59' title='bbox 879 889 1001 973; x_wconf 92' lang='lat' dir='ltr'><strong>paruulo</strong></span> <span class='ocrx_word' id='word_1_60' title='bbox 1014 887 1193 951; x_wconf 89' lang='lat' dir='ltr'><strong>detrimento</strong></span> <span class='ocrx_word' id='word_1_61' title='bbox 1208 884 1275 950; x_wconf 90' lang='lat' dir='ltr'><strong>illo·</strong></span> 
     </span>
     <span class='ocr_line' id='line_1_8' title="bbox 154 985 1274 1074; baseline 0 -24"><span class='ocrx_word' id='word_1_62' title='bbox 154 1007 221 1050; x_wconf 91' lang='lat' dir='ltr'><strong>rum</strong></span> <span class='ocrx_word' id='word_1_63' title='bbox 236 986 334 1050; x_wconf 90' lang='lat' dir='ltr'><strong>locum</strong></span> <span class='ocrx_word' id='word_1_64' title='bbox 349 985 477 1068; x_wconf 85' lang='lat' dir='ltr'><strong>relinqui</strong></span> <span class='ocrx_word' id='word_1_65' title='bbox 493 986 630 1065; x_wconf 88' lang='lat' dir='ltr'><strong>uidebat,</strong></span> <span class='ocrx_word' id='word_1_66' title='bbox 654 989 790 1053; x_wconf 90' lang='lat' dir='ltr'><strong>omnibus</strong></span> <span class='ocrx_word' id='word_1_67' title='bbox 814 993 876 1053; x_wconf 87' lang='lat' dir='ltr'><strong>suis</strong></span> <span class='ocrx_word' id='word_1_68' title='bbox 899 989 1096 1054; x_wconf 85' lang='lat' dir='ltr'><strong>incolumibus</strong></span> <span class='ocrx_word' id='word_1_69' title='bbox 1112 988 1207 1074; x_wconf 90' lang='lat' dir='ltr'><strong>copiis</strong></span> <span class='ocrx_word' id='word_1_70' title='bbox 1222 1008 1274 1051; x_wconf 89' lang='lat' dir='ltr'><strong>ec·</strong></span> 
     </span>
     <span class='ocr_line' id='line_1_9' title="bbox 154 1084 1311 1173; baseline 0.002 -20"><span class='ocrx_word' id='word_1_71' title='bbox 154 1089 220 1154; x_wconf 87' lang='lat' dir='ltr'><strong>dem</strong></span> <span class='ocrx_word' id='word_1_72' title='bbox 235 1088 337 1153; x_wconf 77' lang='lat' dir='ltr'><strong>tte&#39;at</strong></span> <span class='ocrx_word' id='word_1_73' title='bbox 352 1084 531 1153; x_wconf 82' lang='lat' dir='ltr'><strong>Ciceronem</strong></span> <span class='ocrx_word' id='word_1_74' title='bbox 548 1091 694 1173; x_wconf 91' lang='lat' dir='ltr'><strong>peruenit.</strong></span> <span class='ocrx_word' id='word_1_75' title='bbox 727 1088 884 1158; x_wconf 85' lang='lat' dir='ltr'><strong>institutas</strong></span> <span class='ocrx_word' id='word_1_76' title='bbox 901 1104 1011 1170; x_wconf 88' lang='lat' dir='ltr'><strong>turres,</strong></span> <span class='ocrx_word' id='word_1_77' title='bbox 1029 1092 1195 1156; x_wconf 89' lang='lat' dir='ltr'><strong>testudines</strong></span> <span class='ocrx_word' id='word_1_78' title='bbox 1210 1088 1311 1155; x_wconf 80' lang='lat' dir='ltr'><strong>run-2</strong></span> 
     </span>
     <span class='ocr_line' id='line_1_10' title="bbox 154 1191 1275 1280; baseline 0.003 -27"><span class='ocrx_word' id='word_1_79' title='bbox 154 1191 344 1274; x_wconf 86' lang='lat' dir='ltr'><strong>nitiouesque</strong></span> <span class='ocrx_word' id='word_1_80' title='bbox 359 1192 676 1272; x_wconf 73' lang='lat' dir='ltr'><strong>bostiumadmiraturp</strong></span> <span class='ocrx_word' id='word_1_81' title='bbox 694 1195 811 1279; x_wconf 80' lang='lat' dir='ltr'><strong>legione</strong></span> <span class='ocrx_word' id='word_1_82' title='bbox 827 1197 969 1280; x_wconf 84' lang='lat' dir='ltr'><strong>producta</strong></span> <span class='ocrx_word' id='word_1_83' title='bbox 978 1191 1134 1278; x_wconf 84' lang='lat' dir='ltr'><strong>cognoscit</strong></span> <span class='ocrx_word' id='word_1_84' title='bbox 1148 1214 1209 1257; x_wconf 94' lang='lat' dir='ltr'><strong>non</strong></span> <span class='ocrx_word' id='word_1_85' title='bbox 1224 1193 1275 1256; x_wconf 85' lang='lat' dir='ltr'><strong>de·</strong></span> 
     </span>
    </p>

    <p class='ocr_par' dir='ltr' id='par_1_4' title="bbox 98 1292 1310 1790">
     <span class='ocr_line' id='line_1_11' title="bbox 98 1292 1309 1379; baseline 0.002 -22"><span class='ocrx_word' id='word_1_86' title='bbox 98 1305 132 1357; x_wconf 86' lang='lat' dir='ltr'><strong>tc</strong></span> <span class='ocrx_word' id='word_1_87' title='bbox 155 1293 260 1357; x_wconf 83' lang='lat' dir='ltr'><strong>cimnnr</strong></span> <span class='ocrx_word' id='word_1_88' title='bbox 272 1314 419 1377; x_wconf 91' lang='lat' dir='ltr'><strong>quemque</strong></span> <span class='ocrx_word' id='word_1_89' title='bbox 434 1315 502 1358; x_wconf 89' lang='lat' dir='ltr'><strong>esse</strong></span> <span class='ocrx_word' id='word_1_90' title='bbox 516 1295 664 1379; x_wconf 90' lang='lat' dir='ltr'><strong>reliquum</strong></span> <span class='ocrx_word' id='word_1_91' title='bbox 680 1297 804 1360; x_wconf 90' lang='lat' dir='ltr'><strong>militem</strong></span> <span class='ocrx_word' id='word_1_92' title='bbox 819 1298 885 1363; x_wconf 88' lang='lat' dir='ltr'><strong>siue</strong></span> <span class='ocrx_word' id='word_1_93' title='bbox 902 1298 1044 1363; x_wconf 84' lang='lat' dir='ltr'><strong>uulnere:</strong></span> <span class='ocrx_word' id='word_1_94' title='bbox 1062 1316 1103 1361; x_wconf 85' lang='lat' dir='ltr'><strong>ex</strong></span> <span class='ocrx_word' id='word_1_95' title='bbox 1118 1295 1164 1359; x_wconf 90' lang='lat' dir='ltr'><strong>bis</strong></span> <span class='ocrx_word' id='word_1_96' title='bbox 1179 1292 1309 1359; x_wconf 79' lang='lat' dir='ltr'><strong>omui-d</strong></span> 
     </span>
     <span class='ocr_line' id='line_1_12' title="bbox 154 1395 1274 1485; baseline 0.004 -27"><span class='ocrx_word' id='word_1_97' title='bbox 154 1395 209 1459; x_wconf 81' lang='lat' dir='ltr'><strong>bns</strong></span> <span class='ocrx_word' id='word_1_98' title='bbox 223 1396 336 1460; x_wconf 89' lang='lat' dir='ltr'><strong>indicat</strong></span> <span class='ocrx_word' id='word_1_99' title='bbox 348 1396 458 1474; x_wconf 90' lang='lat' dir='ltr'><strong>rebus,</strong></span> <span class='ocrx_word' id='word_1_100' title='bbox 483 1407 596 1480; x_wconf 90' lang='lat' dir='ltr'><strong>quanto</strong></span> <span class='ocrx_word' id='word_1_101' title='bbox 611 1418 679 1461; x_wconf 92' lang='lat' dir='ltr'><strong>cum</strong></span> <span class='ocrx_word' id='word_1_102' title='bbox 695 1399 826 1483; x_wconf 85' lang='lat' dir='ltr'><strong>periculo</strong></span> <span class='ocrx_word' id='word_1_103' title='bbox 843 1411 873 1465; x_wconf 90' lang='lat' dir='ltr'><strong>et</strong></span> <span class='ocrx_word' id='word_1_104' title='bbox 888 1412 999 1485; x_wconf 87' lang='lat' dir='ltr'><strong>quanta</strong></span> <span class='ocrx_word' id='word_1_105' title='bbox 1015 1420 1080 1464; x_wconf 90' lang='lat' dir='ltr'><strong>cum</strong></span> <span class='ocrx_word' id='word_1_106' title='bbox 1096 1399 1209 1463; x_wconf 85' lang='lat' dir='ltr'><strong>uirtute</strong></span> <span class='ocrx_word' id='word_1_107' title='bbox 1222 1418 1274 1463; x_wconf 83' lang='lat' dir='ltr'><strong>rea</strong></span> 
     </span>
     <span class='ocr_line' id='line_1_13' title="bbox 154 1498 1310 1587; baseline 0 -25"><span class='ocrx_word' id='word_1_108' title='bbox 154 1498 217 1562; x_wconf 81' lang='lat' dir='ltr'><strong>sint</strong></span> <span class='ocrx_word' id='word_1_109' title='bbox 230 1498 467 1563; x_wconf 85' lang='lat' dir='ltr'><strong>administratae.</strong></span> <span class='ocrx_word' id='word_1_110' title='bbox 507 1498 684 1565; x_wconf 85' lang='lat' dir='ltr'><strong>Ciceronem</strong></span> <span class='ocrx_word' id='word_1_111' title='bbox 707 1523 760 1587; x_wconf 91' lang='lat' dir='ltr'><strong>pro</strong></span> <span class='ocrx_word' id='word_1_112' title='bbox 776 1503 841 1569; x_wconf 90' lang='lat' dir='ltr'><strong>eins</strong></span> <span class='ocrx_word' id='word_1_113' title='bbox 857 1505 963 1567; x_wconf 89' lang='lat' dir='ltr'><strong>merito</strong></span> <span class='ocrx_word' id='word_1_114' title='bbox 978 1502 1187 1586; x_wconf 76' lang='lat' dir='ltr'><strong>legionemque</strong></span> <span class='ocrx_word' id='word_1_115' title='bbox 1202 1498 1310 1565; x_wconf 76' lang='lat' dir='ltr'><strong>con-t</strong></span> 
     </span>
     <span class='ocr_line' id='line_1_14' title="bbox 155 1601 1275 1690; baseline 0.002 -26"><span class='ocrx_word' id='word_1_116' title='bbox 155 1601 274 1680; x_wconf 73' lang='lat' dir='ltr'><strong>laudatp</strong></span> <span class='ocrx_word' id='word_1_117' title='bbox 291 1601 484 1665; x_wconf 87' lang='lat' dir='ltr'><strong>centuriones</strong></span> <span class='ocrx_word' id='word_1_118' title='bbox 498 1602 670 1686; x_wconf 85' lang='lat' dir='ltr'><strong>singillatim</strong></span> <span class='ocrx_word' id='word_1_119' title='bbox 686 1605 880 1689; x_wconf 88' lang='lat' dir='ltr'><strong>tribunosque</strong></span> <span class='ocrx_word' id='word_1_120' title='bbox 895 1607 1021 1669; x_wconf 89' lang='lat' dir='ltr'><strong>militum</strong></span> <span class='ocrx_word' id='word_1_121' title='bbox 1037 1605 1183 1690; x_wconf 75' lang='lat' dir='ltr'><strong>appellat,</strong></span> <span class='ocrx_word' id='word_1_122' title='bbox 1200 1623 1275 1688; x_wconf 89' lang='lat' dir='ltr'><strong>quc·</strong></span> 
     </span>
     <span class='ocr_line' id='line_1_15' title="bbox 155 1703 1270 1790; baseline 0 -22"><span class='ocrx_word' id='word_1_123' title='bbox 155 1724 222 1768; x_wconf 90' lang='lat' dir='ltr'><strong>runr</strong></span> <span class='ocrx_word' id='word_1_124' title='bbox 243 1704 398 1790; x_wconf 86' lang='lat' dir='ltr'><strong>egregiam</strong></span> <span class='ocrx_word' id='word_1_125' title='bbox 418 1704 512 1768; x_wconf 83' lang='lat' dir='ltr'><strong>luisse</strong></span> <span class='ocrx_word' id='word_1_126' title='bbox 532 1707 672 1770; x_wconf 89' lang='lat' dir='ltr'><strong>uirtutem</strong></span> <span class='ocrx_word' id='word_1_127' title='bbox 694 1708 867 1772; x_wconf 87' lang='lat' dir='ltr'><strong>testimonio</strong></span> <span class='ocrx_word' id='word_1_128' title='bbox 890 1703 1049 1772; x_wconf 85' lang='lat' dir='ltr'><strong>Ciceronis</strong></span> <span class='ocrx_word' id='word_1_129' title='bbox 1073 1715 1270 1790; x_wconf 87' lang='lat' dir='ltr'><strong>cognouerat.</strong></span> 
     </span>
    </p>

    <p class='ocr_par' dir='ltr' id='par_1_5' title="bbox 100 1801 1311 2302">
     <span class='ocr_line' id='line_1_16' title="bbox 100 1801 1311 1894; baseline -0.001 -25"><span class='ocrx_word' id='word_1_130' title='bbox 100 1817 132 1869; x_wconf 77' lang='lat' dir='ltr'><strong>tt</strong></span> <span class='ocrx_word' id='word_1_131' title='bbox 155 1803 201 1870; x_wconf 85' lang='lat' dir='ltr'><strong>lle</strong></span> <span class='ocrx_word' id='word_1_132' title='bbox 217 1827 290 1871; x_wconf 87' lang='lat' dir='ltr'><strong>casu</strong></span> <span class='ocrx_word' id='word_1_133' title='bbox 306 1804 412 1871; x_wconf 85' lang='lat' dir='ltr'><strong>Sabini</strong></span> <span class='ocrx_word' id='word_1_134' title='bbox 437 1817 467 1870; x_wconf 92' lang='lat' dir='ltr'><strong>et</strong></span> <span class='ocrx_word' id='word_1_135' title='bbox 482 1801 591 1872; x_wconf 81' lang='lat' dir='ltr'><strong>Cottae</strong></span> <span class='ocrx_word' id='word_1_136' title='bbox 606 1808 719 1872; x_wconf 85' lang='lat' dir='ltr'><strong>certius</strong></span> <span class='ocrx_word' id='word_1_137' title='bbox 734 1830 776 1874; x_wconf 85' lang='lat' dir='ltr'><strong>ex</strong></span> <span class='ocrx_word' id='word_1_138' title='bbox 790 1809 916 1893; x_wconf 86' lang='lat' dir='ltr'><strong>captiuis</strong></span> <span class='ocrx_word' id='word_1_139' title='bbox 932 1811 1099 1894; x_wconf 82' lang='lat' dir='ltr'><strong>cognoscit.</strong></span> <span class='ocrx_word' id='word_1_140' title='bbox 1145 1804 1272 1871; x_wconf 89' lang='lat' dir='ltr'><strong>Postero</strong></span> <span class='ocrx_word' id='word_1_141' title='bbox 1288 1802 1311 1868; x_wconf 76' lang='lat' dir='ltr'><strong>b</strong></span> 
     </span>
     <span class='ocr_line' id='line_1_17' title="bbox 155 1908 1275 1996; baseline 0 -25"><span class='ocrx_word' id='word_1_142' title='bbox 155 1908 203 1972; x_wconf 90' lang='lat' dir='ltr'><strong>die</strong></span> <span class='ocrx_word' id='word_1_143' title='bbox 218 1910 360 1974; x_wconf 88' lang='lat' dir='ltr'><strong>contione</strong></span> <span class='ocrx_word' id='word_1_144' title='bbox 374 1909 473 1974; x_wconf 86' lang='lat' dir='ltr'><strong>babita</strong></span> <span class='ocrx_word' id='word_1_145' title='bbox 482 1930 544 1973; x_wconf 92' lang='lat' dir='ltr'><strong>rem</strong></span> <span class='ocrx_word' id='word_1_146' title='bbox 554 1921 669 1992; x_wconf 87' lang='lat' dir='ltr'><strong>gestam</strong></span> <span class='ocrx_word' id='word_1_147' title='bbox 679 1913 828 1996; x_wconf 84' lang='lat' dir='ltr'><strong>proponit,</strong></span> <span class='ocrx_word' id='word_1_148' title='bbox 845 1912 954 1976; x_wconf 85' lang='lat' dir='ltr'><strong>milites</strong></span> <span class='ocrx_word' id='word_1_149' title='bbox 969 1912 1143 1975; x_wconf 88' lang='lat' dir='ltr'><strong>consolatur</strong></span> <span class='ocrx_word' id='word_1_150' title='bbox 1157 1920 1188 1973; x_wconf 90' lang='lat' dir='ltr'><strong>et</strong></span> <span class='ocrx_word' id='word_1_151' title='bbox 1203 1928 1275 1972; x_wconf 92' lang='lat' dir='ltr'><strong>con·</strong></span> 
     </span>
     <span class='ocr_line' id='line_1_18' title="bbox 157 2009 1310 2098; baseline 0.003 -26"><span class='ocrx_word' id='word_1_152' title='bbox 157 2012 274 2073; x_wconf 76' lang='lat' dir='ltr'><strong>lirmatr</strong></span> <span class='ocrx_word' id='word_1_153' title='bbox 295 2013 372 2094; x_wconf 91' lang='lat' dir='ltr'><strong>qnod</strong></span> <span class='ocrx_word' id='word_1_154' title='bbox 387 2012 597 2076; x_wconf 87' lang='lat' dir='ltr'><strong>detrimentum</strong></span> <span class='ocrx_word' id='word_1_155' title='bbox 613 2013 700 2098; x_wconf 87' lang='lat' dir='ltr'><strong>culpa</strong></span> <span class='ocrx_word' id='word_1_156' title='bbox 715 2023 747 2076; x_wconf 91' lang='lat' dir='ltr'><strong>et</strong></span> <span class='ocrx_word' id='word_1_157' title='bbox 762 2013 929 2076; x_wconf 88' lang='lat' dir='ltr'><strong>temeritate</strong></span> <span class='ocrx_word' id='word_1_158' title='bbox 943 2015 1034 2098; x_wconf 91' lang='lat' dir='ltr'><strong>legati</strong></span> <span class='ocrx_word' id='word_1_159' title='bbox 1051 2015 1090 2078; x_wconf 80' lang='lat' dir='ltr'><strong>sit</strong></span> <span class='ocrx_word' id='word_1_160' title='bbox 1105 2025 1271 2096; x_wconf 88' lang='lat' dir='ltr'><strong>acceptum,</strong></span> <span class='ocrx_word' id='word_1_161' title='bbox 1288 2009 1310 2076; x_wconf 89' lang='grc'><strong>6</strong></span> 
     </span>
     <span class='ocr_line' id='line_1_19' title="bbox 157 2113 1275 2197; baseline 0.003 -22"><span class='ocrx_word' id='word_1_162' title='bbox 157 2113 216 2175; x_wconf 87' lang='lat' dir='ltr'><strong>lrcc</strong></span> <span class='ocrx_word' id='word_1_163' title='bbox 230 2114 370 2194; x_wconf 89' lang='lat' dir='ltr'><strong>aequiore</strong></span> <span class='ocrx_word' id='word_1_164' title='bbox 389 2115 488 2178; x_wconf 89' lang='lat' dir='ltr'><strong>animo</strong></span> <span class='ocrx_word' id='word_1_165' title='bbox 509 2116 666 2179; x_wconf 86' lang='lat' dir='ltr'><strong>ferundum</strong></span> <span class='ocrx_word' id='word_1_166' title='bbox 682 2117 787 2192; x_wconf 89' lang='lat' dir='ltr'><strong>docet,</strong></span> <span class='ocrx_word' id='word_1_167' title='bbox 812 2115 889 2197; x_wconf 89' lang='lat' dir='ltr'><strong>quod</strong></span> <span class='ocrx_word' id='word_1_168' title='bbox 911 2114 1054 2178; x_wconf 88' lang='lat' dir='ltr'><strong>beneticio</strong></span> <span class='ocrx_word' id='word_1_169' title='bbox 1076 2117 1198 2180; x_wconf 89' lang='lat' dir='ltr'><strong>deorum</strong></span> <span class='ocrx_word' id='word_1_170' title='bbox 1220 2117 1275 2179; x_wconf 90' lang='lat' dir='ltr'><strong>im-</strong></span> 
     </span>
     <span class='ocr_line' id='line_1_20' title="bbox 155 2215 1275 2302; baseline 0.002 -24"><span class='ocrx_word' id='word_1_171' title='bbox 155 2215 327 2278; x_wconf 73' lang='lat' dir='ltr'><strong>mortalium</strong></span> <span class='ocrx_word' id='word_1_172' title='bbox 349 2226 381 2280; x_wconf 90' lang='lat' dir='ltr'><strong>et</strong></span> <span class='ocrx_word' id='word_1_173' title='bbox 401 2217 515 2280; x_wconf 91' lang='lat' dir='ltr'><strong>uirtute</strong></span> <span class='ocrx_word' id='word_1_174' title='bbox 538 2237 642 2280; x_wconf 89' lang='lat' dir='ltr'><strong>eorum</strong></span> <span class='ocrx_word' id='word_1_175' title='bbox 665 2218 787 2302; x_wconf 86' lang='lat' dir='ltr'><strong>expiato</strong></span> <span class='ocrx_word' id='word_1_176' title='bbox 809 2216 996 2279; x_wconf 89' lang='lat' dir='ltr'><strong>incommodo</strong></span> <span class='ocrx_word' id='word_1_177' title='bbox 1020 2237 1118 2302; x_wconf 91' lang='lat' dir='ltr'><strong>neque</strong></span> <span class='ocrx_word' id='word_1_178' title='bbox 1141 2216 1275 2280; x_wconf 81' lang='lat' dir='ltr'><strong>hostibus</strong></span> 
     </span>
    </p>

    <p class='ocr_par' dir='ltr' id='par_1_6' title="bbox 97 2316 1334 2611">
     <span class='ocr_line' id='line_1_21' title="bbox 97 2316 1334 2405; baseline -0.002 -22"><span class='ocrx_word' id='word_1_179' title='bbox 97 2328 133 2383; x_wconf 75' lang='lat'><strong>2⁰</strong></span> <span class='ocrx_word' id='word_1_180' title='bbox 155 2318 269 2383; x_wconf 87' lang='lat' dir='ltr'><strong>diutina</strong></span> <span class='ocrx_word' id='word_1_181' title='bbox 283 2319 407 2383; x_wconf 81' lang='lat' dir='ltr'><strong>laetatio</strong></span> <span class='ocrx_word' id='word_1_182' title='bbox 423 2338 518 2402; x_wconf 91' lang='lat' dir='ltr'><strong>neque</strong></span> <span class='ocrx_word' id='word_1_183' title='bbox 534 2319 608 2403; x_wconf 91' lang='lat' dir='ltr'><strong>ipsis</strong></span> <span class='ocrx_word' id='word_1_184' title='bbox 622 2320 743 2405; x_wconf 89' lang='lat' dir='ltr'><strong>longior</strong></span> <span class='ocrx_word' id='word_1_185' title='bbox 756 2319 843 2383; x_wconf 92' lang='lat' dir='ltr'><strong>dolor</strong></span> <span class='ocrx_word' id='word_1_186' title='bbox 856 2319 1054 2403; x_wconf 84' lang='lat' dir='ltr'><strong>relinquntur.</strong></span> <span class='ocrx_word' id='word_1_187' title='bbox 1096 2316 1221 2382; x_wconf 87' lang='lat' dir='ltr'><strong>Interim</strong></span> <span class='ocrx_word' id='word_1_188' title='bbox 1237 2319 1274 2381; x_wconf 85' lang='lat' dir='ltr'><strong>ad</strong></span> <span class='ocrx_word' id='word_1_189' title='bbox 1289 2316 1334 2388; x_wconf 82' lang='grc'><strong>53</strong></span> 
     </span>
     <span class='ocr_line' id='line_1_22' title="bbox 156 2417 1277 2506; baseline 0.001 -23"><span class='ocrx_word' id='word_1_190' title='bbox 156 2417 323 2485; x_wconf 75' lang='lat' dir='ltr'><strong>Labienum</strong></span> <span class='ocrx_word' id='word_1_191' title='bbox 337 2442 392 2506; x_wconf 91' lang='lat' dir='ltr'><strong>per</strong></span> <span class='ocrx_word' id='word_1_192' title='bbox 405 2418 518 2486; x_wconf 85' lang='lat' dir='ltr'><strong>Remos</strong></span> <span class='ocrx_word' id='word_1_193' title='bbox 533 2422 701 2486; x_wconf 86' lang='lat' dir='ltr'><strong>incredibili</strong></span> <span class='ocrx_word' id='word_1_194' title='bbox 716 2423 873 2487; x_wconf 85' lang='lat' dir='ltr'><strong>celeritate</strong></span> <span class='ocrx_word' id='word_1_195' title='bbox 888 2423 924 2486; x_wconf 90' lang='lat' dir='ltr'><strong>de</strong></span> <span class='ocrx_word' id='word_1_196' title='bbox 940 2422 1065 2496; x_wconf 86' lang='lat' dir='ltr'><strong>uictoria</strong></span> <span class='ocrx_word' id='word_1_197' title='bbox 1073 2417 1218 2486; x_wconf 86' lang='lat' dir='ltr'><strong>Caesaris</strong></span> <span class='ocrx_word' id='word_1_198' title='bbox 1234 2420 1277 2484; x_wconf 81' lang='lat' dir='ltr'><strong>ln·</strong></span> 
     </span>
     <span class='ocr_line' id='line_1_23' title="bbox 156 2522 1277 2611; baseline 0.001 -24"><span class='ocrx_word' id='word_1_199' title='bbox 156 2544 205 2587; x_wconf 79' lang='lat' dir='ltr'><strong>nra</strong></span> <span class='ocrx_word' id='word_1_200' title='bbox 219 2525 386 2607; x_wconf 81' lang='lat' dir='ltr'><strong>perfertur,</strong></span> <span class='ocrx_word' id='word_1_201' title='bbox 407 2536 461 2600; x_wconf 88' lang='lat' dir='ltr'><strong>ut,</strong></span> <span class='ocrx_word' id='word_1_202' title='bbox 477 2546 544 2588; x_wconf 92' lang='lat' dir='ltr'><strong>cum</strong></span> <span class='ocrx_word' id='word_1_203' title='bbox 559 2526 595 2589; x_wconf 88' lang='lat' dir='ltr'><strong>ab</strong></span> <span class='ocrx_word' id='word_1_204' title='bbox 611 2525 744 2589; x_wconf 92' lang='lat' dir='ltr'><strong>bibernis</strong></span> <span class='ocrx_word' id='word_1_205' title='bbox 761 2522 920 2591; x_wconf 90' lang='lat' dir='ltr'><strong>Ciceronis</strong></span> <span class='ocrx_word' id='word_1_206' title='bbox 936 2526 1012 2589; x_wconf 87' lang='lat' dir='ltr'><strong>milio</strong></span> <span class='ocrx_word' id='word_1_207' title='bbox 1033 2546 1174 2611; x_wconf 77' lang='lat' dir='ltr'><strong>passuum</strong></span> <span class='ocrx_word' id='word_1_208' title='bbox 1190 2523 1277 2590; x_wconf 84' lang='lat' dir='ltr'><strong>ebes·</strong></span> 
     </span>
    </p>

    <p class='ocr_par' dir='ltr' id='par_1_7' title="bbox 100 2624 1276 2816">
     <span class='ocr_line' id='line_1_24' title="bbox 100 2624 1274 2714; baseline -0.002 -23"><span class='ocrx_word' id='word_1_209' title='bbox 100 2637 106 2647; x_wconf 83' lang='lat'><strong><em>‘</em></strong></span> <span class='ocrx_word' id='word_1_210' title='bbox 154 2637 204 2691; x_wconf 81' lang='lat' dir='ltr'><strong>net</strong></span> <span class='ocrx_word' id='word_1_211' title='bbox 217 2627 338 2691; x_wconf 85' lang='lat' dir='ltr'><strong>circiter</strong></span> <span class='ocrx_word' id='word_1_212' title='bbox 352 2638 410 2705; x_wconf 77' lang='lat' dir='ltr'><strong>Lx,</strong></span> <span class='ocrx_word' id='word_1_213' title='bbox 428 2648 524 2711; x_wconf 89' lang='lat' dir='ltr'><strong>eoque</strong></span> <span class='ocrx_word' id='word_1_214' title='bbox 540 2640 607 2712; x_wconf 88' lang='lat' dir='ltr'><strong>post</strong></span> <span class='ocrx_word' id='word_1_215' title='bbox 622 2629 723 2693; x_wconf 88' lang='lat' dir='ltr'><strong>boram</strong></span> <span class='ocrx_word' id='word_1_216' title='bbox 741 2650 847 2693; x_wconf 89' lang='lat' dir='ltr'><strong>nouam</strong></span> <span class='ocrx_word' id='word_1_217' title='bbox 864 2630 923 2693; x_wconf 89' lang='lat' dir='ltr'><strong>diei</strong></span> <span class='ocrx_word' id='word_1_218' title='bbox 938 2624 1055 2693; x_wconf 83' lang='lat' dir='ltr'><strong>Caesar</strong></span> <span class='ocrx_word' id='word_1_219' title='bbox 1073 2627 1274 2714; x_wconf 84' lang='lat' dir='ltr'><strong>peruenisset,</strong></span> 
     </span>
     <span class='ocr_line' id='line_1_25' title="bbox 156 2731 1276 2816; baseline -0.002 -23"><span class='ocrx_word' id='word_1_220' title='bbox 156 2740 228 2794; x_wconf 82' lang='lat' dir='ltr'><strong>ante</strong></span> <span class='ocrx_word' id='word_1_221' title='bbox 249 2731 376 2795; x_wconf 76' lang='lat' dir='ltr'><strong>medinm</strong></span> <span class='ocrx_word' id='word_1_222' title='bbox 399 2742 518 2796; x_wconf 88' lang='lat' dir='ltr'><strong>noctem</strong></span> <span class='ocrx_word' id='word_1_223' title='bbox 542 2733 578 2796; x_wconf 82' lang='lat' dir='ltr'><strong>ed</strong></span> <span class='ocrx_word' id='word_1_224' title='bbox 601 2743 703 2816; x_wconf 82' lang='lat' dir='ltr'><strong>portas</strong></span> <span class='ocrx_word' id='word_1_225' title='bbox 718 2743 885 2797; x_wconf 86' lang='lat' dir='ltr'><strong>castrorum</strong></span> <span class='ocrx_word' id='word_1_226' title='bbox 901 2733 1015 2794; x_wconf 80' lang='lat' dir='ltr'><strong>clamor</strong></span> <span class='ocrx_word' id='word_1_227' title='bbox 1030 2742 1187 2805; x_wconf 91' lang='lat' dir='ltr'><strong>oreretur,</strong></span> <span class='ocrx_word' id='word_1_228' title='bbox 1218 2748 1276 2811; x_wconf 89' lang='lat' dir='ltr'><strong>que</strong></span> 
     </span>
    </p>

    <p class='ocr_par' dir='ltr' id='par_1_8' title="bbox 101 2828 1314 3223">
     <span class='ocr_line' id='line_1_26' title="bbox 101 2828 1278 2920; baseline -0.003 -24"><span class='ocrx_word' id='word_1_229' title='bbox 101 2842 134 2896; x_wconf 75' lang='lat'><strong>2⁵</strong></span> <span class='ocrx_word' id='word_1_230' title='bbox 155 2833 288 2898; x_wconf 80' lang='lat' dir='ltr'><strong>elamore</strong></span> <span class='ocrx_word' id='word_1_231' title='bbox 302 2832 482 2917; x_wconf 85' lang='lat' dir='ltr'><strong>significatio</strong></span> <span class='ocrx_word' id='word_1_232' title='bbox 496 2836 642 2901; x_wconf 91' lang='lat' dir='ltr'><strong>uictoriae</strong></span> <span class='ocrx_word' id='word_1_233' title='bbox 658 2834 877 2920; x_wconf 83' lang='lat' dir='ltr'><strong>gratulatioque</strong></span> <span class='ocrx_word' id='word_1_234' title='bbox 900 2835 936 2897; x_wconf 91' lang='lat' dir='ltr'><strong>ab</strong></span> <span class='ocrx_word' id='word_1_235' title='bbox 952 2831 1057 2896; x_wconf 86' lang='lat' dir='ltr'><strong>Remis</strong></span> <span class='ocrx_word' id='word_1_236' title='bbox 1072 2828 1210 2894; x_wconf 89' lang='lat' dir='ltr'><strong>Labieno</strong></span> <span class='ocrx_word' id='word_1_237' title='bbox 1225 2830 1278 2892; x_wconf 88' lang='lat' dir='ltr'><strong>lie·</strong></span> 
     </span>
     <span class='ocr_line' id='line_1_27' title="bbox 154 2928 1314 3022; baseline -0.004 -22"><span class='ocrx_word' id='word_1_238' title='bbox 154 2946 216 3000; x_wconf 89' lang='lat' dir='ltr'><strong>ret.</strong></span> <span class='ocrx_word' id='word_1_239' title='bbox 246 2933 313 3001; x_wconf 85' lang='lat' dir='ltr'><strong>llac</strong></span> <span class='ocrx_word' id='word_1_240' title='bbox 328 2938 408 3001; x_wconf 82' lang='lat' dir='ltr'><strong>lanta</strong></span> <span class='ocrx_word' id='word_1_241' title='bbox 422 2939 459 3001; x_wconf 80' lang='lat' dir='ltr'><strong>sd</strong></span> <span class='ocrx_word' id='word_1_242' title='bbox 473 2936 627 3002; x_wconf 86' lang='lat' dir='ltr'><strong>Treueros</strong></span> <span class='ocrx_word' id='word_1_243' title='bbox 642 2940 756 3022; x_wconf 87' lang='lat' dir='ltr'><strong>perlata</strong></span> <span class='ocrx_word' id='word_1_244' title='bbox 771 2936 1010 3012; x_wconf 84' lang='lat' dir='ltr'><strong>lndutiomarus,</strong></span> <span class='ocrx_word' id='word_1_245' title='bbox 1028 2934 1078 3016; x_wconf 94' lang='lat' dir='ltr'><strong>qui</strong></span> <span class='ocrx_word' id='word_1_246' title='bbox 1094 2942 1215 3016; x_wconf 89' lang='lat' dir='ltr'><strong>postero</strong></span> <span class='ocrx_word' id='word_1_247' title='bbox 1230 2928 1314 2995; x_wconf 76' lang='lat' dir='ltr'><strong>diet</strong></span> 
     </span>
     <span class='ocr_line' id='line_1_28' title="bbox 157 3033 1276 3124; baseline -0.005 -23"><span class='ocrx_word' id='word_1_248' title='bbox 157 3048 257 3102; x_wconf 71' lang='lat' dir='ltr'><strong>casua</strong></span> <span class='ocrx_word' id='word_1_249' title='bbox 277 3036 407 3104; x_wconf 79' lang='lat' dir='ltr'><strong>Labieni</strong></span> <span class='ocrx_word' id='word_1_250' title='bbox 429 3059 599 3124; x_wconf 90' lang='lat' dir='ltr'><strong>oppugnare</strong></span> <span class='ocrx_word' id='word_1_251' title='bbox 622 3041 817 3117; x_wconf 91' lang='lat' dir='ltr'><strong>decreuerat,</strong></span> <span class='ocrx_word' id='word_1_252' title='bbox 849 3049 938 3102; x_wconf 88' lang='lat' dir='ltr'><strong>noctu</strong></span> <span class='ocrx_word' id='word_1_253' title='bbox 961 3036 1094 3122; x_wconf 80' lang='lat' dir='ltr'><strong>profugit</strong></span> <span class='ocrx_word' id='word_1_254' title='bbox 1116 3033 1276 3117; x_wconf 91' lang='lat' dir='ltr'><strong>copiasque</strong></span> 
     </span>
     <span class='ocr_line' id='line_1_29' title="bbox 158 3133 1312 3223; baseline -0.004 -19"><span class='ocrx_word' id='word_1_255' title='bbox 158 3160 261 3206; x_wconf 91' lang='lat' dir='ltr'><strong>omnes</strong></span> <span class='ocrx_word' id='word_1_256' title='bbox 275 3140 308 3206; x_wconf 91' lang='lat' dir='ltr'><strong>in</strong></span> <span class='ocrx_word' id='word_1_257' title='bbox 323 3140 478 3207; x_wconf 88' lang='lat' dir='ltr'><strong>Treueros</strong></span> <span class='ocrx_word' id='word_1_258' title='bbox 492 3142 620 3207; x_wconf 85' lang='lat' dir='ltr'><strong>reducit.</strong></span> <span class='ocrx_word' id='word_1_259' title='bbox 671 3138 788 3207; x_wconf 85' lang='lat' dir='ltr'><strong>Caesar</strong></span> <span class='ocrx_word' id='word_1_260' title='bbox 801 3138 930 3205; x_wconf 81' lang='lat' dir='ltr'><strong>Fabium</strong></span> <span class='ocrx_word' id='word_1_261' title='bbox 945 3163 1010 3204; x_wconf 93' lang='lat' dir='ltr'><strong>cum</strong></span> <span class='ocrx_word' id='word_1_262' title='bbox 1026 3160 1081 3204; x_wconf 88' lang='lat' dir='ltr'><strong>sua</strong></span> <span class='ocrx_word' id='word_1_263' title='bbox 1095 3137 1213 3223; x_wconf 90' lang='lat' dir='ltr'><strong>legione</strong></span> <span class='ocrx_word' id='word_1_264' title='bbox 1228 3156 1276 3200; x_wconf 90' lang='lat' dir='ltr'><strong>re·</strong></span> <span class='ocrx_word' id='word_1_265' title='bbox 1291 3133 1312 3199; x_wconf 81' lang='lat'><strong>3</strong></span> 
     </span>
    </p>
   </div>
   <div class='ocr_carea' id='block_1_3' title="bbox 96 3343 1280 4355">
    <p class='ocr_par' dir='ltr' id='par_1_9' title="bbox 266 3343 1278 3418">
     <span class='ocr_line' id='line_1_30' title="bbox 266 3343 1278 3418; baseline -0.008 -15"><span class='ocrx_word' id='word_1_266' title='bbox 266 3350 279 3403; x_wconf 96' lang='grc'><strong>1</strong></span> <span class='ocrx_word' id='word_1_267' title='bbox 294 3364 372 3402; x_wconf 86' lang='lat' dir='ltr'><strong>rntuu</strong></span> <span class='ocrx_word' id='word_1_268' title='bbox 383 3366 437 3403; x_wconf 80' lang='lat' dir='ltr'><strong>cnr.</strong></span> <span class='ocrx_word' id='word_1_269' title='bbox 450 3367 486 3404; x_wconf 85' lang='lat' dir='ltr'><strong>m.</strong></span> <span class='ocrx_word' id='word_1_270' title='bbox 499 3366 543 3418; x_wconf 88' lang='lat' dir='ltr'><strong>pr.</strong></span> <span class='ocrx_word' id='word_1_271' title='bbox 559 3353 584 3403; x_wconf 88' lang='grc'><strong>1.</strong></span> <span class='ocrx_word' id='word_1_272' title='bbox 688 3351 901 3417; x_wconf 69' lang='lat' dir='ltr'><strong>tarquitntuqne</strong></span> <span class='ocrx_word' id='word_1_273' title='bbox 915 3350 947 3400; x_wconf 89' lang='lat' dir='ltr'><strong>B.</strong></span> <span class='ocrx_word' id='word_1_274' title='bbox 1063 3346 1117 3399; x_wconf 72' lang='lat' dir='ltr'><strong>bin</strong></span> <span class='ocrx_word' id='word_1_275' title='bbox 1133 3344 1220 3410; x_wconf 77' lang='lat' dir='ltr'><strong>iugem</strong></span> <span class='ocrx_word' id='word_1_276' title='bbox 1232 3343 1278 3395; x_wconf 76' lang='lat' dir='ltr'><strong>dat</strong></span> 
     </span>
    </p>

    <p class='ocr_par' dir='ltr' id='par_1_10' title="bbox 96 3422 1280 3811">
     <span class='ocr_line' id='line_1_31' title="bbox 158 3422 1168 3493; baseline -0.006 -15"><span class='ocrx_word' id='word_1_277' title='bbox 158 3425 183 3477; x_wconf 82' lang='lat' dir='ltr'><em>B</em></span> <span class='ocrx_word' id='word_1_278' title='bbox 191 3425 253 3478; x_wconf 73' lang='lat' dir='ltr'><strong>cdd.</strong></span> <span class='ocrx_word' id='word_1_279' title='bbox 267 3432 332 3478; x_wconf 74' lang='lat' dir='ltr'><strong>acte</strong></span> <span class='ocrx_word' id='word_1_280' title='bbox 343 3428 420 3493; x_wconf 66' lang='lat' dir='ltr'><strong>Ate,</strong></span> <span class='ocrx_word' id='word_1_281' title='bbox 434 3429 517 3480; x_wconf 84' lang='lat' dir='ltr'><strong>datin</strong></span> <span class='ocrx_word' id='word_1_282' title='bbox 531 3427 617 3493; x_wconf 85' lang='lat' dir='ltr'><strong>lugam</strong></span> <span class='ocrx_word' id='word_1_283' title='bbox 630 3427 717 3480; x_wconf 72' lang='lat' dir='ltr'><strong>Atros</strong></span> <span class='ocrx_word' id='word_1_284' title='bbox 729 3442 757 3477; x_wconf 85' lang='lat' dir='ltr'><strong>rt.</strong></span> <span class='ocrx_word' id='word_1_285' title='bbox 862 3425 912 3492; x_wconf 88' lang='lat' dir='ltr'><strong>sic]</strong></span> <span class='ocrx_word' id='word_1_286' title='bbox 926 3433 968 3477; x_wconf 89' lang='lat' dir='ltr'><strong>set</strong></span> <span class='ocrx_word' id='word_1_287' title='bbox 979 3429 1043 3475; x_wconf 82' lang='lat' dir='ltr'><strong>acts</strong></span> <span class='ocrx_word' id='word_1_288' title='bbox 1056 3438 1126 3474; x_wconf 89' lang='lat' dir='ltr'><strong>corr.</strong></span> <span class='ocrx_word' id='word_1_289' title='bbox 1136 3422 1168 3472; x_wconf 92' lang='grc' dir='ltr'><strong>Β.</strong></span> 
     </span>
     <span class='ocr_line' id='line_1_32' title="bbox 158 3498 1276 3572; baseline -0.005 -17"><span class='ocrx_word' id='word_1_290' title='bbox 158 3506 175 3555; x_wconf 87' lang='grc'><strong>1</strong></span> <span class='ocrx_word' id='word_1_291' title='bbox 187 3504 227 3555; x_wconf 80' lang='lat' dir='ltr'><strong>ela</strong></span> <span class='ocrx_word' id='word_1_292' title='bbox 238 3504 287 3571; x_wconf 87' lang='grc' dir='ltr'><strong>(Β)</strong></span> <span class='ocrx_word' id='word_1_293' title='bbox 299 3506 321 3558; x_wconf 82' lang='lat'><em>0</em></span> <span class='ocrx_word' id='word_1_294' title='bbox 327 3506 353 3557; x_wconf 84' lang='lat' dir='ltr'><em>D</em></span> <span class='ocrx_word' id='word_1_295' title='bbox 367 3506 489 3572; x_wconf 78' lang='lat' dir='ltr'><strong>‘aliique’</strong></span> <span class='ocrx_word' id='word_1_296' title='bbox 502 3523 520 3557; x_wconf 79' lang='lat' dir='ltr'><strong>a</strong></span> <span class='ocrx_word' id='word_1_297' title='bbox 527 3543 537 3570; x_wconf 86' lang='lat'><strong><em>,</em></strong></span> <span class='ocrx_word' id='word_1_298' title='bbox 551 3506 592 3557; x_wconf 88' lang='lat' dir='ltr'><strong>bis</strong></span> <span class='ocrx_word' id='word_1_299' title='bbox 604 3505 663 3556; x_wconf 82' lang='lat' dir='ltr'><strong>cdd.</strong></span> <span class='ocrx_word' id='word_1_300' title='bbox 677 3509 741 3556; x_wconf 82' lang='lat' dir='ltr'><strong>acts</strong></span> <span class='ocrx_word' id='word_1_301' title='bbox 753 3520 781 3556; x_wconf 83' lang='lat' dir='ltr'><strong>u.</strong></span> <span class='ocrx_word' id='word_1_302' title='bbox 917 3506 929 3554; x_wconf 84' lang='lat' dir='ltr'><strong>b</strong></span> <span class='ocrx_word' id='word_1_303' title='bbox 944 3503 1064 3570; x_wconf 88' lang='lat' dir='ltr'><strong>prosequi</strong></span> <span class='ocrx_word' id='word_1_304' title='bbox 1078 3502 1162 3552; x_wconf 87' lang='lat' dir='ltr'><strong>noluit</strong></span> <span class='ocrx_word' id='word_1_305' title='bbox 1174 3498 1276 3550; x_wconf 83' lang='lat' dir='ltr'><strong>ueritus</strong></span> 
     </span>
     <span class='ocr_line' id='line_1_33' title="bbox 160 3580 1280 3651; baseline -0.003 -20"><span class='ocrx_word' id='word_1_306' title='bbox 160 3580 229 3632; x_wconf 75' lang='lat' dir='ltr'><strong>bne.</strong></span> <span class='ocrx_word' id='word_1_307' title='bbox 334 3582 537 3651; x_wconf 83' lang='lat' dir='ltr'><strong>bnequeetiam</strong></span> <span class='ocrx_word' id='word_1_308' title='bbox 548 3585 580 3636; x_wconf 85' lang='lat' dir='ltr'><strong>P.</strong></span> <span class='ocrx_word' id='word_1_309' title='bbox 598 3585 656 3637; x_wconf 87' lang='lat' dir='ltr'><strong>tt5.</strong></span> <span class='ocrx_word' id='word_1_310' title='bbox 761 3582 1114 3647; x_wconf 76' lang='lat' dir='ltr'><strong>ilocumeosrelinquibc.</strong></span> <span class='ocrx_word' id='word_1_311' title='bbox 1237 3594 1280 3629; x_wconf 86' lang='lat' dir='ltr'><strong>co·</strong></span> 
     </span>
     <span class='ocr_line' id='line_1_34' title="bbox 96 3652 1279 3731; baseline -0.001 -19"><span class='ocrx_word' id='word_1_312' title='bbox 96 3652 104 3663; x_wconf 65' lang='lat'><strong>⁹</strong></span> <span class='ocrx_word' id='word_1_313' title='bbox 158 3660 209 3727; x_wconf 76' lang='lat' dir='ltr'><strong>piis</strong></span> <span class='ocrx_word' id='word_1_314' title='bbox 220 3675 275 3712; x_wconf 85' lang='lat' dir='ltr'><strong>ortt.</strong></span> <span class='ocrx_word' id='word_1_315' title='bbox 291 3661 356 3713; x_wconf 80' lang='lat' dir='ltr'><strong>bea.</strong></span> <span class='ocrx_word' id='word_1_316' title='bbox 461 3665 477 3716; x_wconf 78' lang='lat' dir='ltr'><strong>t</strong></span> <span class='ocrx_word' id='word_1_317' title='bbox 491 3664 592 3729; x_wconf 84' lang='lat' dir='ltr'><strong>legione</strong></span> <span class='ocrx_word' id='word_1_318' title='bbox 606 3663 730 3731; x_wconf 81' lang='lat' dir='ltr'><strong>producte</strong></span> <span class='ocrx_word' id='word_1_319' title='bbox 742 3665 766 3715; x_wconf 88' lang='lat' dir='ltr'><em>B</em></span> <span class='ocrx_word' id='word_1_320' title='bbox 778 3664 839 3714; x_wconf 84' lang='lat' dir='ltr'><strong>edd.</strong></span> <span class='ocrx_word' id='word_1_321' title='bbox 854 3668 918 3713; x_wconf 83' lang='lat' dir='ltr'><strong>acte</strong></span> <span class='ocrx_word' id='word_1_322' title='bbox 930 3678 962 3727; x_wconf 82' lang='lat' dir='ltr'><strong>rr,</strong></span> <span class='ocrx_word' id='word_1_323' title='bbox 977 3677 1046 3727; x_wconf 80' lang='lat' dir='ltr'><strong>quoe</strong></span> <span class='ocrx_word' id='word_1_324' title='bbox 1060 3663 1279 3728; x_wconf 80' lang='lat' dir='ltr'><strong>tccc&#39;teprodnetn</strong></span> 
     </span>
     <span class='ocr_line' id='line_1_35' title="bbox 159 3737 1276 3811; baseline -0.001 -18"><span class='ocrx_word' id='word_1_325' title='bbox 159 3741 272 3807; x_wconf 78' lang='lat' dir='ltr'><strong>legione.</strong></span> <span class='ocrx_word' id='word_1_326' title='bbox 379 3743 410 3796; x_wconf 89' lang='grc'><strong>111</strong></span> <span class='ocrx_word' id='word_1_327' title='bbox 423 3759 575 3811; x_wconf 80' lang='lat' dir='ltr'><strong>quemqnam</strong></span> <span class='ocrx_word' id='word_1_328' title='bbox 590 3745 635 3795; x_wconf 89' lang='lat' dir='ltr'><strong>bc.</strong></span> <span class='ocrx_word' id='word_1_329' title='bbox 741 3737 1036 3810; x_wconf 78' lang='lat' dir='ltr'><strong>reliquumB‘cetert&#39;‚</strong></span> <span class='ocrx_word' id='word_1_330' title='bbox 1051 3740 1276 3794; x_wconf 84' lang='lat' dir='ltr'><strong>relictnmbcdc.</strong></span> 
     </span>
    </p>

    <p class='ocr_par' dir='ltr' id='par_1_11' title="bbox 267 3820 1170 3889">
     <span class='ocr_line' id='line_1_36' title="bbox 267 3820 1170 3889; baseline 0 -18"><span class='ocrx_word' id='word_1_331' title='bbox 267 3821 347 3872; x_wconf 82' lang='lat' dir='ltr'><strong>exiis</strong></span> <span class='ocrx_word' id='word_1_332' title='bbox 360 3821 393 3872; x_wconf 88' lang='lat' dir='ltr'><strong>B.</strong></span> <span class='ocrx_word' id='word_1_333' title='bbox 499 3822 527 3874; x_wconf 94' lang='grc'><strong>11</strong></span> <span class='ocrx_word' id='word_1_334' title='bbox 544 3829 640 3889; x_wconf 80' lang='lat' dir='ltr'><strong>quantu</strong></span> <span class='ocrx_word' id='word_1_335' title='bbox 653 3822 751 3873; x_wconf 86' lang='lat' dir='ltr'><strong>uirtute</strong></span> <span class='ocrx_word' id='word_1_336' title='bbox 766 3824 833 3873; x_wconf 82' lang='lat' dir='ltr'><strong>bce.</strong></span> <span class='ocrx_word' id='word_1_337' title='bbox 940 3822 971 3872; x_wconf 81' lang='lat' dir='ltr'><strong>tc</strong></span> <span class='ocrx_word' id='word_1_338' title='bbox 984 3820 1125 3872; x_wconf 82' lang='lat' dir='ltr'><strong>conlaudat</strong></span> <span class='ocrx_word' id='word_1_339' title='bbox 1137 3821 1170 3871; x_wconf 89' lang='lat' dir='ltr'><strong>B.</strong></span> 
     </span>
    </p>

    <p class='ocr_par' dir='ltr' id='par_1_12' title="bbox 160 3897 1279 4201">
     <span class='ocr_line' id='line_1_37' title="bbox 162 3897 1171 3964; baseline 0.003 -17"><span class='ocrx_word' id='word_1_340' title='bbox 162 3897 193 3950; x_wconf 92' lang='grc'><strong>11</strong></span> <span class='ocrx_word' id='word_1_341' title='bbox 205 3897 311 3964; x_wconf 80' lang='lat' dir='ltr'><strong>egregie</strong></span> <span class='ocrx_word' id='word_1_342' title='bbox 321 3897 357 3948; x_wconf 82' lang='grc' dir='ltr'><strong>Β.</strong></span> <span class='ocrx_word' id='word_1_343' title='bbox 498 3900 529 3952; x_wconf 83' lang='lat' dir='ltr'><strong>lb</strong></span> <span class='ocrx_word' id='word_1_344' title='bbox 541 3900 666 3950; x_wconf 86' lang='lat' dir='ltr'><strong>concione</strong></span> <span class='ocrx_word' id='word_1_345' title='bbox 680 3901 737 3964; x_wconf 94' lang='grc' dir='ltr'><strong>(Β).</strong></span> <span class='ocrx_word' id='word_1_346' title='bbox 877 3900 909 3951; x_wconf 83' lang='grc'><strong>18</strong></span> <span class='ocrx_word' id='word_1_347' title='bbox 923 3898 1059 3949; x_wconf 78' lang='lat' dir='ltr'><strong>iocundum</strong></span> <span class='ocrx_word' id='word_1_348' title='bbox 1072 3899 1098 3949; x_wconf 81' lang='lat' dir='ltr'><em>A</em></span> <span class='ocrx_word' id='word_1_349' title='bbox 1108 3898 1171 3950; x_wconf 74' lang='grc' dir='ltr'><strong>ΟΒ.</strong></span> 
     </span>
     <span class='ocr_line' id='line_1_38' title="bbox 160 3975 1279 4044; baseline 0 -17"><span class='ocrx_word' id='word_1_350' title='bbox 160 3975 195 4027; x_wconf 76' lang='grc'><strong>11</strong></span> <span class='ocrx_word' id='word_1_351' title='bbox 206 3977 316 4030; x_wconf 76' lang='lat' dir='ltr'><strong>luctatio</strong></span> <span class='ocrx_word' id='word_1_352' title='bbox 329 3978 383 4029; x_wconf 83' lang='lat' dir='ltr'><strong>AB</strong></span> <span class='ocrx_word' id='word_1_353' title='bbox 393 3978 415 4030; x_wconf 84' lang='lat' dir='ltr'><strong>C</strong></span> <span class='ocrx_word' id='word_1_354' title='bbox 421 3978 461 4043; x_wconf 83' lang='grc' dir='ltr'><strong>Β,</strong></span> <span class='ocrx_word' id='word_1_355' title='bbox 476 3977 577 4028; x_wconf 83' lang='lat' dir='ltr'><strong>laetitia</strong></span> <span class='ocrx_word' id='word_1_356' title='bbox 590 3993 604 4025; x_wconf 85' lang='lat' dir='ltr'><strong>e</strong></span> <span class='ocrx_word' id='word_1_357' title='bbox 617 3977 702 4028; x_wconf 79' lang='lat' dir='ltr'><strong>‘ulii’.</strong></span> <span class='ocrx_word' id='word_1_358' title='bbox 819 3979 853 4033; x_wconf 76' lang='lat'><strong>22</strong></span> <span class='ocrx_word' id='word_1_359' title='bbox 866 3978 938 4029; x_wconf 81' lang='lat' dir='ltr'><strong>milia</strong></span> <span class='ocrx_word' id='word_1_360' title='bbox 952 3993 1073 4044; x_wconf 86' lang='lat' dir='ltr'><strong>passuum</strong></span> <span class='ocrx_word' id='word_1_361' title='bbox 1087 3979 1191 4029; x_wconf 89' lang='lat' dir='ltr'><strong>abesset</strong></span> <span class='ocrx_word' id='word_1_362' title='bbox 1204 3978 1279 4028; x_wconf 85' lang='lat' dir='ltr'><strong>circi·</strong></span> 
     </span>
     <span class='ocr_line' id='line_1_39' title="bbox 162 4052 1277 4123; baseline -0.001 -19"><span class='ocrx_word' id='word_1_363' title='bbox 162 4058 203 4104; x_wconf 84' lang='lat' dir='ltr'><strong>ter</strong></span> <span class='ocrx_word' id='word_1_364' title='bbox 213 4067 247 4107; x_wconf 82' lang='lat' dir='ltr'><strong>tx</strong></span> <span class='ocrx_word' id='word_1_365' title='bbox 259 4057 285 4108; x_wconf 84' lang='lat' dir='ltr'><em>A</em></span> <span class='ocrx_word' id='word_1_366' title='bbox 292 4055 370 4119; x_wconf 70' lang='lat' dir='ltr'><em>(13)ss</em></span> <span class='ocrx_word' id='word_1_367' title='bbox 380 4057 395 4107; x_wconf 86' lang='lat' dir='ltr'><strong>b</strong></span> <span class='ocrx_word' id='word_1_368' title='bbox 403 4074 413 4119; x_wconf 88' lang='lat'><strong>,·</strong></span> <span class='ocrx_word' id='word_1_369' title='bbox 425 4056 497 4107; x_wconf 78' lang='lat' dir='ltr'><strong>milia</strong></span> <span class='ocrx_word' id='word_1_370' title='bbox 511 4070 632 4123; x_wconf 81' lang='lat' dir='ltr'><strong>passuum</strong></span> <span class='ocrx_word' id='word_1_371' title='bbox 644 4071 677 4105; x_wconf 83' lang='lat' dir='ltr'><strong>xc</strong></span> <span class='ocrx_word' id='word_1_372' title='bbox 690 4054 798 4106; x_wconf 83' lang='lat' dir='ltr'><strong>obesset</strong></span> <span class='ocrx_word' id='word_1_373' title='bbox 809 4070 823 4105; x_wconf 88' lang='lat' dir='ltr'><strong>c</strong></span> <span class='ocrx_word' id='word_1_374' title='bbox 830 4094 839 4119; x_wconf 89' lang='lat'><em>,</em></span> <span class='ocrx_word' id='word_1_375' title='bbox 855 4061 882 4106; x_wconf 81' lang='lat' dir='ltr'><strong>et</strong></span> <span class='ocrx_word' id='word_1_376' title='bbox 902 4057 1022 4107; x_wconf 87' lang='lat' dir='ltr'><strong>‘circiter</strong></span> <span class='ocrx_word' id='word_1_377' title='bbox 1034 4071 1087 4106; x_wconf 90' lang='lat' dir='ltr'><strong>om.</strong></span> <span class='ocrx_word' id='word_1_378' title='bbox 1101 4070 1206 4120; x_wconf 81' lang='lat' dir='ltr'><strong>quoque</strong></span> <span class='ocrx_word' id='word_1_379' title='bbox 1223 4052 1277 4103; x_wconf 83' lang='lat' dir='ltr'><strong>cd’</strong></span> 
     </span>
     <span class='ocr_line' id='line_1_40' title="bbox 162 4130 1278 4201; baseline -0.004 -15"><span class='ocrx_word' id='word_1_380' title='bbox 162 4131 310 4196; x_wconf 62' lang='lat' dir='ltr'><strong>(tensium</strong></span> <span class='ocrx_word' id='word_1_381' title='bbox 323 4134 391 4200; x_wconf 68' lang='lat' dir='ltr'><strong>(m).</strong></span> <span class='ocrx_word' id='word_1_382' title='bbox 513 4135 547 4186; x_wconf 80' lang='lat' dir='ltr'><strong>tt</strong></span> <span class='ocrx_word' id='word_1_383' title='bbox 559 4133 604 4201; x_wconf 85' lang='lat' dir='ltr'><strong>ad]</strong></span> <span class='ocrx_word' id='word_1_384' title='bbox 618 4141 679 4185; x_wconf 87' lang='lat' dir='ltr'><strong>unte</strong></span> <span class='ocrx_word' id='word_1_385' title='bbox 695 4134 719 4184; x_wconf 89' lang='lat' dir='ltr'><strong>b.</strong></span> <span class='ocrx_word' id='word_1_386' title='bbox 853 4142 971 4186; x_wconf 88' lang='lat' dir='ltr'><strong>oreretur</strong></span> <span class='ocrx_word' id='word_1_387' title='bbox 983 4134 1009 4186; x_wconf 83' lang='lat' dir='ltr'><em>A</em></span> <span class='ocrx_word' id='word_1_388' title='bbox 1016 4135 1040 4185; x_wconf 86' lang='lat' dir='ltr'><em>B</em></span> <span class='ocrx_word' id='word_1_389' title='bbox 1049 4135 1081 4185; x_wconf 87' lang='lat' dir='ltr'><strong>C.</strong></span> <span class='ocrx_word' id='word_1_390' title='bbox 1202 4130 1234 4184; x_wconf 77' lang='grc'><strong>21</strong></span> <span class='ocrx_word' id='word_1_391' title='bbox 1247 4143 1278 4178; x_wconf 71' lang='lat' dir='ltr'><strong>ac</strong></span> 
     </span>
    </p>

    <p class='ocr_par' dir='ltr' id='par_1_13' title="bbox 163 4208 1279 4355">
     <span class='ocr_line' id='line_1_41' title="bbox 163 4208 1177 4276; baseline -0.005 -16"><span class='ocrx_word' id='word_1_392' title='bbox 163 4209 231 4261; x_wconf 80' lang='lat' dir='ltr'><strong>ierne</strong></span> <span class='ocrx_word' id='word_1_393' title='bbox 245 4210 277 4261; x_wconf 91' lang='grc' dir='ltr'><strong>Β.</strong></span> <span class='ocrx_word' id='word_1_394' title='bbox 382 4208 514 4262; x_wconf 82' lang='lat' dir='ltr'><strong>Treueros</strong></span> <span class='ocrx_word' id='word_1_395' title='bbox 526 4208 559 4259; x_wconf 87' lang='grc' dir='ltr'><strong>Β.</strong></span> <span class='ocrx_word' id='word_1_396' title='bbox 664 4210 854 4262; x_wconf 85' lang='lat' dir='ltr'><strong>lndutiomtrur</strong></span> <span class='ocrx_word' id='word_1_397' title='bbox 867 4212 912 4276; x_wconf 89' lang='grc' dir='ltr'><strong>(Β)</strong></span> <span class='ocrx_word' id='word_1_398' title='bbox 919 4249 928 4275; x_wconf 90' lang='lat'><em>,</em></span> <span class='ocrx_word' id='word_1_399' title='bbox 944 4210 1137 4262; x_wconf 87' lang='lat' dir='ltr'><strong>lnduciomurus</strong></span> <span class='ocrx_word' id='word_1_400' title='bbox 1150 4223 1177 4256; x_wconf 86' lang='lat' dir='ltr'><strong>u.</strong></span> 
     </span>
     <span class='ocr_line' id='line_1_42' title="bbox 163 4283 1279 4355; baseline -0.004 -16"><span class='ocrx_word' id='word_1_401' title='bbox 163 4295 269 4355; x_wconf 78' lang='lat' dir='ltr'><strong>postera</strong></span> <span class='ocrx_word' id='word_1_402' title='bbox 282 4288 308 4341; x_wconf 89' lang='grc'><strong>1.</strong></span> <span class='ocrx_word' id='word_1_403' title='bbox 433 4286 656 4345; x_wconf 67' lang='lat' dir='ltr'><strong>rarescere.</strong></span> <span class='ocrx_word' id='word_1_404' title='bbox 786 4304 842 4342; x_wconf 87' lang='lat' dir='ltr'><strong>eum</strong></span> <span class='ocrx_word' id='word_1_405' title='bbox 856 4304 904 4342; x_wconf 80' lang='lat' dir='ltr'><strong>sur</strong></span> <span class='ocrx_word' id='word_1_406' title='bbox 915 4291 1017 4355; x_wconf 76' lang='lat' dir='ltr'><strong>legione</strong></span> <span class='ocrx_word' id='word_1_407' title='bbox 1031 4287 1142 4339; x_wconf 84' lang='lat' dir='ltr'><strong>remittit</strong></span> <span class='ocrx_word' id='word_1_408' title='bbox 1153 4285 1179 4335; x_wconf 87' lang='lat' dir='ltr'><strong>in</strong></span> <span class='ocrx_word' id='word_1_409' title='bbox 1193 4283 1279 4335; x_wconf 79' lang='lat' dir='ltr'><strong>tiber-</strong></span> 
     </span>
    </p>
   </div>
   <div class='ocr_carea' id='block_1_4' title="bbox 0 0 1361 4688">
    <p class='ocr_par' dir='ltr' id='par_1_14' title="bbox 0 0 1361 4688">
     <span class='ocr_line' id='line_1_43' title="bbox 0 0 1361 4688; baseline 0 0"><span class='ocrx_word' id='word_1_410' title='bbox 0 0 1361 4688; x_wconf 95' lang='lat' dir='ltr'><strong> </strong></span> 
     </span>
    </p>
   </div>
  </div>
 </body>
</html>
