2692 4688
466 181 609 253 COMM.
626 181 966 255 ssim-2⁹42.
1272 182 1337 253 tta

156 359 384 427 eaisdmarent.
405 354 475 422 Nec
489 357 600 436 minus,
616 376 703 441 quam
718 367 766 422 est
780 356 941 441 pollicitus,
958 354 1198 439 Vercingetorix
1211 354 1277 421 ani·
1291 353 1334 426 81

152 483 205 527 aru
217 460 396 539 laborabat,
418 471 453 524 ut
473 460 604 543 reliquas
626 460 766 525 cirritates
788 459 982 542 adiungeret,
1006 468 1095 540 atque
1117 477 1170 522 eus
1190 457 1277 523 donia

153 562 475 651 pollicitationibusque
489 561 651 626 alliciebat.
672 560 752 625 Huic
766 561 812 626 rei
827 562 952 627 idoneos
966 561 1101 625 homines
1115 559 1274 644 deligebat,
1291 558 1314 622 2

154 682 282 751 quorum
295 664 422 749 quisque
437 674 488 729 aut
503 665 640 729 oratione
656 663 779 729 subdola
800 674 852 728 aut
868 663 1001 727 amicitia
1016 662 1154 726 facillime
1170 681 1278 746 capere

117 782 135 834 t
159 778 273 854 met.
305 763 369 849 Qui
381 764 515 832 Auarico
529 777 703 850 expugnato
718 766 903 849 refugerant,
919 765 1079 829 armandos
1091 762 1313 829 undecuma

155 891 214 955 que
227 879 335 948 curati
358 868 466 947 simul,
483 879 517 932 ut
530 868 700 933 deminutae
714 868 818 952 copiae
831 868 1127 952 redintegrarentur,
1151 866 1278 951 imperat
1292 864 1313 929 t

154 983 272 1039 cartu·
287 991 441 1037 numerum
457 970 580 1036 militum
595 970 786 1048 ciuitatibus,
811 990 898 1054 quem
920 980 951 1034 et
965 990 1053 1051 quam
1067 979 1139 1033 unte
1153 969 1231 1033 diem
1245 967 1278 1033 ia

155 1085 259 1140 eaatn
270 1074 377 1141 adduci
393 1071 479 1150 uelit,
495 1072 728 1157 sagittariosque
742 1093 859 1150 omues,
876 1092 999 1155 quorum
1017 1082 1084 1135 erat
1097 1090 1277 1156 permagnus

156 1195 300 1241 numerus
312 1175 346 1241 in
361 1172 473 1252 Gallia,
489 1175 625 1258 conquiri
640 1176 723 1240 etad
737 1196 772 1241 se
787 1174 865 1239 mitti
879 1173 973 1239 iubet.
1020 1171 1077 1237 llis
1092 1173 1182 1237 rebus
1197 1172 1277 1237 cele·

99 1290 135 1343 tu
156 1278 234 1345 riter
245 1277 289 1357 id,
303 1277 383 1361 quod
396 1275 523 1343 Auarici
539 1277 721 1360 deperierat,
737 1278 888 1362 expletur.
927 1273 1050 1341 interim
1064 1274 1273 1352 Teutomatus,
1290 1269 1311 1339 5

157 1377 343 1447 θυοιὶωιιίε
358 1380 457 1456 lilius,
480 1396 539 1443 rex
551 1377 777 1464 Nitiobrigum,
794 1379 880 1443 cuius
895 1388 981 1463 peter
994 1378 1032 1442 ab
1046 1387 1154 1442 senatu
1169 1386 1276 1443 uestro

153 1482 269 1549 anius
288 1492 356 1549 erat
375 1481 559 1566 appellatus,
582 1502 650 1549 cum
669 1503 779 1566 magno
801 1481 934 1565 equitum
953 1501 1077 1547 suornm
1099 1496 1225 1544 numero
1244 1488 1277 1543 at

154 1603 230 1668 wne
243 1602 287 1651 ex
297 1583 462 1667 aquitania
477 1585 665 1651 conduxerat
678 1584 717 1651 ad
732 1605 798 1649 eum
814 1583 961 1669 peruenit.

239 1679 357 1757 Caute
369 1683 496 1751 Auarici
516 1688 685 1771 cumplures
707 1687 772 1753 dies
793 1696 994 1751 commoratus
1016 1704 1218 1767 summamque
1232 1680 1273 1747 ibi
1287 1680 1331 1753 32

98 1800 132 1852 te
152 1787 269 1875 capia·
284 1787 429 1855 banenti
443 1799 475 1854 et
487 1789 593 1873 reliqui
601 1800 784 1854 commeatus
795 1799 922 1853 mamus
931 1787 1100 1851 exercitum
1116 1806 1157 1849 ea
1171 1785 1274 1849 labore

153 1899 243 1974 atque
256 1889 360 1976 inopia
366 1890 485 1957 reiecit.
502 1888 567 1956 lam
582 1912 673 1976 prope
689 1892 786 1957 bieme
800 1893 936 1955 conlecta
951 1911 1018 1955 cum
1032 1889 1097 1972 ipsc
1113 1886 1184 1951 anni
1199 1885 1311 1953 tem-2

155 2011 229 2074 pore
242 1991 281 2057 ad
293 1993 456 2077 gerendum
477 1992 587 2059 bellum
610 2004 772 2058 uocaretur
793 2003 824 2057 et
847 1993 885 2057 ad
906 1991 1022 2057 huswm
1037 1988 1187 2076 proticisci
1202 2009 1275 2053 uan-

156 2092 326 2173 stituisset,
346 2094 413 2161 siue
433 2116 502 2160 eum
522 2116 564 2160 ex
578 2095 732 2179 paludibus
747 2095 894 2177 siluisque
909 2093 1020 2157 elicere
1036 2093 1103 2157 sinc
1118 2092 1274 2157 obsidione

155 2214 294 2279 premere
308 2208 428 2281 posset,
452 2198 543 2282 legati
558 2199 597 2263 ad
611 2219 679 2263 eum
694 2197 843 2282 principes
858 2193 1051 2259 Haeduorum
1067 2194 1192 2257 ueniunt
1206 2214 1275 2257 ora·

96 2308 133 2365 2⁰
155 2307 238 2377 wau,
262 2308 296 2363 at
316 2300 448 2364 maxime
470 2302 644 2366 necessario
666 2311 800 2384 tempore
822 2296 937 2362 ciuitati
958 2295 1134 2361 subueniatz
1158 2292 1309 2359 summ03

155 2418 226 2464 erae
247 2398 280 2465 in
300 2403 435 2486 periculo
448 2424 533 2481 rem,
556 2405 653 2486 quud,
675 2423 741 2467 cum
765 2399 876 2485 cinguli
898 2399 1089 2485 magistratus
1110 2395 1275 2481 antiquitus

154 2501 253 2567 oseam
266 2513 356 2587 atque
369 2505 484 2589 regiam
499 2516 678 2589 potestatem
693 2525 803 2569 annum
820 2502 957 2569 obtinere
972 2510 1189 2580 consuessent,
1217 2499 1275 2565 duo

152 2604 362 2688 magistratum
377 2617 487 2692 gerant
508 2618 540 2672 et
560 2629 594 2673 se
610 2618 734 2691 uterque
750 2628 852 2672 eorum
867 2604 983 2690 legibus
998 2615 1131 2671 creatum
1147 2624 1215 2672 esse
1229 2602 1274 2667 di·

153 2717 216 2771 cat.
244 2706 362 2773 florum
377 2727 446 2775 esse
461 2710 586 2775 alterum
603 2706 887 2787 Conuictolitauem,
905 2709 1061 2772 florentem
1076 2717 1108 2770 ct
1117 2707 1274 2771 inlustrem
1289 2702 1310 2767 4

97 2817 131 2873 rt
153 2809 396 2889 adulescentem,
424 2811 551 2876 alterum
566 2809 695 2890 Cotum,
720 2812 928 2896 antiquissima
943 2809 1054 2872 familia
1069 2818 1169 2871 natum
1186 2818 1275 2890 atque

152 2909 248 2995 ipsum
262 2912 412 2977 bominem
434 2935 569 2979 summae
591 2916 742 3001 potentiae
764 2927 794 2979 et
815 2934 942 2997 magnae
957 2909 1164 2995 cognationis,
1189 2908 1274 2972 cuius

152 3012 249 3077 stater
273 3012 450 3080 Valetiacus
472 3017 610 3102 proximo
632 3039 712 3081 anno
735 3017 862 3082 eundem
893 3014 1098 3097 magistratum
1130 3009 1272 3096 gesserit.

153 3176 225 3243 qui’,
239 3178 361 3245 patienda
374 3188 402 3231 et
414 3181 569 3247 perferenda
583 3181 764 3231 existimarent
775 3179 868 3230 bede.
983 3177 1000 3230 2
1013 3184 1091 3244 atque
1104 3190 1149 3226 aas
1162 3175 1187 3226 B
1200 3174 1275 3226 ‘rult-

152 3252 226 3320 μί’,
243 3264 321 3323 atque
333 3273 421 3310 earum
434 3261 564 3326 principes
579 3258 673 3309 lude.
825 3257 900 3307 donis
914 3255 1198 3324 pollicitationibusque
1210 3267 1227 3303 n
1237 3253 1274 3303 bc

153 3333 209 3399 de,
223 3335 297 3387 bonis
309 3337 543 3404 pollicitationibus
555 3338 580 3388 B
594 3335 729 3402 ‘reliqui'.
835 3335 849 3386 b
864 3335 987 3385 allicebat
998 3335 1033 3384 A.
1147 3329 1273 3394 diligebat

155 3411 190 3463 G.
313 3414 438 3480 despero
450 3416 484 3477 A,
499 3414 557 3480 capi
570 3428 626 3476 cu,¹
641 3428 693 3464 orn.
708 3413 732 3464 B
746 3413 852 3462 ‘nouem
865 3426 901 3460 ear
913 3411 988 3461 msir'
1000 3415 1029 3461 et
1040 3414 1067 3460 r‘n
1080 3411 1116 3458 iia
1131 3407 1163 3457 C.

153 3488 326 3555 belugeraat
338 3495 363 3543 b.
469 3494 484 3546 d
496 3494 645 3544 deminutae
659 3491 891 3555 tcd,.diminutne
903 3490 927 3542 Β
941 3488 1077 3554 ‘reliqut’.
1177 3481 1193 3537 l
1205 3483 1274 3536 dien

152 3576 281 3622 eteaatre
293 3572 328 3623 A.
442 3573 580 3637 bmagnua
591 3573 627 3623 A.
748 3561 1274 3629 bnnmcrusinGalliuBetreliqut',ia

151 3647 239 3701 Gallia
252 3665 374 3702 numerus
388 3650 459 3716 lt(e).
566 3651 598 3701 10
612 3649 780 3701 Teutomatus
793 3645 856 3713 (B),
871 3645 1042 3697 Teutomatus
1056 3645 1089 3704 Ο,
1102 3641 1272 3694 Toutomotur

151 3727 178 3778 A
186 3725 247 3776 tce
253 3742 276 3777 e.
411 3728 440 3779 tt
456 3727 629 3778 Sollcnieonis
642 3727 677 3789 Β,
691 3725 851 3777 Allcuieouir
865 3723 936 3774 bcd.
1061 3719 1238 3784 Nitiobrogum
1250 3719 1274 3770 Β

154 3804 227 3854 ‘trram
239 3804 384 3869 plerique’.
490 3806 520 3857 ll
532 3805 638 3856 Auarici
652 3822 666 3855 e
679 3809 714 3867 et,
730 3808 761 3854 ut
768 3809 849 3869 puto,
864 3818 889 3865 a,
904 3806 933 3853 r'n
946 3816 998 3867 quo
1013 3801 1192 3851 Aeduintrt'us
1203 3799 1274 3852 ann-

151 3881 207 3933 riec
222 3882 279 3947 legi
291 3883 394 3946 truditq
408 3883 520 3934 Auarico
529 3885 586 3935 AB
596 3885 618 3935 0
626 3885 661 3935 Β.
769 3884 800 3935 15
813 3888 906 3933 cautus
915 3882 948 3945 A,
964 3886 1056 3932 nactus
1068 3879 1180 3945 reliqui.

152 3958 327 4011 idreflcitA.
435 3961 676 4012 llinstituiasetA.
783 3957 1003 4025 tuprncnerelt.
1108 3956 1271 4008 ueneruatb.

258 4037 293 4092 2⁰
305 4038 458 4089 subueniret
471 4038 496 4089 b.
618 4038 652 4093 22
665 4051 776 4087 annuam
790 4038 835 4088 be.
955 4038 988 4088 tt
1003 4034 1237 4088 Conuictolitauem
1249 4035 1274 4088 Β

153 4112 247 4178 (Μ’,
262 4113 490 4166 Conuictolitauim
505 4116 529 4178 b,
544 4115 768 4168 Conuittolitatem
780 4129 810 4178 e,·
824 4113 1059 4166 Conuictolitauem
1073 4131 1101 4166 u.
1206 4111 1273 4163 inlu·

150 4201 230 4245 utrem
237 4195 272 4246 Β.
394 4195 428 4249 25
441 4195 633 4247 adulescentem
647 4195 672 4246 A
682 4195 704 4245 C
711 4195 746 4257 Β,
761 4193 948 4245 aduliscentcm
960 4194 993 4245 Β.
1130 4191 1232 4241 Cottum
1247 4190 1271 4239 t.

259 4273 292 4330 tt
306 4271 458 4326 Valetiacus
470 4273 494 4325 B
500 4273 582 4338 Ded,
598 4273 709 4325 ultiacus
723 4288 752 4334 e,-
767 4269 925 4325 ‘Valetiatus
938 4272 984 4324 uel
996 4270 1148 4323 Valesiatns
1160 4270 1186 4321 A
1197 4269 1219 4320 C
1232 4265 1269 4317 b’.
