2692 4688
73 204 138 274 aad
467 198 525 267 DE
547 197 691 267 utente
714 194 907 266 caturco

129 387 240 460 quanto
256 376 285 440 id
301 397 369 440 cum
385 374 515 460 periculo
530 375 648 452 lecerit,
666 384 698 438 et
711 374 748 436 ob
764 393 969 450 eameansam,
987 374 1132 457 quamdiu
1144 384 1250 458 potue·

72 478 117 549 18
132 479 188 558 rit,
214 479 352 544 tacuisse.
392 473 509 542 Caesar
525 479 578 541 bac
593 479 730 541 oratione
744 475 830 541 Lisci
845 474 1081 561 Dumnorigem,
1105 473 1249 541 Diuitiaci

129 584 263 657 fratrem,
281 582 433 665 designari
448 581 614 658 sentiebat,
638 581 710 658 sed,
735 579 810 662 qnod
826 579 957 662 pluribus
973 579 1181 661 praesentibus
1196 600 1250 644 eas

129 702 180 747 res
201 684 307 747 iactari
331 684 469 761 nolebat,
494 683 632 747 celeriter
647 683 804 746 concilium
821 681 957 760 dimittit,
983 678 1108 746 Liscum
1124 683 1247 748 retinet.

81 784 114 859 ,2
130 782 258 867 Quaerit
281 807 322 850 ex
342 787 407 851 solo
430 806 484 864 ea,
514 786 642 869 quaein
670 796 820 849 conuentu
843 785 973 849 dixerat.
1018 781 1101 848 Dicit
1121 783 1248 851 liberius
1269 800 1285 850 5

134 888 385 971 atqueaudacius.
407 888 521 953 Eadem
536 899 656 953 secreto
671 888 709 952 ab
724 888 791 951 aliis
808 887 942 970 qnaerit3
961 888 1151 969 reperitesse
1161 909 1246 954 ueras

92 984 228 1077 dlpsum
250 1008 319 1055 esse
340 989 574 1076 Dumnorigem,
599 1012 710 1054 summa
734 991 875 1067 audacia,
901 1010 1010 1072 magna
1031 990 1109 1071 apud
1131 990 1249 1075 plebem

128 1103 248 1177 propter
262 1092 471 1157 liberalitatem
486 1094 596 1178 gratia,
620 1095 756 1176 cupidum
772 1112 871 1157 rernm
886 1112 1043 1156 nouarum.
1076 1088 1250 1177 Complun's

127 1218 222 1261 annos
239 1196 370 1281 portoria
386 1196 557 1280 reliquaque
573 1195 672 1259 omnia
687 1194 880 1259 Haeduorum
897 1194 1056 1279 uectigalia
1071 1216 1165 1279 paruo
1180 1217 1250 1281 pre·

127 1299 170 1362 tio
185 1299 337 1383 redempta
354 1299 474 1379 babere,
492 1300 737 1385 propterenqnod
751 1298 802 1362 illo
813 1296 922 1361 licente
929 1311 1035 1363 contra
1046 1299 1130 1363 liceri
1139 1299 1252 1363 audeat
1274 1310 1307 1364 m

90 1400 226 1465 duemo.
259 1398 316 1463 llis
332 1402 422 1464 robus
438 1412 469 1465 et
484 1422 566 1465 suam
582 1424 647 1466 reru
662 1401 837 1466 familiarem
853 1403 977 1466 auxisse
992 1413 1023 1466 et
1036 1401 1196 1467 facultates
1208 1403 1250 1467 ad

91 1499 310 1587 51urgiendum
327 1522 450 1587 magnas
465 1524 672 1586 comparasse3
701 1525 840 1589 magnum
856 1525 1010 1569 numerum
1025 1506 1176 1589 equitatus
1190 1525 1249 1569 suo

91 1601 113 1666 6
127 1615 246 1687 sumptu
262 1625 380 1688 semper
395 1604 476 1669 alere
492 1617 523 1669 et
538 1606 648 1669 circum
665 1626 698 1670 se
714 1607 836 1680 babere,
854 1628 953 1691 neque
967 1610 1064 1673 solum
1079 1607 1172 1685 domi,
1188 1607 1243 1671 sed

127 1706 216 1769 etiam
232 1708 310 1790 apud
325 1708 466 1771 finitimas
482 1709 621 1772 ciuitates
637 1709 762 1792 largiter
783 1730 871 1792 posse
886 1721 976 1792 atque
991 1711 1079 1775 buius
1094 1709 1249 1794 potentiae

126 1829 218 1873 causa
241 1819 365 1875 matrem
387 1811 417 1874 in
434 1809 623 1895 Biturigibus
638 1812 750 1879 homini
772 1812 834 1877 illic
850 1813 1036 1877 nobilissimo
1051 1834 1086 1877 ac
1100 1812 1251 1897 potentis·
1273 1822 1304 1875 tt

89 1910 202 1976 lsimo
218 1913 400 1992 collocasse,
417 1914 512 1996 ipsum
533 1934 574 1978 ex
589 1914 739 1979 Heluetiis
754 1936 881 1980 uxorem
899 1917 1027 1994 babere,
1052 1935 1191 1980 sororem
1205 1934 1249 1979 ex

89 2012 111 2079 8
126 2025 222 2078 matre
238 2025 268 2079 et
282 2016 461 2101 propinquas
478 2038 550 2082 sues
566 2029 688 2102 nuptum
704 2019 735 2083 iu
751 2019 826 2083 alias
842 2020 981 2083 ciuitates
990 2020 1168 2083 collocasse.
1185 2014 1248 2083 Fa-

124 2136 198 2181 uere
213 2129 245 2182 et
259 2140 368 2205 cupere
384 2119 532 2184 lleluetiis
549 2132 670 2205 propter
686 2143 750 2186 eam
766 2123 959 2200 adfinitatem,
978 2123 1078 2187 odisse
1090 2121 1249 2185 etismsno

126 2223 246 2289 nomine
262 2221 424 2291 Caesarem
441 2234 471 2287 et
486 2222 653 2302 Romanos,
670 2227 748 2309 qnod
764 2246 866 2289 eorum
882 2226 1014 2290 aduentu
1029 2224 1164 2307 potentia
1179 2224 1247 2287 mus

126 2328 297 2408 deminuta,
324 2340 354 2394 et
376 2326 543 2390 Diuitiacus
566 2330 661 2391 frater
678 2329 711 2391 in
733 2328 885 2410 antiquum
907 2328 1003 2391 locum
1026 2326 1144 2412 gratiae
1158 2337 1250 2410 atque
1270 2336 1304 2388 tt

88 2427 248 2494 Dbonoris
264 2432 303 2494 sit
319 2431 487 2493 restitutus.
516 2427 551 2493 si
567 2431 635 2513 quid
652 2431 767 2493 accidat
781 2430 940 2509 Romanis,
958 2450 1102 2493 summam
1116 2428 1148 2492 in
1162 2450 1247 2514 spem

125 2551 178 2616 per
193 2531 349 2596 llelnetios
365 2534 451 2615 regui
467 2532 620 2596 obtinendi
638 2535 763 2613 uenire,
781 2534 906 2617 imperio
923 2533 1022 2618 populi
1038 2531 1167 2595 Romani
1183 2553 1246 2595 non

124 2633 213 2697 modo
228 2636 264 2697 de
279 2652 393 2717 regno,
411 2635 464 2698 sed
480 2635 568 2698 etiam
584 2635 620 2698 de
637 2656 689 2712 ea,
707 2656 794 2718 quam
812 2636 938 2714 babeat,
955 2635 1052 2721 gratia
1069 2636 1242 2720 desperare.

69 2730 113 2801 10
124 2733 309 2820 Reperiebat
332 2737 421 2801 etiarn
444 2738 475 2800 in
497 2739 670 2819 quaerendo
692 2734 826 2817 Cacsar,
852 2740 929 2821 quod
946 2739 1090 2822 proelium
1106 2747 1247 2823 equestre

126 2840 285 2905 aduersum
301 2840 403 2926 paucis
419 2849 489 2904 ante
504 2841 608 2903 diebus
624 2850 707 2904 esset
721 2843 849 2918 lactum,
874 2842 991 2905 initium
1013 2842 1078 2905 cius
1099 2842 1187 2925 fugae
1202 2840 1248 2905 fa·
1268 2849 1304 2903 25

124 2954 204 3009 ctnm
227 2965 245 3009 a
267 2942 453 3026 Dumnorige
474 2952 563 3024 atque
578 2943 643 3007 eius
659 2943 906 3026 equitibusqnan
923 2946 1081 3026 equitatui,
1103 2962 1191 3027 mem
1206 2961 1261 3006 su·

123 3048 199 3113 xilio
213 3044 340 3117 Caesari
356 3044 474 3110 llaedui
488 3046 645 3123 miserant,
670 3044 840 3110 Dumnorix
856 3054 1029 3131 praeerat)=
1054 3066 1157 3110 eorum
1173 3046 1247 3131 luga

66 3146 111 3227 lt
125 3150 271 3237 reliquum
287 3171 354 3215 esse
370 3149 535 3233 equitatum
551 3149 755 3234 perterritum.
781 3146 898 3231 Quibus
914 3149 1004 3212 rebus
1020 3148 1162 3232 cognitis,
1179 3168 1246 3211 eum

123 3252 161 3317 sd
176 3254 231 3316 bas
246 3253 431 3336 suspiciones
446 3252 633 3316 certissimae
648 3273 697 3317 res
713 3254 909 3330 accederent,
933 3253 1010 3334 quod
1027 3270 1081 3335 per
1096 3251 1171 3314 lines
1186 3244 1246 3313 se-

124 3374 291 3439 quanorum
314 3350 474 3418 Heluetios
495 3355 697 3435 traduxisset,
722 3356 801 3438 quod
822 3355 944 3420 obsides
965 3355 1114 3418 intereos
1129 3351 1246 3417 dandos
1268 3361 1305 3417 tt

233 3580 370 3631 lta-artari
385 3581 409 3630 b.
516 3579 742 3645 baseloquaeb.
853 3578 1035 3645 dropperita.
1145 3576 1247 3627 beon-

124 3655 206 3723 plnris
222 3656 296 3709 ‘msa
311 3657 360 3720 lll’,
375 3658 519 3724 complures
532 3659 589 3722 (ul3
609 3655 781 3721 compluribus
794 3658 870 3708 annis
884 3658 908 3707 b.
1026 3656 1202 3709 tttetnmun
1215 3670 1246 3706 a.

232 3734 265 3785 ld
277 3733 323 3785 illc
337 3732 439 3785 dloente
454 3736 528 3784 ‘mss
539 3732 673 3800 pleriqus’
685 3733 731 3797 as.
853 3734 928 3784 liceri
942 3734 1038 3796 Aldrs;
1053 3734 1132 3783 licere
1144 3730 1245 3796 Aba,

123 3808 211 3869 elicere
224 3810 318 3862 ‘tidem
330 3812 415 3875 ωε),
428 3814 478 3876 qur·
489 3811 602 3874 dicente,
616 3812 662 3876 cs.
773 3809 803 3861 15
818 3808 980 3874 Vlturlgibns
995 3816 1069 3860 ‘mem
1081 3808 1215 3875 plerr‘qrre’
1227 3824 1257 3859 a.

232 3902 263 3939 ac
276 3890 456 3956 potentissimo
469 3905 522 3940 om.
537 3904 554 3938 a
568 3889 642 3940 ‘msa
656 3888 691 3941 l’.
827 3889 857 3939 ld
870 3890 1030 3941 adfinitatem
1044 3889 1123 3955 Ars.

124 3965 203 4014 etlam
217 3980 321 4017 suornm
335 3984 352 4017 a
366 3974 431 4018 ants
442 3981 515 4017 eurr.
528 3973 555 4018 et
570 3968 593 4017 b.
699 3967 732 4021 23
751 3965 865 4018 babebat
883 3983 900 4017 o
914 3970 988 4019 ‘mem
1002 3965 1133 4033 quidcru'.

121 4042 156 4095 tt
169 4042 370 4107 repperietnta.
486 4043 512 4091 in
533 4043 681 4107 quaerendo
702 4043 776 4093 ‘mss
797 4049 903 4096 ueteres
922 4042 1249 4095 marltr'etuetustr’sss'nt'

124 4121 181 4172 Aa
193 4127 222 4172 et
233 4137 269 4171 m.
283 4126 357 4171 reo?
371 4122 411 4184 0,·
430 4120 583 4187 inquirendo
604 4137 622 4170 α
630 4123 656 4187 s
668 4127 696 4173 el
714 4136 750 4173 m.
761 4128 827 4186 pm?
843 4125 874 4174 C.
998 4124 1030 4173 25
1052 4129 1125 4172 esset
1140 4136 1194 4172 om.
1211 4122 1246 4172 C.

232 4201 265 4252 ‘tt
279 4200 396 4266 equitatu
410 4216 427 4251 u
441 4205 537 4251 sonmo
550 4200 627 4251 codd.
752 4202 785 4253 tr
799 4200 882 4252 lledui
895 4219 921 4252 a,
1045 4204 1080 4253 'ld
1100 4202 1246 4266 equitatum

125 4280 224 4332 esseb.
