2692 4688
507 152 807 219 „gg-

92 329 207 394 initium
223 325 294 390 belli
308 344 376 389 esse
391 323 527 407 ortum'),
547 324 721 409 ‘principem
737 327 861 390 sceleris
871 325 952 390 illius
961 337 991 389 et
1002 326 1215 395 concitatorem

93 433 165 497 belli
188 428 386 495 Gutruatum'
416 428 453 491 ad
477 427 652 512 supplicium
674 423 840 492 Caesarem
864 430 1072 514 depoposcisse
1101 435 1214 497 refert:

92 535 230 617 idemque
245 552 354 594 nomen
369 529 480 593 iterum
495 530 581 612 paulo
597 539 666 612 post
678 529 821 613 scriptum
837 543 896 596 est.
930 531 1004 596 Non
1024 544 1143 617 poterat
1162 556 1217 598 au·

92 646 152 701 tem
168 635 252 712 lieri,
277 644 311 696 ut
332 645 383 696 aut
406 629 526 695 Hirtius
547 630 578 695 iu
600 632 720 696 nomine
743 633 871 697 bominis
886 648 1016 715 erraret,
1033 646 1086 698 aut
1100 631 1218 701 Caesar

92 760 177 811 eum,
201 737 250 820 qni
273 735 443 799 concitator
463 733 532 797 belli
555 743 586 797 ct
600 745 706 797 auctor
722 735 849 811 luisset,
873 747 1000 800 taceret.
1034 735 1077 801 Et
1099 738 1216 804 etiamsi

93 842 148 904 boc
171 839 404 913 concluderemus
419 847 451 900 et
480 836 526 899 sic
555 846 689 901 statuere
712 838 868 916 aebemus,
894 836 1076 903 Gntroatnm
1098 841 1215 923 quidem

92 952 244 1007 auctorem
268 937 441 1003 rebellionis
464 938 578 1017 luisse,
603 933 766 1003 Cotuatum
789 950 888 1005 autem
910 951 942 1005 et
963 937 1215 1007 Couetodunuum

90 1043 201 1128 primos
216 1063 301 1105 arma
316 1041 450 1124 cepisse,
474 1060 513 1105 ue
535 1041 591 1104 boc
607 1041 725 1127 quidem
740 1040 834 1107 Hirtii
856 1044 948 1108 uerba
968 1045 1144 1127 patiuntur,
1164 1045 1214 1129 qui

91 1142 269 1210 Gutrnatnm
286 1143 449 1228 principem
465 1143 590 1207 sceleris
605 1143 685 1208 illins
700 1144 840 1228 appellat.
871 1142 976 1229 ltaque
991 1157 1074 1211 recte
1089 1143 1215 1211 Ciacco·

90 1247 163 1320 nius
178 1244 346 1311 etVossius
364 1245 504 1309 uidentur
518 1244 663 1310 statuisse
671 1241 835 1309 Cotuatum
851 1257 881 1311 et
891 1244 1071 1312 Gntruatum
1087 1251 1213 1314 eundem

90 1349 237 1413 bominem
261 1370 330 1411 csse
350 1367 517 1431 nomenque
540 1349 635 1412 altero
657 1359 726 1412 utro
746 1348 813 1413 luco
834 1348 998 1413 alibrariis
1019 1370 1089 1414 esse
1110 1372 1214 1416 corru-

90 1461 183 1535 ptum.
204 1449 306 1533 Atque
321 1448 392 1512 mibi
407 1461 438 1512 ct
452 1449 568 1534 plenior
582 1449 711 1513 nominis
726 1451 823 1513 forma
838 1460 880 1524 et,
897 1451 975 1534 quod
990 1453 1065 1535 apud
1081 1451 1214 1517 Hirtium

89 1550 136 1616 bis
160 1551 285 1637 legitur,
310 1551 471 1636 persuadet
492 1550 651 1615 numenei
671 1549 784 1614 bomini
805 1551 900 1615 luisse
922 1549 1083 1616 Gutruato.
1123 1549 1213 1635 Quod

90 1667 189 1719 autem
213 1650 449 1718 Couetoduunus
470 1654 509 1717 ab
522 1650 623 1717 Hirtio
639 1674 699 1718 uon
715 1665 974 1731 commemoratur,
992 1655 1108 1719 lacilcm
1124 1655 1215 1720 babet

89 1755 332 1842 explicationem,
350 1765 382 1818 ut
397 1776 464 1818 eum
478 1765 531 1821 aut
544 1755 576 1819 iu
591 1754 669 1820 bello
685 1754 832 1819 occidisse
847 1765 899 1818 aut
912 1757 983 1839 luga
997 1757 1128 1841 elapsum
1144 1777 1214 1822 esse

90 1870 266 1924 statuamus.

94 2015 101 2027 .
174 1958 213 2026 C.
230 1961 263 2040 l,
280 1961 301 2026 2
320 1963 440 2026 restitui
461 1963 595 2027 codicum
616 1965 794 2048 scripturam
825 1957 969 2048 ‘Cognito
1001 1961 1065 2026 eius
1087 1963 1213 2027 consiliu

89 2065 126 2129 ad
148 2085 232 2128 arma
252 2064 455 2129 concurritur.
495 2063 675 2130 Prohibetur
697 2064 733 2128 ab
756 2062 999 2143 Gobannitione,
1022 2076 1127 2147 patruo
1142 2086 1211 2144 suo,

87 2166 267 2250 reliquisque
283 2167 478 2252 principibus,
495 2169 545 2252 qui
562 2168 637 2231 banc
654 2168 854 2251 temptandam
871 2168 1018 2231 fortunam
1031 2189 1091 2231 uon
1103 2168 1211 2233 existi·

87 2269 225 2348 mebant,
249 2270 414 2354 expellitur
433 2291 474 2333 ex
496 2270 602 2353 oppido
626 2266 802 2352 Gerguniu’.
848 2266 981 2333 Verbum
1010 2268 1212 2352 ‘prohibetur'

84 2371 181 2436 Aldus
204 2372 294 2435 eiecit
314 2373 448 2435 codicem
471 2382 593 2434 secutus
614 2370 728 2433 Audiui
751 2381 780 2433 et
803 2366 989 2434 Oxonieusis
1009 2370 1155 2447 similem,
1181 2372 1213 2437 iu

87 2474 194 2556 quibus
209 2495 270 2536 nou
286 2473 408 2555 legitur.
432 2472 529 2536 llectc
545 2470 691 2536 Dauisius
706 2471 880 2535 reduxerat.
904 2470 983 2536 Nam
1000 2473 1076 2555 quod
1090 2470 1212 2538 0ndeu·

87 2575 191 2657 dorpio
206 2575 274 2637 idco
291 2573 445 2636 delendum
463 2574 559 2636 nisum
575 2583 640 2651 est,
665 2573 742 2656 quod
758 2574 909 2656 prohiberi
923 2574 1030 2657 aliquis
1045 2595 1064 2637 a
1078 2570 1214 2640 Caesare

87 2698 147 2739 non
163 2677 314 2740 diceretur
329 2675 388 2739 uisi
403 2675 520 2739 adiecta
534 2695 580 2751 re,
598 2696 687 2758 aqua
703 2676 868 2758 prohibitus
884 2687 975 2748 essct.
992 2676 1039 2741 hia
1053 2676 1128 2744 locis
1143 2680 1212 2743 red·

86 2778 238 2862 arguitur:
261 2778 292 2840 b.
318 2775 399 2842 Gall.
422 2774 450 2855 l,
466 2776 499 2856 li,
518 2779 548 2842 l.
568 2774 625 2856 lll,
642 2775 675 2856 6,
693 2779 725 2842 3.
744 2777 784 2857 V,
801 2777 835 2858 ll,
852 2778 882 2843 3.
897 2779 928 2841 b.
946 2779 1005 2842 cin.
1024 2776 1051 2858 l,
1067 2776 1110 2843 66
1126 2790 1208 2847 extr.

86 2877 145 2958 Ill,
161 2880 203 2947 23
219 2892 298 2945 extr.
312 2880 368 2960 25,
385 2879 419 2942 2.

147 3012 150 3017 ·
169 2981 209 3050 C.
221 2985 262 3048 12
276 2986 319 3049 iu.
336 2985 367 3049 iu
382 2985 508 3070 integris
524 2985 610 3048 codd.
622 2984 695 3049 baec
710 2986 869 3068 leguntur:
882 2983 1141 3068 ‘Vercingetorix‚
1160 2985 1212 3050 ubi

85 3088 121 3151 de
137 3083 280 3153 Caesaris
296 3090 428 3154 aduentu
444 3088 597 3172 cognouit,
620 3089 840 3173 oppugnatione
856 3088 971 3152 destitit
985 3099 1074 3170 atque
1089 3086 1209 3151 obuiam

85 3186 211 3254 Caesari
235 3192 444 3273 proficiscitur.
482 3189 537 3256 llle
558 3192 696 3276 oppidum
718 3211 889 3275 oppugnare
916 3189 1109 3254 instituerat’.
1149 3185 1211 3253 Sed

85 3291 159 3356 baec
181 3312 287 3357 manca
310 3313 377 3355 esse
398 3314 438 3357 cx
459 3294 496 3357 iis
520 3304 661 3378 apparet,
684 3315 759 3377 qnae
774 3292 861 3357 initio
877 3314 905 3355 c.
924 3291 965 3355 ld
984 3291 1096 3375 scripta
1117 3300 1208 3355 sunt:

87 3391 337 3477 ‘Vercingetorix
361 3404 405 3456 tot
427 3394 577 3458 coutinuis
599 3395 794 3459 incommodis
810 3391 1051 3470 Vellaunoduni,
1076 3389 1207 3470 Geuabi,

85 3494 259 3558 Nouioduni
275 3495 428 3579 acceptis’.
452 3493 532 3559 Nam
540 3494 753 3560 Nouiodunum
770 3508 801 3561 ct
814 3497 977 3561 secundum
994 3496 1067 3560 baec
1082 3512 1209 3559 necesse

84 3607 150 3660 crat
172 3606 262 3660 auten
284 3599 511 3660 commemorari
535 3620 631 3681 neque
654 3611 772 3683 poterat
793 3599 851 3662 alio
874 3600 940 3662 loco
964 3599 1022 3662 uisi
1042 3617 1091 3675 eo,
1119 3616 1208 3679 quem

84 3720 175 3783 supra
197 3699 295 3782 posui.
334 3699 435 3787 Atque
458 3699 497 3762 ibi
521 3699 627 3764 lacuna
647 3702 833 3785 integrorum
857 3702 942 3765 codd.
962 3722 1002 3764 ex
1017 3700 1207 3783 interpolatis

82 3800 128 3864 sic
149 3801 307 3884 expletur:
333 3798 402 3864 ‘llle
424 3802 560 3886 oppidum
583 3800 754 3886 biturigum
777 3804 904 3886 positum
925 3804 957 3867 in
978 3803 1026 3867 uia
1049 3801 1208 3869 Nouiodu-

83 3925 153 3967 num
168 3924 340 3989 oppugnare
354 3903 552 3981 instituerat’,
574 3925 649 3986 quae
671 3906 731 3969 sia
752 3901 887 3971 Caesare
908 3906 1020 3990 scripta
1043 3906 1206 3985 credimus,

83 4026 195 4078 cansa,
224 4026 281 4069 cur
304 4007 336 4070 in
365 4005 491 4089 integris
521 4007 608 4071 codd.
638 4008 809 4073 aberratum
831 4009 889 4088 sit,
921 4023 1054 4093 apparet.
1090 4008 1207 4075 Verum

82 4106 323 4193 Oudendorpiua,
341 4130 409 4173 cum
424 4130 452 4173 c.
463 4107 504 4173 55
514 4109 575 4175 bui.
593 4110 662 4175 libri
677 4112 752 4175 baec
766 4110 957 4196 legerenturt
978 4105 1207 4176 ‘Nouiodunum

82 4222 148 4277 erat
169 4211 307 4297 oppidum
329 4211 520 4278 Haeduorum
541 4212 578 4279 ad
600 4213 681 4300 ripas
703 4212 824 4300 Ligeris
847 4226 1015 4301 opportuno
1035 4213 1102 4277 loco
1125 4213 1206 4295 posi-
