2692 4688
544 176 864 243 ...298-

136 365 225 441 cepta
246 353 297 438 qui
319 372 360 419 ex
382 351 430 417 bis
450 350 572 436 proeliis
587 371 655 415 oum
670 349 863 415 adolescente
878 343 939 412 Cn.
956 343 1097 431 Pompeio
1112 349 1264 435 prologis·

135 451 957 539 sent‚onmetulteriorisHispaniaepotitusesset‚dnm
965 445 1264 518 Caesarmuneribus

136 559 240 624 dandis
256 558 287 621 in
297 554 385 622 ltalia
399 556 563 633 detinetur,
580 575 639 639 quo
655 553 773 619 facilius
789 552 938 637 praesidia
952 561 1059 615 conus
1073 564 1264 637 compararat

135 657 307 744 Pompeius,
324 660 355 722 in
371 658 456 725 fldem
473 658 705 741 uniuscuiusque
721 655 851 719 ciuitatis
867 654 1031 738 confugere
1047 654 1168 739 coepit'.
1199 654 1262 722 Hic

136 762 265 846 primum
280 758 459 827 Pharnacen
473 769 646 844 superatum
661 758 750 842 plane
763 760 864 841 inepte
879 758 1119 835 commemorari,
1143 778 1212 823 curn
1226 778 1265 825 es

135 882 187 928 res
202 862 277 928 nibil
291 863 412 927 omnino
428 862 464 926 ad
479 881 528 939 ea,
545 880 623 944 quae
638 859 779 942 deinceps
787 860 972 937 referuntur,
989 859 1150 942 pertineat,
1165 880 1265 944 neque

135 966 210 1031 alios
226 966 301 1048 rogia
316 983 413 1047 nequo
428 984 509 1038 eum,
526 962 575 1045 qui
589 958 715 1024 inLeid.
726 980 772 1043 pr.
786 961 908 1045 scripsit
925 955 1079 1044 ‘Scipione
1095 964 1262 1045 snperato’.

134 1067 228 1151 Atqui
250 1088 301 1131 res
322 1065 354 1130 in
369 1063 517 1149 Hispania
540 1073 642 1146 gestas
664 1060 781 1125 Hirtius
795 1063 826 1126 b.
846 1062 939 1127 Alex.
962 1085 989 1127 o.
1007 1061 1050 1128 48
1065 1082 1153 1129 orsus
1167 1085 1186 1128 a
1201 1065 1265 1130 dis·

136 1190 225 1233 cessu
240 1190 281 1234 ex
295 1166 444 1254 Hispania
458 1160 603 1232 Caesaris
618 1165 708 1229 uictis
722 1162 852 1229 Afranio
865 1162 1049 1248 Petreioque
1065 1161 1263 1248 etVarrons,

135 1290 194 1354 quo
210 1270 276 1335 loco
291 1266 408 1335 Caesar
421 1268 451 1333 b.
470 1268 530 1334 eiu.
546 1268 589 1349 ΙΙ,
604 1270 646 1336 21
663 1290 713 1334 res
728 1267 947 1353 Hispanienses
962 1270 1136 1350 reliquerat,
1153 1289 1265 1336 narre-

136 1374 290 1455 uitasque
305 1373 343 1436 ad
358 1370 517 1435 aduentum
533 1369 739 1436 C.'l'rebonii.
762 1369 794 1436 Is
809 1380 922 1448 auum,
940 1391 1007 1433 cnm
1022 1390 1102 1435 anno
1117 1368 1161 1435 48
1174 1392 1265 1455 prae·

137 1484 187 1536 tor
208 1473 340 1537 urbanus
362 1472 470 1535 luisset
492 1468 606 1552 (Caes.
624 1473 654 1536 b.
672 1475 734 1538 eiu.
751 1470 807 1551 ΙΙΙ,
824 1470 894 1554 20),
919 1492 998 1536 anno
1021 1472 1063 1536 47
1086 1468 1128 1554 Q.
1151 1468 1265 1539 Cassio

137 1573 278 1658 Longino
292 1574 325 1637 in
339 1572 483 1636 ulteriore
497 1574 653 1657 prouincia
668 1575 832 1639 successit=
851 1574 1106 1656 eodemqueanno
1120 1584 1153 1638 et
1164 1570 1266 1641 Pbsr·

138 1695 230 1739 neces
246 1675 344 1739 uictus
359 1685 417 1753 est,
435 1684 465 1738 ct
481 1671 598 1741 Caesar
613 1673 782 1761 Septembri
797 1677 846 1740 uel
861 1673 988 1740 Octobri
1008 1696 1113 1741 mense
1133 1674 1266 1743 Romam

137 1777 228 1840 rediit
241 1772 468 1852 (Cic.adFam.
479 1775 570 1856 xlv,
586 1776 630 1842 22
645 1790 676 1842 et
689 1779 743 1857 23,
761 1780 798 1843 ad
813 1777 880 1841 Arc.
891 1774 951 1856 xl,
967 1776 1020 1841 20.
1038 1776 1092 1857 2Ι,
1109 1776 1157 1861 2).
1175 1776 1265 1843 Haec

138 1878 339 1943 consideranti
357 1900 416 1941 una
436 1880 513 1943 ratio
528 1882 701 1964 apparebit,
726 1901 785 1964 qua
797 1879 883 1944 initio
899 1880 1104 1944 commentarii
1127 1881 1164 1945 de
1183 1880 1265 1947 bello

138 1978 333 2063 Hispaniensi
348 1992 416 2064 apte
430 1978 604 2047 Pharnaces
619 1983 846 2047 commemorari
862 1982 1003 2064 potnerit.
1026 1979 1178 2046 Nimirum
1193 1992 1265 2067 poet

137 2082 230 2144 uerba
248 2078 416 2146 ‘Pharnace
432 2085 581 2166 superato'
590 2086 733 2168 quaedam
749 2085 899 2148 excidisse
915 2084 1104 2148 statuendum
1120 2094 1180 2161 est,
1198 2084 1264 2168 qui·

137 2182 193 2247 bus
209 2183 417 2249 deelarauerat
431 2186 578 2269 scriptor,
596 2186 666 2269 quid
682 2182 812 2264 Caesar,
830 2206 895 2248 cuni
911 2205 953 2248 ex
967 2184 1043 2248 Asia
1057 2184 1208 2264 redisset,
1225 2186 1263 2251 de

137 2284 283 2370 Hispania
303 2288 526 2364 constituisset,
556 2308 693 2371 quaeque
720 2288 762 2350 ibi
791 2306 840 2350 res
861 2288 1014 2369 usquead
1037 2288 1209 2351 conlectum
1230 2287 1263 2351 in

136 2385 242 2450 Al'rica
266 2387 373 2451 bellum
396 2388 587 2453 accidissent.
618 2388 682 2452 Has
705 2410 756 2453 res
779 2389 896 2473 plenius
918 2388 1042 2470 reliquis
1064 2387 1262 2473 scriptoribus

137 2488 274 2551 narrauit
295 2484 422 2552 Cassius
439 2487 498 2553 Dio
512 2487 638 2568 XLlll,
661 2489 724 2555 stt:
748 2502 853 2555 auctor
873 2489 944 2554 belli
958 2489 1169 2574 Hispaniensis
1188 2490 1262 2553 item

136 2601 169 2653 ut
190 2610 240 2653 res
262 2600 330 2673 post
343 2589 479 2655 Africam
503 2603 655 2677 receptam
678 2614 773 2675 usque
795 2593 832 2655 ad
854 2592 1015 2657 aduentum
1037 2592 1069 2655 in
1085 2589 1261 2675 Hispaniam

137 2688 281 2755 Caesaris
296 2704 398 2776 gestas
413 2693 546 2758 breuiter
561 2705 593 2758 et
613 2694 779 2758 summatim
800 2693 1032 2777 significauerat.
1063 2691 1180 2759 Verum
1201 2713 1263 2759 non

136 2792 258 2856 saniora
281 2803 369 2870 sunt,
394 2814 469 2877 quae
491 2795 583 2859 uerba
600 2796 724 2860 ‘Africa
740 2795 875 2880 recepta'
893 2794 1059 2880 excipiunt.
1090 2792 1171 2859 Nam
1193 2816 1261 2863 curs

137 2892 244 2958 Gnaeo
259 2892 422 2978 Pompeio,
445 2895 494 2979 qui
517 2897 574 2959 iam
596 2897 681 2960 initio
703 2897 774 2961 belli
788 2896 925 2960 Africani
943 2897 974 2960 in
989 2896 1101 2960 insulas
1115 2882 1262 2965 Baleares

134 2996 286 3077 proiectus
301 3008 369 3059 erat
385 2997 429 3077 (b.
440 2997 509 3061 un.
519 2996 588 3081 23),
607 3019 694 3061 nemo
709 3007 828 3082 poterat
843 2997 947 3061 Africa
962 2994 1125 3063 uCaesare
1141 3011 1262 3085 recepta

135 3099 307 3182 profugere.
345 3095 434 3179 Quod
450 3108 550 3162 autem
565 3096 750 3184 Glandorpio
771 3120 824 3184 pro
840 3093 899 3161 Cn.
918 3095 1060 3184 Pompeio
1075 3096 1192 3167 Sextus
1208 3124 1262 3189 po·

135 3199 250 3261 nendos
265 3198 434 3274 uidebatur,
451 3201 531 3263 omni
554 3201 762 3285 probabilitate
777 3200 959 3267 destituitur.
995 3199 1029 3264 ld
1052 3222 1125 3266 uero
1148 3224 1261 3288 nequa·

135 3318 221 3380 quam
243 3318 315 3360 casu
336 3300 445 3362 laetum
466 3301 616 3380 arbitror,
641 3302 717 3385 qnod
740 3304 770 3366 in
792 3298 863 3366 Par.
883 3325 946 3367 sec·
965 3314 995 3366 et
1011 3301 1102 3367 vinu.
1127 3325 1174 3389 pr.
1200 3324 1262 3371 non

138 3406 223 3461 ‘eum
239 3399 460 3475 adolescente',
477 3402 531 3465 sed
552 3403 584 3465 in
606 3403 658 3467 illo
683 3412 769 3468 ‘curn
792 3404 1028 3480 adolescentes',
1051 3404 1080 3467 in
1104 3406 1162 3469 boc
1179 3414 1260 3473 ‘cum

136 3499 385 3563 adolescentules'
400 3503 543 3587 scriptum
567 3514 625 3568 est.
655 3501 713 3567 llio
729 3524 845 3587 quoque
860 3504 979 3569 omissis
996 3506 1171 3589 quibusdam
1192 3530 1262 3574 uer·

134 3599 180 3663 bis
196 3600 310 3682 reliqua
327 3603 444 3667 turbata
459 3626 527 3669 esse
542 3605 652 3669 indicio
667 3616 727 3683 est,
743 3606 820 3688 quod
836 3626 932 3689 neque
948 3608 984 3670 de
999 3608 1069 3685 illis,
1093 3610 1144 3692 qui
1160 3612 1261 3695 prolu-

134 3702 262 3783 gissent,
278 3703 434 3787 quicquam
449 3707 587 3791 deinceps
603 3708 750 3781 refertur,
772 3730 829 3789 spuo
845 3728 881 3771 ee
898 3709 989 3772 uerba
1004 3712 1114 3775 referri
1130 3712 1258 3795 possint,

135 3812 166 3865 ot
187 3804 287 3867 statim
304 3806 377 3869 baec
393 3807 430 3871 de
453 3805 512 3872 Cu,
529 3806 673 3893 Pompeio
695 3809 915 3893 adiungunturz
943 3818 1026 3873 ‘cum
1050 3822 1081 3874 et
1103 3814 1260 3879 ulterioris

135 3901 298 3987 Hispaniae
314 3909 423 3990 potitus
440 3911 543 3974 esset’.
572 3909 650 3974 Nam
667 3911 782 3974 etiamsi
800 3912 852 3973 ‘et'
868 3934 921 3996 pro
939 3913 1051 3976 ‘etiam'
1067 3914 1198 3996 positum
1213 3916 1260 3979 in·

135 4016 350 4089 terpretemur,
373 4012 450 4093 quod
474 4032 569 4093 neque
592 4014 623 4075 in
646 4009 788 4076 Caesaris
801 4010 951 4095 Hirtiique
967 4014 1052 4077 libris
1067 4026 1119 4080 aut
1133 4017 1165 4079 in
1180 4017 1260 4083 bello

133 4107 279 4172 Africano
303 4111 411 4173 lactum
432 4122 479 4175 est
500 4133 596 4195 neque
617 4115 648 4177 in
671 4113 725 4177 boc
741 4115 954 4178 commentario
971 4116 1029 4179 nisi
1045 4117 1092 4180 nio
1109 4126 1140 4181 et
1155 4140 1184 4182 c.
1202 4118 1257 4197 23,

134 4208 166 4285 7,
185 4209 232 4271 ubi
243 4210 295 4271 ‘ct'
310 4208 437 4274 inLcid.
449 4233 495 4295 pr.
506 4214 645 4277 omissum
661 4226 725 4292 est,
744 4226 855 4294 umen,
875 4228 906 4281 ut
922 4213 980 4281 Cn.
991 4216 1152 4305 Pompeius
1167 4220 1259 4287 etiam
