2692 4688
510 198 813 270 ...θῖ-.-

127 380 278 468 pertinere
293 378 389 445 uideri
404 387 533 463 poterat.
561 374 621 441 Sed
636 376 794 442 adicienda
809 375 884 441 baee
899 375 993 440 uerba
1007 375 1151 460 magistro
1166 378 1250 443 uide·

126 480 248 563 bantur,
265 484 314 566 qui
330 502 390 546 uun
405 480 501 564 magis
516 501 602 562 quam
619 474 822 545 Sebneiderua
836 477 1044 561 intellegeret,
1061 481 1251 563 quemadmo-

126 587 195 652 dum
217 586 352 651 omnibus
374 583 485 660 rebus,
509 598 585 668 quae
605 581 711 646 inferri
728 593 871 666 possent,
895 579 1004 646 Neruii
1020 583 1251 667 relanguesueae

127 689 244 754 animos
259 686 435 752 existimare
450 684 627 768 potuissent.
660 681 727 747 lloe
738 695 838 747 autem
854 704 1038 767 nequaquam
1054 684 1251 769 improbabile

127 802 186 855 est.
217 788 299 854 Nam
315 810 366 855 eas
382 809 452 865 res,
477 807 553 869 quae
575 787 613 849 ad
634 786 841 850 necessarium
863 807 947 849 usum
961 787 1169 870 pertinebant,
1194 788 1252 873 ipsi

127 892 277 961 hebebant
289 889 413 956 Neruii.
458 885 564 975 ltaque
585 888 720 951 homiues
737 888 804 952 duri
819 889 937 967 omnia,
961 910 1038 972 quae
1051 890 1251 974 importaren-

126 1004 185 1073 tur,
203 1004 239 1056 ut
252 1011 477 1077 superuacanea
491 991 658 1054 dissoluere
669 990 751 1054 uitae
765 989 965 1076 frugalitatem
981 1003 1014 1058 et
1024 991 1163 1057 duritiem
1176 992 1253 1057 mul-

125 1095 182 1163 lire
201 1092 435 1160 arbitrabantur.
481 1090 524 1156 lit
547 1113 581 1157 re
607 1113 680 1156 uera
702 1113 779 1174 quae
801 1114 820 1157 a
839 1095 1059 1159 mercatoribus
1082 1091 1197 1158 ltaliria
1219 1105 1252 1159 et

125 1195 389 1274 Massiliensibus,
414 1216 489 1280 quos
512 1194 670 1279 praecipue
692 1215 809 1260 meroes
823 1197 856 1261 iu
872 1197 925 1261 bas
940 1208 1042 1281 partas
1057 1197 1165 1263 tulisse
1181 1218 1252 1281 pro·

77 1358 84 1372 .
126 1300 225 1367 babile
239 1309 299 1378 eat,
315 1300 513 1378 inferrentur,
529 1299 572 1362 ita
588 1309 760 1381 rumperem
773 1299 870 1363 luisse
883 1311 1120 1364 eonsentaneum
1134 1308 1202 1379 est,
1218 1312 1251 1366 ut

126 1404 166 1469 ab
180 1407 313 1468 ferorum
329 1403 478 1466 bominum
494 1402 710 1466 cousuetudine
724 1401 761 1465 ad
777 1402 919 1465 maiorem
930 1403 1040 1466 uultum
1055 1403 1252 1487 uoluptatem·

127 1524 185 1590 que
200 1503 366 1570 dillerrent
390 1500 534 1569 Ceterum
548 1524 635 1587 quam
650 1513 733 1567 reete
744 1501 856 1567 Neruii
871 1503 902 1566 in
917 1524 953 1567 ea
969 1502 1109 1588 opinione
1124 1507 1248 1584 luerint,

128 1608 202 1673 nibil
217 1608 255 1672 ed
270 1626 345 1671 noar
368 1607 398 1670 id
420 1607 505 1682 dieo,
529 1627 588 1692 qno
608 1604 706 1669 minua
722 1605 849 1679 fuerint,
873 1604 949 1669 nibil
962 1605 1098 1670 obstare.
1142 1603 1250 1690 ltaque

128 1708 220 1774 uerba
238 1710 287 1772 ‘ad
302 1709 451 1773 luxurium
467 1707 688 1792 pertinentium*
704 1707 840 1771 eiciendo
853 1718 936 1771 aunt.
982 1705 1066 1772 idem
1081 1708 1251 1774 laeiendum

127 1812 305 1899 pronomine
321 1811 459 1890 ‘eorum’,
478 1810 556 1894 quod
570 1809 602 1874 in
617 1808 753 1873 omnibus
768 1810 856 1874 eodd.
872 1810 995 1894 legitur.
1025 1807 1107 1875 Nam
1124 1812 1249 1896 primum

127 1916 159 1980 in
175 1916 230 1979 bae
245 1913 390 1978 orationis
406 1916 520 1977 forma:
549 1914 646 1996 ‘quod
660 1912 700 1978 iia
714 1911 805 1977 rebus
820 1912 1053 1998 relanguescere
1067 1914 1183 1979 animos
1198 1935 1251 1979 eu-

126 2038 191 2083 rum
208 2028 240 2083 et
253 2017 365 2080 remitti
380 2018 524 2080 uirtutem
539 2014 766 2081 existimarent‘
787 2018 961 2081 neeessario
980 2016 1170 2081 sembeudum
1184 2028 1252 2081 erat

130 2121 259 2185 ‘animos
273 2121 373 2185 suos'.
420 2117 516 2183 lleete
539 2118 618 2183 enim
633 2115 807 2202 llladuigiua
828 2140 933 2202 opuao.
950 2119 1045 2203 prior.
1063 2141 1092 2202 p.
1108 2115 1173 2182 tud
1187 2140 1251 2183 ιιι·

128 2224 196 2289 nuit
209 2242 372 2308 pronomen
395 2221 660 2287 demonstratiuum
684 2241 738 2304 pro
758 2222 909 2285 reflexiuo
923 2222 981 2285 nisi
996 2221 1028 2284 iu
1042 2221 1251 2286 enuntiatione

128 2326 306 2392 secundaria
321 2335 353 2387 et
367 2325 418 2388 tali
434 2322 570 2406 quidem,
592 2323 678 2386 euius
698 2323 780 2387 aliud
801 2335 883 2388 esset
904 2322 1072 2387 subieetum
1086 2342 1174 2405 quam
1191 2324 1251 2408 pri·

127 2428 251 2504 munisse,
268 2424 409 2489 substitui
425 2447 485 2489 nou
500 2445 601 2508 posse.
625 2422 726 2507 Atque
740 2425 781 2489 ita
797 2422 963 2490 aCaesare
977 2425 1103 2509 positum
1120 2427 1249 2491 estber.

128 2551 237 2594 eomm.
253 2524 281 2605 1,
298 2526 330 2603 5,
347 2524 370 2588 Ιι
386 2526 579 2608 ‘persuadent
592 2524 743 2591 Rauraois
759 2526 935 2610 etTuliogis
951 2538 983 2593 et
996 2526 1170 2612 Latobrigis
1184 2528 1251 2592 liai-

127 2631 220 2707 timis,
238 2629 283 2693 uti
298 2629 401 2692 eudem
417 2629 464 2692 usi
480 2627 605 2693 oonsilio
620 2629 734 2712 oppidis
750 2632 813 2694 suis
827 2631 961 2714 uiuisque
975 2630 1092 2695 exuatis
1107 2650 1167 2694 una
1182 2651 1251 2695 eum

127 2733 168 2798 iia
182 2732 433 2817 prulieiseantur',
451 2753 478 2794 e.
489 2728 522 2807 li,
540 2731 559 2795 3
577 2731 803 2814 ‘Allobrogibus
820 2753 888 2797 sese
905 2733 953 2798 uel
968 2750 1168 2817 persuasurus
1183 2735 1251 2799 exi·

126 2836 290 2903 atimabant
303 2834 352 2898 uel
368 2834 397 2897 ui
414 2844 591 2912 coarsuros,
619 2844 652 2898 ut
666 2854 720 2917 per
734 2854 806 2897 suos
821 2835 896 2898 lines
917 2856 970 2899 eus
991 2835 1038 2900 ire
1052 2837 1250 2918 patarenmr',

127 2960 158 3007 e.
175 2938 229 3017 ll,
246 2937 267 3003 3
284 2938 339 3002 ‘ita
353 2957 389 3003 ae
404 2937 485 3001 omni
502 2946 633 3020 tempore
648 2937 685 3001 de
701 2937 809 3022 populo
824 2936 962 3001 Romano
977 2937 1102 3002 meritos
1117 2956 1203 3017 ease,
1219 2949 1253 3002 ιι

127 3043 194 3128 agri
208 3041 342 3119 ιιιιιιί,
358 3040 445 3105 liberi
460 3060 565 3103 eurum
580 3039 611 3103 in
626 3041 801 3105 seruitutem
818 3040 943 3113 abduci,
961 3039 1066 3125 oppida
1081 3041 1252 3125 expugnari

128 3164 189 3210 ιιι
203 3143 383 3209 debuerint'.
414 3141 615 3207 Aeensatiuus
631 3156 728 3208 autem
745 3166 809 3207 eum
826 3143 974 3207 inlinitiuo
991 3163 1053 3207 non
1067 3142 1251 3207 enuntiatio·

128 3267 195 3311 aem
211 3245 315 3315 abicit,
332 3245 384 3308 sed
401 3266 471 3327 pars
486 3256 534 3308 est
549 3246 775 3310 enuntiationis.
805 3243 910 3328 ltaque
918 3249 1042 3310 sormam
1051 3246 1250 3330 pronominis,

128 3348 205 3433 quod
219 3347 258 3411 ad
273 3347 477 3410 aecusatiuum
493 3346 639 3430 pertinet,
663 3347 699 3409 ad
722 3347 887 3412 subiuotum
903 3349 1119 3414 enuntiationis
1134 3350 1251 3414 referre

127 3451 217 3527 lieet,
234 3460 267 3513 ut
283 3451 391 3511 lautum
406 3457 454 3511 ast
468 3446 499 3509 b.
517 3444 586 3508 au.
602 3445 661 3522 79,
687 3446 701 3508 l
721 3448 930 3512 ‘aduersarios
945 3471 1005 3514 non
1020 3452 1132 3516 airtute
1147 3471 1250 3515 eorum

129 3552 299 3627 doublure,
315 3549 369 3613 sed
384 3570 528 3630 aquarum
544 3547 643 3632 inopia
659 3548 752 3612 lretos
768 3550 921 3634 despioere
936 3573 969 3616 se
983 3553 1161 3630 intellexit,
1179 3574 1251 3617 eon·

128 3655 256 3720 trarium
272 3672 430 3735 numquam
453 3652 518 3715 lieri
540 3660 649 3734 potest.
681 3647 769 3716 Vnus
784 3648 927 3717 Caesaris
944 3656 1028 3718 loeus
1043 3650 1122 3731 Vll,
1144 3652 1206 3725 21,
1230 3653 1252 3716 2

128 3767 249 3841 praeter
264 3755 361 3828 hune,
385 3756 423 3818 de
445 3776 504 3836 quo
520 3753 654 3835 agimus,
678 3754 789 3836 etipse
805 3776 969 3838 pronomen
983 3754 1250 3821 demonstratiuum

128 3859 269 3923 ιιιὶοιιιιι
286 3857 392 3934 babet,
415 3857 464 3937 qui
485 3855 630 3937 quomodo
645 3856 839 3937 corrigendus
855 3860 912 3937 sit,
936 3862 1016 3924 inira
1030 3860 1156 3922 dicetur.
1204 3856 1251 3921 lio

129 3972 228 4026 autem
244 3963 331 4034 locu,
357 3959 393 4022 de
408 3979 466 4041 quo
480 3957 581 4020 disere
595 3957 725 4040 ingressi
742 3980 863 4039 sumus,
888 3962 1008 4026 etiamsi
1023 3983 1187 4047 pronomen
1203 3982 1252 4025 re·

130 4066 272 4130 llexiuuru
289 4062 415 4147 positum
432 4071 531 4137 esset,
555 4070 655 4124 tanen
677 4063 859 4127 sententiam
881 4065 1011 4147 ineptam
1033 4086 1102 4130 esse
1122 4066 1181 4129 iam
1200 4064 1251 4128 alii

129 4176 323 4232 monuerunt.
362 4163 500 4230 liidieule
515 4164 595 4226 enim
609 4162 719 4228 Neruii
734 4187 818 4230 suam
835 4166 974 4230 uirtutem
988 4186 1121 4249 suosque
1135 4166 1251 4228 animos

130 4270 243 4335 remitti
267 4268 460 4334 existimasse
479 4267 669 4346 dicerentur,
696 4269 781 4351 quasi
804 4290 846 4334 ex
872 4267 1008 4333 omnibaa
1029 4268 1088 4352 ipsi
1111 4267 1251 4331 luxuriae
