2692 4688
438 180 578 252 Clllffl.
593 182 625 252 ll
640 180 734 253 CAP.
749 184 899 253 ll-ld.
1219 190 1284 262 m

103 360 209 426 sculns
223 377 266 422 ox
290 356 366 421 turri
388 356 521 421 latericia
543 358 689 423 auostris
712 359 781 424 telis
802 352 1018 442 tormentisque
1038 359 1225 446 detenditurp

103 466 207 529 bostes
223 482 266 524 ex
280 480 365 524 muro
380 481 416 523 ae
432 460 563 524 turribus
578 461 794 525 submoueutur
810 461 835 545 [ι
847 481 907 524 non
930 461 1018 524 datur
1041 463 1135 529 libera
1149 468 1226 531 muri

19 598 28 608 ·
106 564 286 631 defendendi
304 563 458 646 facultas}
482 558 694 646 Compluribus
708 567 765 627 iam
782 562 926 647 lapidibus
941 582 983 627 ex
997 582 1045 642 eu,
1063 587 1141 649 quau
1155 568 1261 632 sub-4

105 680 190 746 erat,
216 665 294 730 turri
317 665 472 728 subductis
501 665 657 749 repentina
679 667 766 728 ruina
788 686 858 750 pars
883 667 946 729 eius
968 668 1060 731 turris
1082 670 1225 748 concidit,

68 784 85 837 t
108 792 179 857 pars
194 769 508 851 reliquneousequeus
523 767 752 850 procumbebat:
770 789 836 831 oum
852 767 953 832 bostes
968 769 1051 833 urbis
1066 771 1286 854 direpttou012

106 872 262 960 perterriti
275 870 409 933 inermes
432 891 499 932 oum
522 870 625 934 iululis
646 891 680 935 se
701 881 788 954 porta
804 872 884 933 toras
898 871 1031 935 uniuersi
1046 874 1225 957 proripiunt,

107 975 276 1060 adlegatos
291 984 382 1057 atque
397 973 564 1036 exercitum
580 972 728 1056 supplices
742 993 848 1036 munus
864 973 997 1039 tendunt.
1016 971 1085 1056 Qun
1101 994 1179 1039 nonu
1193 976 1263 1043 rel

106 1078 208 1142 oblatu
221 1075 321 1141 omnis
335 1075 553 1140 administratio
567 1074 635 1139 belli
652 1075 801 1153 consistit,
818 1074 987 1159 militesque
1002 1077 1100 1140 auersi
1116 1097 1229 1162 uproe-

108 1181 151 1244 lio
172 1179 210 1243 ad
228 1179 360 1244 studium
383 1178 522 1241 audiendi
543 1188 575 1243 et
594 1177 793 1261 cognoscendi
817 1180 967 1242 teruntur.
998 1177 1059 1243 Vbi
1073 1179 1176 1244 bostes
1191 1178 1263 1246 atu

50 1292 86 1347 tu
108 1283 227 1366 legatos
235 1282 461 1363 exercitumque
477 1290 689 1363 peruenerunt,
707 1280 840 1344 uniuersi
855 1300 889 1344 se
905 1280 941 1343 ad
956 1281 1227 1366 pedesproiciuntq

109 1395 212 1459 orant,
227 1394 262 1447 ut
275 1383 422 1447 aduentus
437 1378 582 1446 Caesaris
597 1392 786 1465 expectetur.
823 1379 949 1467 Captum
965 1405 1050 1446 suam
1066 1384 1168 1448 urbem
1184 1385 1229 1449 ui·
1242 1384 1266 1450 4

110 1488 204 1565 derep
221 1506 312 1570 opera
327 1487 470 1570 perlecta,
489 1485 595 1548 turrim
612 1483 784 1548 subrutam:
802 1486 903 1567 itaque
918 1485 1229 1551 abdeteusiouedesi·

44 1656 50 1667 ,
111 1600 205 1654 stere.
235 1584 361 1652 Nullum
376 1587 493 1651 exoriri
508 1607 620 1649 murum
637 1607 737 1670 posse,
755 1607 814 1669 quo
830 1588 941 1666 minus,
958 1609 1025 1651 euru
1037 1589 1185 1666 uenisset,
1203 1588 1229 1654 si

112 1692 258 1776 imperatu
271 1710 333 1754 uou
348 1690 482 1755 lucerent
496 1690 533 1752 sd
549 1698 664 1767 nutum,
680 1709 698 1752 e
713 1689 841 1773 uestigio
857 1689 1067 1772 diriperentur.
1096 1688 1227 1771 Ducunt,
1244 1689 1265 1755 5

54 1805 88 1859 lb
110 1795 136 1858 si
151 1794 274 1857 omuino
288 1792 381 1857 turris
395 1792 593 1868 concidisset,
611 1811 670 1855 uon
687 1812 775 1874 posse
790 1791 898 1856 milites
915 1792 1075 1869 contineri,
1090 1795 1162 1876 quin
1178 1814 1231 1877 spe

113 1896 244 1980 praedae
259 1895 291 1958 in
314 1894 416 1959 urbem
437 1895 640 1977 irrumperent
659 1892 823 1975 urbemque
845 1894 989 1959 delerent.
1036 1892 1121 1958 llaec
1142 1906 1231 1980 atque

113 1997 249 2061 eiusdem
263 1997 383 2079 generis
404 1997 555 2080 complura
578 2005 613 2060 ut
625 1994 662 2057 ab
680 1995 846 2058 bominibus
860 1997 956 2060 doctis
971 2017 1080 2080 magua
1095 2018 1161 2062 cum
1177 1998 1233 2062 mi·

114 2098 281 2163 seriuurdiu
296 2098 424 2181 fletuque
439 2098 685 2182 pronuntiantur.
731 2093 848 2179 Quibus
868 2098 960 2161 rebus
985 2102 1125 2163 commoti
1141 2102 1230 2186 legati
1244 2098 1288 2170 18

113 2201 225 2265 milites
238 2220 280 2264 ex
296 2218 387 2285 opere
400 2199 569 2273 deducunt,
599 2200 820 2284 oppugnatione
836 2198 1001 2278 desistuntq
1026 2200 1165 2282 operibus
1181 2222 1234 2265 eu·

54 2314 92 2370 2⁰
113 2305 227 2368 studius
241 2303 426 2386 relinquunt.
464 2299 649 2367 Indutiarum
665 2302 791 2384 quodum
808 2320 920 2384 genere
935 2302 1140 2365 misericordia
1157 2302 1271 2367 laeto2

115 2405 265 2471 aduentus
279 2401 423 2471 Caesaris
438 2413 625 2488 expectatur.
645 2402 771 2467 Nullum
786 2424 827 2467 ex
842 2425 941 2483 muru,
960 2405 1072 2468 nullum
1088 2425 1106 2466 a
1122 2404 1235 2469 nostris

114 2507 246 2571 mittitur
257 2509 368 2574 telums
395 2517 430 2570 ut
443 2527 479 2572 re
494 2508 629 2571 conlecta
646 2527 752 2570 omues
767 2528 869 2570 curaru
885 2518 915 2573 et
931 2509 1114 2592 diligentiam
1130 2509 1235 2573 remit·

117 2620 196 2674 tunt.
228 2606 348 2675 Caesar
362 2610 442 2673 enim
458 2629 512 2692 per
526 2607 642 2672 litteras
658 2608 814 2673 Trebonio
831 2632 1011 2695 magnopere
1027 2614 1234 2692 mandauerat,
1250 2609 1270 2676 3

118 2731 156 2775 ue
171 2732 224 2795 per
238 2714 299 2776 uiur
315 2713 452 2797 oppidum
470 2712 637 2795 expugnari
653 2721 823 2794 poteretur,
848 2734 887 2778 ne
903 2715 1024 2798 paulus
1040 2714 1166 2796 permoti
1181 2715 1237 2775 mi·

58 2824 96 2881 25
117 2814 185 2877 lites
200 2825 232 2877 et
245 2814 766 2897 delectionisodioetoontemptione
781 2816 826 2878 sui
843 2826 873 2878 et
887 2816 1001 2879 diutino
1017 2814 1118 2877 labore
1134 2832 1237 2877 omnes

118 2916 246 3000 puberes
261 2917 485 2994 interficereutq
503 2916 580 2998 quod
591 2936 624 2980 se
640 2917 989 2993 facturosminabnutur‚
1008 2933 1157 2999 aegreque
1167 2914 1273 2977 tunel

120 3029 192 3082 suut
204 3018 330 3097 retenti,
346 3019 417 3101 quin
432 3018 569 3102 oppidum
585 3018 795 3101 irrumperent,
821 3020 1014 3103 grauiterque
1030 3037 1095 3080 eam
1110 3037 1174 3079 rem
1191 3024 1257 3079 tu·-

118 3118 232 3197 leruut,
248 3122 326 3207 quod
341 3122 463 3185 stetisse
472 3143 525 3205 per
534 3119 731 3196 Trebonium,
749 3140 807 3201 quo
822 3121 920 3183 minus
937 3119 1041 3202 oppido
1057 3119 1236 3203 potirentur,

120 3219 289 3284 uidebatur.
319 3221 364 3286 At
383 3224 484 3287 bostes
509 3223 576 3286 siue
600 3221 657 3285 fite
683 3232 798 3305 tempus
813 3233 903 3304 atque
917 3222 1107 3285 occasionem
1123 3222 1236 3285 lrnudis
1253 3220 1295 3292 14

59 3332 96 3385 att
118 3343 156 3385 ac
170 3321 230 3386 doli
244 3336 391 3405 quraeruut
404 3322 631 3407 interiectisque
646 3323 759 3406 aliquot
777 3324 880 3388 diebus
896 3325 1009 3388 uostris
1025 3324 1236 3407 languentibus

119 3426 211 3499 atque
224 3416 322 3480 auimo
336 3419 472 3482 remissis
487 3418 587 3483 subito
603 3419 767 3483 meridiano
783 3427 929 3503 tempore,
947 3441 1014 3483 cum
1030 3419 1108 3483 alius
1124 3418 1238 3482 disces·

227 3639 333 3692 ²rtrres’s
345 3640 452 3691 inclusa
465 3648 591 3708 suspecta
603 3646 682 3692 mut
697 3641 822 3692 Grutero.
836 3640 866 3691 Ρ.
883 3639 941 3691 tte.
1048 3638 1064 3691 3
1077 3639 1139 3706 ium]
1154 3648 1205 3691 tum
1216 3641 1241 3689 b.

228 3719 360 3769 exiliab-
466 3721 716 3788 5proeombebutn.
831 3717 1081 3779 cunctemur.
1197 3716 1242 3765 bo-

121 3798 178 3842 stes
190 3792 263 3844 urbls
275 3794 341 3845 abd
353 3797 368 3846 5
381 3795 469 3858 dete,
489 3798 577 3848 hostes
596 3798 677 3847 turris
697 3795 832 3861 repentina
852 3795 928 3844 ruina
948 3793 1084 3856 commoti,
1108 3792 1241 3859 inopinato

120 3867 191 3919 mulo
206 3869 313 3930 turbeti,
329 3871 435 3921 deorum
450 3872 489 3922 ira
502 3872 626 3939 perculsi,
640 3872 712 3921 urbis
725 3886 753 3920 u.
859 3870 916 3920 bse
929 3884 945 3919 a
959 3869 1033 3918 ‘mse
1044 3869 1185 3936 plerr'qne',
1201 3886 1242 3922 se-

118 3962 189 3997 sess.
296 3950 545 4016 ltlproiieinutln).
653 3950 890 4013 llexpeeteturu.
996 3952 1134 4013 captante.

119 4024 152 4075 12
165 4025 257 4075 turrim
271 4043 297 4089 n,
312 4034 410 4078 turrem
423 4044 451 4077 a.
574 4026 606 4077 ub
620 4025 772 4076 defensioue
784 4041 801 4075 a
814 4025 829 4075 3
843 4025 911 4075 dett.
919 4062 927 4087 ,
944 4024 976 4075 nd
990 4024 1167 4079 defensionem
1182 4030 1213 4092 ὸς
1228 4043 1242 4076 u

120 4101 309 4154 defensionen.
404 4104 578 4156 llluceretc.
677 4100 872 4169 lbspe]seab.
979 4101 1134 4169 lllen]ubb.

120 4178 311 4233 diducuntab.
419 4182 630 4246 opugnutiouen.
737 4179 822 4243 operis
835 4176 1031 4229 custodiusub.
1124 4177 1243 4234 tdiudn-

124 4255 246 4322 ciarum(
266 4258 288 4322 ).
404 4259 435 4312 21
452 4264 606 4324 expectatur
617 4270 644 4305 a.
760 4254 793 4308 25
807 4254 1001 4305 contentiones
1016 4255 1089 4305 ‘mss
1101 4247 1242 4321 plurimt'.
