2692 4688
535 239 679 309 CAPV'I’
694 242 736 309 bb
746 280 785 293 -
794 242 849 308 69.
1247 242 1310 312 lbi

127 409 284 497 'Thapsum
294 411 367 475 mari
383 412 566 491 obsiderent,
578 415 642 499 ipse
657 415 765 478 castris
779 412 912 477 incensis
925 423 1029 496 quarta
1039 416 1136 479 noctis
1150 416 1254 501 uigilia

133 514 200 577 acie
222 514 368 577 instructa
383 515 598 599 impedimentis
614 517 646 579 in
661 515 784 580 sinistra
799 525 884 600 parte
899 516 1063 580 conlocatis
1078 537 1119 579 ex
1134 538 1171 580 eo
1186 519 1253 583 loco

132 615 330 698 proficiscitur
344 627 375 679 et
389 617 526 701 peruenit
540 619 577 680 ad
592 618 728 702 oppidum
745 617 867 702 Aggar3
885 619 962 701 quod
978 639 994 680 a
1012 616 1149 682 Gaetulis
1163 638 1254 703 saepe

133 726 223 780 antea
244 729 440 803 oppugnatum
462 740 635 803 summaque
653 721 684 783 ui
706 741 761 804 per
781 722 862 806 ipsos
884 721 1047 805 oppidanos
1071 731 1137 784 erat
1152 722 1255 785 deien-

97 829 112 880 5
136 838 213 881 sum.
246 817 289 884 lbi
312 823 343 884 in
365 841 468 905 campo
490 824 597 886 castris
619 823 687 886 unis
710 823 814 906 positis
835 824 900 908 ipse
916 824 1126 887 irumeutatum
1142 825 1253 887 circum
1268 823 1290 886 2

132 921 221 985 uillas
244 943 309 985 cum
333 934 420 1008 purte
441 925 594 988 exercitus
616 926 767 1009 proiectus
788 946 896 1008 magno
918 925 1042 989 inuento
1059 926 1159 1000 ordei,
1181 926 1252 1004 olei,

134 1024 215 1102 uini,
239 1025 286 1088 lici
309 1045 453 1104 numero,
479 1046 573 1110 pauco
594 1026 686 1090 tritici
707 1035 797 1110 atque
817 1037 955 1091 recreato
978 1027 1115 1091 exercitu
1130 1026 1209 1090 redit
1222 1027 1255 1090 in

134 1137 246 1190 castra.
285 1123 387 1211 Scipio
409 1128 529 1192 interim
553 1129 672 1212 'cognito
694 1123 838 1193 Caesaris
861 1128 996 1192 discessu
1017 1149 1083 1192 cum
1104 1116 1295 1194 uniuersisS

134 1229 227 1313 copiis
250 1250 304 1312 per
324 1229 425 1313 iugum
441 1225 605 1294 Caesarem
628 1231 767 1312 subsequi
791 1229 889 1315 coepit
909 1241 998 1313 atque
1012 1229 1049 1293 ab
1065 1230 1129 1295 eius
1145 1230 1253 1294 castris

78 1339 112 1393 to
134 1331 216 1394 milia
239 1351 378 1416 passuum
394 1338 429 1394 Vl
451 1331 540 1417 longe
562 1332 649 1396 trinis
670 1333 777 1395 castris
799 1332 963 1416 dispertitis
987 1332 1079 1416 copiis
1103 1333 1251 1396 consedit.

135 1427 282 1516 Oppidum
299 1444 365 1497 erat
379 1431 476 1511 Zeta,
503 1435 581 1521 quod
596 1435 735 1499 aberata
752 1431 894 1517 Scipione
910 1433 990 1498 milia
1005 1454 1145 1518 passuum
1160 1444 1198 1511 x,
1214 1434 1252 1497 ad
1263 1431 1310 1502 ⁶8

135 1534 200 1597 eins
223 1537 374 1620 regionem
391 1547 422 1600 et
435 1547 548 1622 partem
565 1549 732 1600 castrorum
748 1537 946 1615 collocatum,
972 1557 990 1599 a
1006 1532 1140 1600 Caesare
1154 1546 1255 1599 autem

135 1635 284 1701 diuersum
300 1660 335 1702 ac
349 1651 515 1717 remotum,
533 1640 609 1722 quod
625 1650 691 1702 crat
705 1638 742 1702 ab
757 1660 794 1703 eo
808 1639 897 1721 louge
912 1638 994 1702 milia
1009 1659 1149 1723 passuum
1163 1647 1250 1702 xttll.

133 1734 201 1802 lluc
218 1737 319 1824 Scipio
341 1741 477 1826 legiones
498 1742 571 1805 duas
592 1742 791 1805 frumentandi
814 1740 912 1824 gratia
935 1741 1028 1804 misit.
1060 1736 1150 1820 Quod
1171 1739 1290 1823 post-2

82 1849 114 1902 lb
136 1860 221 1923 quum
238 1838 356 1906 Caesar
370 1862 411 1905 ex
426 1843 549 1926 perfuga
564 1842 726 1924 cognouit,
750 1841 860 1906 castris
876 1863 916 1907 cx
931 1863 1034 1926 campo
1049 1842 1082 1904 in
1097 1841 1202 1905 collem
1217 1863 1253 1905 ac

133 1942 246 2004 tutiora
269 1943 336 2005 loca
358 1942 475 2005 collatis
495 1954 585 2025 atque
607 1943 647 2006 ibi
672 1944 820 2027 praesidio
835 1943 940 2007 relicto
954 1944 1020 2028 ipse
1034 1954 1140 2026 quarta
1154 1942 1255 2026 uigilia

136 2061 277 2128 egressus
292 2053 412 2128 praeter
427 2043 554 2107 bostium
570 2054 669 2107 castra
680 2045 880 2128 proficiscitur
890 2066 955 2108 cum
969 2047 1064 2128 copiis
1076 2057 1107 2109 et
1118 2046 1255 2130 oppidum

134 2145 257 2228 potitur.
289 2143 442 2231 Legiones
460 2143 612 2230 Scipionis
635 2145 780 2230 comperit
802 2146 920 2228 lougius
936 2147 967 2209 in
982 2148 1064 2230 agris
1080 2147 1255 2211 frumentari
1270 2145 1291 2210 3

135 2258 178 2325 et,
199 2269 265 2311 cum
282 2269 318 2312 eo
334 2249 515 2312 contendere
530 2258 702 2325 conaretur,
719 2247 930 2311 animaduertit
945 2248 1046 2332 copias
1062 2248 1191 2310 bostium
1207 2248 1253 2310 bis

78 2359 113 2416 29
134 2349 301 2434 legionibus
316 2372 476 2415 occurrere
492 2351 654 2434 suppetias.
680 2346 767 2430 Quae
782 2370 832 2413 res
844 2349 909 2413 eins
920 2349 1060 2434 impetum
1074 2350 1251 2413 retardauit.

135 2448 240 2535 ltaque
256 2462 342 2534 capto
358 2449 397 2515 C.
414 2451 551 2516 Minucio
567 2450 698 2536 Regino,
718 2453 818 2536 equite
832 2450 982 2531 Romarm,
1003 2448 1153 2536 Scipionis
1170 2450 1291 2517 lami-b
1312 2527 1315 2531 ,

135 2552 316 2631 liarissimo‚
334 2554 383 2638 qui
399 2555 428 2618 ei
443 2555 549 2641 oppido
565 2565 714 2640 praeerat,
731 2566 762 2619 et
776 2553 814 2620 P.
831 2554 934 2634 Atrio,
950 2555 1050 2639 equite
1064 2552 1203 2619 Romano
1219 2556 1255 2619 de

136 2669 287 2721 conuentu
304 2655 461 2736 Vticensi,
487 2668 518 2721 et
541 2658 662 2723 ecmelis
684 2667 761 2721 xxti
783 2659 864 2741 regis
886 2659 1021 2722 abductis
1045 2657 1193 2742 praesidio
1215 2656 1253 2719 ibi

136 2778 200 2821 cum
218 2756 315 2844 Oppio
338 2759 438 2844 legato
460 2759 567 2824 relicto
587 2761 652 2844 ipse
672 2780 706 2823 sc
721 2760 856 2842 recipere
871 2762 971 2846 coepit
985 2761 1022 2824 ad
1037 2770 1145 2823 castra.
1177 2752 1256 2822 Cum
1266 2757 1312 2828 99

78 2868 112 2924 tt
135 2859 192 2922 iam
214 2882 274 2924 non
289 2863 377 2947 louge
392 2885 410 2928 a
425 2864 533 2927 castris
550 2860 698 2948 Scipionis
714 2862 852 2941 abesset,
875 2883 950 2946 quae
966 2883 1034 2926 eum
1050 2879 1175 2925 necesse
1190 2870 1257 2923 erat

136 2966 352 3049 praetergredi,
370 2963 524 3031 Labienus
535 2966 738 3050 Afraniusque
753 2987 819 3029 cum
835 2965 914 3029 omni
931 2964 1061 3048 equitatu
1075 2961 1194 3044 leuique
1208 2982 1257 3026 ar·

136 3076 251 3128 matura
267 3087 306 3130 ex
322 3068 439 3131 insidiis
454 3068 549 3130 adorti
565 3068 675 3151 agmini
692 3068 757 3132 eius
773 3079 911 3131 extremo
926 3087 960 3131 se
974 3067 1104 3130 offerunt
1115 3074 1256 3148 atqueex

137 3165 260 3230 collibus
289 3168 391 3253 primis
416 3168 562 3232 existunt.
602 3164 690 3248 Quod
718 3180 872 3253 postquam
895 3165 1012 3234 Caesar
1032 3166 1293 3247 animaduertit,2

136 3268 285 3352 equitibus
300 3269 363 3334 suis
380 3270 507 3335 bostium
525 3270 555 3336 ui
571 3270 715 3355 oppositis
729 3271 865 3335 sarcinas
881 3270 1061 3355 legionarios
1072 3269 1102 3335 iu
1114 3290 1256 3334 aceruum

246 3527 257 3577 1
273 3524 403 3577 'l'bcbsum
417 3547 444 3594 a,
458 3528 586 3581 Tharsum
600 3529 625 3579 b.
757 3529 774 3582 2
787 3528 929 3581 conlocatis
942 3545 969 3580 a.
1101 3526 1217 3591 dbggtr
1229 3541 1255 3590 u,

136 3601 222 3666 Agger
235 3603 249 3651 b
262 3603 276 3653 3
291 3602 358 3653 dett.
375 3605 414 3655 ‘et
424 3622 447 3656 c.
462 3605 504 3657 tt.
518 3603 560 3656 79’
572 3603 616 3669 (ct
627 3603 690 3654 uide
703 3603 770 3669 iba);
785 3606 857 3670 Agar
869 3621 896 3656 u.
1047 3619 1108 3671 sepe
1120 3619 1148 3654 a.

126 3672 153 3730 '5
166 3677 268 3746 campo]
283 3687 370 3730 castro
385 3682 410 3733 b.
533 3679 633 3732 bordei
647 3696 674 3744 a,
688 3696 741 3731 aon
754 3682 827 3732 bord.
946 3682 960 3732 7
975 3695 1083 3747 paucum
1096 3694 1123 3742 a,
1136 3693 1215 3745 paruo
1230 3680 1255 3729 b.

245 3760 260 3810 9
274 3759 347 3825 sequi
361 3761 385 3809 b.
504 3759 535 3811 lt)
548 3759 692 3826 dispertitis
705 3776 722 3811 a
735 3761 759 3825 b,
773 3776 827 3811 noa
840 3759 949 3827 dispcrt.
1067 3759 1094 3810 ll
1112 3773 1137 3808 2.
1151 3764 1187 3809 et.
1202 3773 1255 3822 aa,

138 3830 422 3897 Zumib,·Zettu‘al.’
531 3836 563 3885 ab
577 3838 706 3887 cumbra.
813 3837 1009 3888 lidiuisnmb.
1113 3835 1255 3899 loogeom.

139 3914 164 3963 b.
287 3929 333 3964 xrv
346 3916 360 3964 b
368 3933 377 3977 ,-
392 3931 466 3965 nvtru
479 3930 506 3977 u,
520 3930 564 3965 xcx
577 3931 607 3978 c,·
621 3933 687 3967 xvru
700 3930 727 3964 u.
742 3915 774 3966 Ρ.
788 3915 849 3969 224.
975 3913 1007 3966 lb
1019 3911 1123 3977 collatis
1135 3912 1255 3980 Lipsius,

137 3988 273 4041 collocatis
286 3993 364 4041 codd.
378 3993 408 4044 Ρ.
422 3992 468 4043 211
485 3997 558 4043 eutr.
665 3993 696 4045 19
710 3993 750 4044 bis
763 3993 822 4043 add.
837 3997 902 4042 cate
914 3991 990 4054 Aut,
1005 3993 1027 4044 is
1040 4009 1072 4055 c,·
1086 3992 1118 4044 lis
1130 3993 1217 4045 Aldus
1229 4011 1256 4046 u.

245 4068 276 4122 21
292 4067 390 4134 iisque]
405 4069 460 4134 ipse
474 4069 499 4118 b.
605 4069 719 4122 lliuucio
733 4085 800 4135 ago,-
813 4070 898 4121 iuceio
910 4085 937 4134 a,
951 4068 1046 4120 blinelo
1061 4072 1085 4134 b,
1101 4067 1184 4121 liscio
1197 4084 1257 4120 oum

139 4161 157 4197 u
169 4163 251 4214 super
263 4144 304 4199 blo
318 4164 347 4210 c,·
362 4146 446 4199 blucio
459 4147 581 4214 Scaliger
592 4165 620 4200 u.
727 4147 760 4203 23
774 4148 892 4199 obductis
904 4148 1033 4212 lucinius,
1048 4146 1167 4200 adductis
1180 4143 1257 4195 codd.

249 4229 280 4282 at
295 4227 395 4295 Oppido
409 4242 436 4279 c.
581 4226 624 4294 ud]
638 4228 663 4278 in
678 4228 703 4277 b.
847 4229 881 4281 25
894 4242 963 4295 onae
972 4235 1033 4278 tum
1044 4242 1075 4288 c,
1086 4237 1159 4289 usae
1166 4220 1281 4268 tuneb-

246 4304 441 4357 bbenistooto.
546 4304 580 4362 29
588 4303 629 4373 ui]
637 4320 668 4358 ut
676 4319 704 4359 s.
808 4303 1021 4372 legionariasb.
1131 4285 1307 4343 seersum.
