2692 4688
434 202 899 297 nomenato-att.
1237 208 1300 290 tos

123 384 161 449 nd
175 402 244 448 eum
260 382 345 447 uenit
360 381 560 467 cohortesque
581 406 623 450 ex
643 386 730 450 nouis
745 383 862 450 Galliae
885 386 1047 454 delectibns
1062 398 1138 456 xxti
1160 394 1242 478 eqnid

124 496 231 569 tesque
251 484 290 548 ab
311 506 384 569 rege
404 485 523 551 Norico
545 488 669 552 circiter
681 497 755 552 ccc.
787 486 922 572 Quorum
939 492 1069 556 aduentu
1085 493 1178 559 altera
1193 516 1245 562 ea·

124 599 189 654 stre
203 588 240 652 ad
257 587 380 652 alteram
396 590 493 673 oppidi
507 598 620 674 partem
636 592 738 675 ponite
763 592 808 655 bis
824 594 932 656 castris
948 590 1111 659 Curionem
1126 599 1244 681 praele-

125 693 179 756 cit.
210 688 348 775 Reliquis
371 691 475 755 diebus
498 694 634 777 oppidum
655 692 737 758 uallo
759 696 951 779 castellisque
965 697 1182 763 circumuenire
1197 696 1279 765 iti-b

87 808 103 860 t
125 794 235 860 stituit.
274 791 368 858 Cuius
391 796 491 879 operis
512 796 643 860 maxima
665 806 750 880 parte
770 797 876 862 ellecta
899 799 1002 862 eodem
1026 801 1089 865 iere
1111 810 1245 886 tempere

123 897 207 962 missi
222 918 241 961 a
255 892 399 979 Pompeio
414 907 620 963 reuertuntur.
644 896 774 964 Litteris
791 900 931 985 perlectis
941 896 1090 967 Domitius
1105 904 1243 969 dissimn⁴
1257 905 1300 976 19

121 1001 189 1065 lans
203 999 236 1064 in
250 997 380 1063 coneilio
394 1000 569 1083 pronuntiat
583 998 759 1088 Pompeium
781 1002 923 1067 celeritcr
936 1004 1069 1068 subsidio
1085 1017 1243 1072 nentumu
1261 1018 1266 1033 '

122 1102 319 1188 bortatnrqnc
334 1120 399 1177 eos,
417 1121 456 1165 ue
471 1103 570 1167 animo
586 1103 725 1168 debeinnt
739 1125 874 1190 quaeque
888 1109 957 1171 usui
973 1109 1009 1172 nd
1026 1109 1242 1173 defendendum

123 1204 261 1289 oppidem
274 1204 337 1269 sint
351 1213 469 1288 parent.
492 1200 561 1289 lpse
576 1224 686 1270 arcano
695 1227 762 1271 enm
776 1209 879 1292 paucis
895 1210 1088 1275 familiaribus
1103 1212 1166 1275 suis
1181 1210 1280 1277 eob2

65 1314 99 1370 tt
120 1306 255 1390 loquitnr
267 1308 482 1390 consiliumque
498 1309 586 1392 lngne
601 1328 710 1394 capere
725 1311 888 1375 constitnit.
930 1306 1006 1375 Cum
1023 1310 1123 1378 uultus
1140 1313 1243 1379 Domi·

123 1410 159 1473 tii
174 1426 240 1474 eunt
248 1410 384 1474 oratioue
399 1429 460 1472 non
476 1412 661 1476 consentiret
677 1424 766 1498 atque
774 1414 872 1477 omnia
881 1414 1078 1498 trepidantius
1094 1408 1242 1481 timidiusss

121 1532 179 1600 que
194 1520 309 1598 ageret,
326 1532 412 1595 quam
429 1514 633 1596 superioribus
648 1515 751 1580 diebus
767 1528 960 1595 consuesset,
976 1518 1158 1601 multumque
1173 1538 1240 1582 enm

121 1616 183 1679 snis
199 1614 375 1680 consiliandi
391 1628 608 1681 consesecrctc
618 1628 737 1701 praeter
749 1620 992 1683 consuetudinem
1007 1620 1239 1704 colloqueretur,

121 1720 247 1783 concilis
262 1728 487 1803 conuentusque
503 1720 652 1783 bominum
670 1723 804 1805 lugeret,
828 1740 879 1784 res
901 1721 1011 1785 diutius
1027 1722 1087 1807 tegi
1103 1708 1241 1785 dissimu-

65 1830 99 1883 tt
121 1819 237 1905 lariqne
252 1841 312 1885 uon
328 1823 433 1906 potuit.
451 1821 613 1907 Pompeius
629 1823 706 1887 enim
722 1823 938 1906 rescripserat:
955 1842 1024 1887 sese
1040 1836 1104 1887 rem
1120 1824 1150 1887 in
1160 1844 1239 1887 snmd
1255 1822 1275 1888 3

120 1944 200 1986 mum
216 1924 380 2007 pericnlum
395 1924 586 1989 deducturum
603 1946 662 1988 non
679 1944 765 2001 esse,
790 1942 886 2008 neque
906 1946 961 1988 snc
979 1926 1105 1991 consilio
1120 1935 1172 1989 ant
1187 1928 1241 1989 no·¹

122 2025 239 2088 luntate
253 2023 414 2090 Domitium
429 2047 463 2091 se
480 2028 508 2091 in
526 2027 662 2113 oppidum
678 2024 844 2090 Corfinium
860 2026 1043 2092 contulisse:
1060 2028 1197 2113 proinde,
1214 2022 1276 2092 εΗ

121 2146 178 2210 qua
194 2127 303 2192 luisset
316 2127 452 2205 facultas,
470 2133 505 2194 ad
522 2151 555 2194 se
572 2152 637 2193 curn
653 2130 789 2193 omnibus
804 2128 898 2212 copiis
914 2131 1042 2192 ueniret.
1072 2129 1105 2192 ld
1121 2151 1160 2194 nc
1175 2128 1239 2194 lieri

121 2241 240 2314 posset,
259 2231 414 2297 obsidione
429 2244 518 2316 atque
533 2233 630 2318 oppidi
646 2230 923 2296 circummunitione
938 2232 1038 2293 llebat.
1072 2226 1236 2314 [diuulgato
1249 2232 1296 2303 20

61 2340 95 2395 tt
119 2330 243 2397 Domitii
253 2336 379 2399 consilio
388 2337 511 2413 milites,
529 2336 577 2420 qui
594 2330 828 2411 crantCorbnii,
846 2333 939 2418 prima
957 2333 1075 2418 uesperi
1092 2334 1240 2398 secessio*

120 2454 188 2498 nem
204 2436 315 2500 iaciunt
330 2448 419 2520 atque
434 2439 475 2502 ita
490 2439 618 2503 interae
634 2458 688 2523 per
703 2438 838 2501 tribunos
853 2438 977 2502 militum
989 2436 1241 2520 centurionesque

118 2547 207 2621 atque
223 2539 451 2604 honestissimos
467 2541 513 2603 sui
537 2541 657 2626 generis
674 2540 892 2604 conlocantur:
917 2540 1049 2605 obsideri
1071 2560 1105 2605 se
1127 2534 1277 2605 aCae⁶2

118 2660 205 2720 sare,
222 2662 316 2726 opere
331 2644 572 2726 munitionesque
588 2664 678 2728 prope
694 2662 761 2707 esse
776 2646 945 2727 periectas3
963 2646 1067 2707 ducem
1083 2664 1168 2707 sunm
1179 2641 1241 2706 Do·

118 2742 252 2823 mitium,
277 2745 361 2809 cuins
376 2766 429 2830 spe
444 2756 533 2828 atque
549 2747 655 2810 fiducia
670 2747 909 2831 permanserint,
935 2746 1077 2828 proiectis
1102 2745 1239 2807 omnibus

61 2855 94 2907 td
120 2846 207 2929 lugae
222 2848 380 2913 consilium
397 2868 523 2932 capere:
549 2848 657 2913 debere
679 2869 712 2912 se
735 2869 807 2913 snae
832 2849 937 2913 salutis
952 2847 1099 2911 rationem
1115 2842 1237 2908 babere.

119 2947 167 3010 Ab
189 2950 235 3013 bis
255 2951 351 3034 primo
374 2948 470 3014 blaesi
494 2951 655 3014 dissentire
676 2951 823 3035 incipiunt
845 2970 969 3033 eamque
990 2946 1088 3032 oppidi
1111 2955 1237 3031 partem,
1255 2944 1275 3011 3

121 3071 197 3133 quae
212 3052 410 3117 munitissima
426 3054 592 3130 uideretur,
610 3062 768 3138 occnpcnt,
786 3062 927 3135 tantaque
942 3052 1081 3113 intereos
1091 3049 1240 3114 dissensio
1253 3050 1275 3114 l

121 3155 235 3234 existit,
254 3164 288 3218 ut
302 3175 421 3218 manum
437 3175 599 3219 conserere
615 3166 704 3239 atque
719 3156 809 3218 armis
826 3155 968 3217 dimicare
983 3162 1148 3230 conenturq
1173 3160 1241 3235 post

119 3256 207 3340 paulo
223 3265 322 3321 tamen
337 3259 531 3322 internuntiis
548 3257 627 3320 ultro
643 3257 778 3341 citroque
793 3257 979 3340 missisqnae
995 3255 1184 3338 ignorabant,
1203 3255 1240 3318 de

61 3366 95 3419 ³0
118 3354 159 3421 L.
176 3354 301 3423 Domitii
317 3360 405 3443 luga,
432 3372 630 3446 cognoscunt.
663 3359 768 3444 Itaque
791 3381 895 3424 omnes
918 3380 978 3422 uno
995 3358 1121 3421 consilio
1137 3352 1275 3419 Domi-5

120 3456 193 3522 tium
209 3461 379 3543 productum
396 3463 426 3526 in
442 3464 589 3547 publicum
599 3464 822 3526 circumsistunt
838 3473 868 3525 et
883 3461 1053 3525 custodiunt
1068 3460 1241 3544 legatosque

119 3583 160 3626 ex
184 3583 239 3626 suo
261 3586 384 3629 numero
406 3568 443 3629 ad
460 3562 623 3628 Caesarem
650 3565 785 3628 mittunt:
811 3585 879 3628 sese
903 3574 1021 3647 paratos
1046 3583 1113 3625 esse
1138 3570 1239 3644 portas

119 3664 237 3749 aperire
258 3688 392 3751 quaeque
413 3668 607 3751 imperauerit
631 3669 729 3730 lacere
753 3678 783 3729 et
798 3664 837 3730 L.
863 3664 1027 3729 Domitium
1050 3664 1151 3725 uiuum
1176 3662 1240 3724 eius

118 3769 260 3851 potestati
277 3772 407 3835 trudere.
434 3764 549 3851 Quibus
566 3768 657 3833 rebus
675 3769 803 3853 cognitis
814 3766 942 3846 Caesar,
960 3766 1015 3830 etsi
1033 3763 1132 3847 magni
1148 3764 1242 3828 inter·
1255 3763 1295 3834 21

228 3908 239 3960 l
256 3908 395 3959 dilectibus
408 3923 425 3956 u
435 3908 457 3957 b.
616 3908 631 3956 b
645 3922 659 3956 n
672 3906 791 3974 Pompelo
804 3905 886 3969 obri,
901 3906 932 3955 ad
947 3904 1091 3971 Pompeium
1104 3918 1130 3951 u.

119 3983 134 4036 7
146 3986 260 4038 concillo
273 3989 348 4037 ‘msa
362 3984 504 4052 plerique,
520 3985 630 4035 consilio
643 4000 660 4034 a
672 4003 699 4036 u.
822 3986 837 4037 9
850 3986 904 4036 siat
916 4000 969 4037 cm.
985 3984 1009 4035 b.
1142 3996 1239 4035 arcane

119 4065 192 4130 bed,
206 4066 320 4118 archano
333 4082 359 4117 a.
483 4065 538 4115 suis
552 4080 604 4115 orn.
619 4064 646 4114 d.
782 4066 813 4117 18
828 4064 923 4116 luisset
936 4064 1048 4116 facultas
1061 4064 1111 4127 ob,
1128 4060 1239 4114 incultae

119 4141 214 4195 luisset
225 4158 253 4195 ts.
359 4140 502 4195 20milites
516 4144 568 4190 int.
584 4155 655 4190 uere.
671 4142 693 4192 b.
800 4141 1033 4195 littibunumub.
1139 4138 1240 4193 „coe-

118 4219 281 4272 loenntnro.
421 4219 455 4273 28
468 4217 573 4284 (existit
586 4216 615 4283 a)
628 4217 732 4268 exstitit
745 4217 793 4282 (b).
940 4214 1139 4271 tdltomitiim.
1151 4227 1196 4278 pr.
1209 4224 1236 4261 o.

225 4297 259 4350 ³³
272 4298 328 4349 eins
340 4296 464 4365 potestati
477 4295 552 4359 odd,
567 4294 593 4346 in
607 4294 663 4346 eine
675 4298 833 4364 potestatcm
846 4310 873 4347 u.
