2692 4688
56 220 121 288 346
450 221 509 289 ΒΕ
531 218 676 290 uuum
699 216 888 289 GALLICO

114 406 232 460 terrore
254 414 398 480 equorum
421 407 454 460 ct
476 398 603 481 strepitu
625 407 758 460 rotarum
783 396 904 459 ordines
930 392 1103 478 plerumque
1118 402 1236 477 pertur-

113 497 203 573 bant,
227 508 258 562 et
278 519 343 561 cunr
366 518 399 562 se
414 499 494 562 inter
509 500 639 581 equitum
657 509 769 561 turmas
785 498 1033 573 insinuauerunt‚
1057 516 1099 559 ex
1120 495 1236 559 essedis

77 599 255 665 2tlesiliunt
277 610 308 663 et
336 599 460 683 pedibus
483 602 679 686 proeliantur.
726 600 861 684 Aurigae
890 600 1009 664 interior
1031 598 1172 682 paulatim
1195 618 1237 661 ex

112 703 226 788 proelio
242 703 395 766 excedunt
410 712 497 786 atquc
513 705 556 766 ita
572 725 679 767 currus
695 703 872 780 conlocant,
890 713 941 781 ut,
967 703 992 765 si
1009 702 1052 766 illi
1068 722 1086 764 a
1101 700 1236 763 multitu-

113 805 182 869 dine
205 805 331 868 hostium
354 817 544 888 premantur,
569 806 739 890 expeditum
761 806 798 868 ad
820 825 891 868 suos
914 816 1066 887 receptum
1089 802 1231 866 habeant.
1256 814 1271 866 s

78 904 98 972 3
113 904 161 970 lta
176 907 368 971 mobilitatem
377 909 520 994 equitum,
539 907 729 972 stabilitatem
738 908 868 991 peditum
885 908 913 969 in
931 907 1051 990 proeliis
1067 915 1235 990 praestent,

113 1029 149 1073 sc
164 1019 277 1073 tantun
301 1032 357 1074 usu
380 1010 530 1073 cotidiano
554 1021 585 1073 et
599 1011 819 1074 exercitatione
834 1009 981 1086 efficiunt,
1005 1009 1048 1072 uti
1070 1010 1102 1072 in
1126 1008 1237 1073 lecliui

113 1132 149 1176 ee
170 1113 324 1197 praecipiti
348 1114 415 1177 loco
436 1113 579 1176 incitatos
601 1134 693 1195 equos
714 1113 866 1177 sustinere
887 1111 1016 1175 etbreui
1034 1113 1238 1177 moderatrice

113 1213 236 1278 flectere
252 1226 282 1278 et
297 1236 350 1299 per
366 1226 513 1279 temonem
536 1236 713 1300 percurrere
736 1216 812 1278 etin
827 1215 898 1298 iugo
913 1215 1057 1279 insistere
1072 1225 1152 1279 etse
1168 1215 1238 1279 iude

55 1313 101 1386 84
115 1317 146 1380 in
162 1338 269 1381 currus
285 1318 428 1381 citissime
444 1319 579 1402 recipere
595 1318 781 1381 consuerint.
818 1314 933 1397 Quibus
947 1318 1039 1381 rebus
1055 1316 1238 1401 perturbetis
1261 1326 1294 1381 tu

114 1421 228 1484 nostris
245 1421 379 1483 nouitate
396 1440 513 1505 pugnae
532 1430 667 1504 ternpore
688 1420 940 1504 opportunissimo
957 1416 1075 1485 Caesar
1089 1420 1236 1485 auxilium

113 1522 198 1585 tulit:
216 1543 344 1605 namque
360 1523 423 1586 eius
439 1523 569 1586 aduentu
586 1523 687 1586 hostes
701 1523 913 1599 constiterunt,
931 1523 1027 1586 nostri
1043 1543 1077 1587 se
1092 1544 1134 1587 ex
1149 1522 1238 1587 timo·

78 1623 150 1689 2re
172 1636 361 1708 receperunt.
407 1621 476 1706 Quo
500 1627 580 1689 iacto
603 1626 640 1688 ad
663 1625 867 1688 lacessendum
894 1634 925 1688 et
939 1626 976 1688 ud
991 1626 1236 1689 committendum

114 1726 258 1810 proelium
282 1728 412 1792 alienum
435 1748 504 1792 esse
529 1740 644 1812 tempus
660 1726 822 1790 arbitratus
838 1749 893 1791 suo
910 1747 943 1791 se
958 1727 1025 1790 loco
1041 1727 1191 1792 continuit
1205 1737 1238 1792 et

79 1823 198 1893 3ltreui
215 1841 348 1914 tempore
369 1831 542 1894 intermisso
563 1832 593 1894 in
609 1841 709 1894 eastra
724 1830 861 1914 legiones
876 1831 1009 1894 reduxit.
1056 1828 1138 1894 llum
1161 1829 1236 1894 haec
1258 1840 1293 1895 ts

114 1942 271 2016 geruntur,
289 1933 402 1997 nostris
418 1933 554 1996 omnibus
569 1933 722 2016 occupatis
742 1933 790 2015 qui
806 1942 893 1996 erant
907 1933 937 1996 in
954 1933 1035 2016 egris
1050 1932 1160 2018 reliqui
1175 1934 1238 1999 ‹lis-

47 2014 283 2098 'ccesserunt
330 2032 461 2099 Secutae
483 2045 553 2099 sunt
575 2035 735 2099 continuos
759 2034 918 2119 conplures
941 2033 1006 2098 ‹lies
1027 2045 1235 2120 tempestates,

115 2156 191 2219 quae
207 2147 237 2200 et
252 2148 374 2201 nostros
390 2138 421 2201 iu
445 2139 552 2201 castris
569 2137 760 2201 continerent
774 2148 805 2201 et
820 2138 935 2202 hostem
951 2159 968 2200 a
984 2158 1082 2223 pugna
1097 2137 1238 2221 prohibe·

79 2237 193 2305 amon.
238 2236 363 2304 Interim
379 2241 499 2305 barbari
521 2240 641 2304 nuntios
656 2241 687 2303 in
703 2261 807 2304 omnes
822 2250 924 2323 partes
940 2239 1116 2304 dimiserunt
1129 2239 1234 2322 pauci-

114 2353 265 2425 tatemque
280 2354 450 2408 nostrorum
466 2343 590 2407 rnilitum
606 2343 669 2406 suis
685 2344 999 2426 praedicaremus,
1022 2350 1132 2425 quem
1146 2361 1234 2426 prae·
1255 2352 1295 2408 20

116 2446 171 2509 dae
187 2446 341 2509 faciendae
356 2457 444 2528 atque
459 2445 490 2508 in
508 2456 681 2529 perpetuum
697 2446 743 2508 sni
759 2444 904 2509 liberandi
921 2444 1191 2523 facultastlaretuc,
1209 2444 1237 2508 si

115 2545 269 2610 Romanos
286 2548 394 2609 castris
410 2547 607 2630 expulissent,
626 2548 917 2611 demonstraueruut.
950 2547 1007 2611 His
1023 2547 1113 2612 rebus
1129 2547 1236 2611 eeleri-

115 2658 164 2712 ter
178 2668 283 2732 magna
301 2648 488 2712 multitudine
504 2651 651 2734 peditatus
667 2652 876 2734 equitatusque
895 2662 999 2715 coacta
1014 2652 1051 2715 acl
1066 2660 1166 2714 castre
1181 2670 1236 2713 ue·

59 2752 104 2824 35
120 2762 241 2817 uerunt.
288 2746 423 2829 Cacsar,
450 2752 506 2815 etsi
522 2753 619 2831 idem,
638 2753 714 2834 quod
730 2753 934 2836 superioribus
949 2754 1055 2817 diebus
1070 2752 1233 2832 acciderat,

36 2850 82 2913 G
117 2858 181 2920 lore
196 2855 334 2933 uidebat,
351 2866 403 2933 ut,
422 2854 449 2918 si
464 2866 567 2918 essent
582 2855 683 2918 hostes
699 2856 795 2940 pulsi,
813 2856 967 2919 celeritate
983 2857 1145 2940 periculum
1161 2856 1236 2921 ellu-
1259 2867 1295 2921 25

115 2972 241 3043 gerent,
265 2969 364 3021 tamen
379 2969 485 3021 nactus
501 2957 615 3040 equites
631 2958 751 3021 circiter
764 2968 859 3036 xxx,
884 2979 958 3041 quos
975 2956 1129 3023 Commius
1145 2960 1237 3024 Atre-

117 3062 185 3139 bas,
204 3061 239 3124 de
255 3083 313 3143 quo
329 3072 399 3126 ante
415 3061 525 3125 dietum
541 3072 606 3136 est,
624 3081 723 3123 secum
741 3070 1019 3145 transportauerat‚
1045 3061 1180 3146 legiones
1202 3063 1234 3125 iu

79 3165 180 3232 tacte
196 3185 249 3248 pro
266 3164 372 3227 castris
388 3165 556 3228 constituit.
600 3159 768 3228 Commisso
792 3164 906 3247 proelio
930 3163 1040 3227 diutius
1063 3175 1236 3228 nostrorum

115 3266 242 3331 militum
264 3266 405 3351 impetum
428 3267 529 3333 hostes
552 3268 632 3330 terre
656 3288 715 3331 non
738 3277 897 3350 potuerunt
913 3288 949 3330 ac
965 3277 1050 3350 terga
1065 3277 1234 3332 uerterunt.

223 3511 240 3565 2
252 3508 451 3561 insinuauerunt
463 3512 489 3562 A
497 3512 556 3577 DJ,
571 3510 765 3561 insinuauerint
777 3509 824 3575 (B)
836 3510 905 3561 Clle
917 3514 1009 3560 etue.
1024 3524 1061 3560 m.
1068 3510 1099 3575 s.

116 3586 162 3653 ex]
175 3596 204 3639 et
215 3603 249 3638 ex
261 3589 306 3652 es.
412 3587 629 3655 ipelitestes.
735 3585 1236 3654 paulatimABCDB‘omnes'5pan·

116 3663 169 3714 lum
181 3679 235 3726 ae,
250 3662 417 3730 puululuurs.
524 3666 541 3716 t
553 3679 645 3715 eunus
659 3664 711 3727 be,
725 3679 753 3713 se
765 3665 840 3730 uss.
929 3662 1069 3713 conlocant
1081 3662 1137 3712 AB
1147 3662 1236 3729 ΟΜ.

224 3744 291 3795 tuti
304 3745 462 3807 Aucus,
477 3746 540 3811 uts.
643 3746 701 3796 lise
717 3742 776 3794 inde
790 3742 948 3806 Aucus,
964 3742 1024 3792 ioue
1037 3741 1128 3807 sesu.

118 3820 150 3872 10
163 3821 290 3872 tetissiune
303 3836 339 3870 m.
351 3837 397 3889 pr.
411 3823 444 3874 B.
562 3823 590 3874 ll
607 3822 824 3889 opportunissime
836 3837 873 3871 m.
886 3835 929 3883 pr.
943 3821 977 3871 B.
1096 3820 1128 3873 12
1140 3835 1169 3871 se
1182 3834 1238 3871 est.

118 3911 148 3961 e,
160 3902 223 3963 post
236 3898 327 3947 timore
335 3902 419 3961 ponit
430 3899 518 3951 Aldus
531 3904 558 3949 et
570 3903 622 3950 iat.
636 3914 707 3951 uere.
715 3900 744 3966 s.
873 3898 905 3949 ta
917 3899 950 3947 sd
964 3898 1146 3948 lacessendum
1158 3896 1240 3962 Ata)

120 3973 212 4034 cuc,
227 3973 259 4021 ud
274 3972 454 4025 lacessendum
468 3975 568 4026 hostem
580 3976 630 4041 cs.
735 3981 762 4026 et
775 3974 985 4025 committentem
998 3975 1047 4039 es.
1157 3973 1188 4025 li
1201 3974 1240 4025 le-

117 4051 208 4116 giones
221 4048 346 4099 conduxit
361 4052 392 4101 C.
499 4051 530 4102 tc
544 4053 613 4103 inter
624 4067 700 4115 egros
711 4052 746 4103 Ι).
851 4051 986 4102 discernat
997 4066 1033 4101 m.
1045 4064 1089 4116 pr.
1104 4050 1137 4101 B.

120 4125 152 4181 li
166 4126 222 4177 dies
235 4125 568 4194 compluress(conplnres
581 4129 688 4189 ABG).
806 4127 839 4178 ts
851 4126 939 4177 hostes
953 4127 978 4176 t.
1083 4126 1118 4180 tt
1131 4125 1238 4177 demon-

118 4201 349 4257 strsucreotCD.
472 4202 562 4270 rebus]
576 4204 667 4256 liebus
682 4203 756 4269 tds.
892 4204 925 4257 ta
938 4202 1076 4255 multitudo
1090 4203 1125 4254 A.

119 4283 152 4339 25
164 4288 195 4333 ut
206 4280 229 4333 si
242 4282 294 4348 es,
309 4286 336 4330 et
348 4279 371 4331 si
383 4279 502 4332 ABCD
513 4281 544 4331 Ε.
649 4282 683 4336 tt
697 4283 803 4345 triginta
817 4281 874 4346 (u).
