2692 4688
506 217 651 287 canu
666 218 820 288 tit-tt.
1219 220 1285 292 733

104 393 252 471 felicitas,
277 409 318 456 ex
332 392 484 457 sentamia
498 389 691 458 aduersarios
704 391 803 457 adhuc
816 391 974 477 propulsos
998 434 1148 459 ......
1175 398 1226 481 qui

103 497 130 562 si
144 515 240 578 aequo
256 496 322 559 lcoo
338 493 386 559 sui
400 505 578 580 potestatem
594 496 741 573 lacerent,
756 495 899 574 celerius,
915 515 1002 579 qnam
1010 505 1115 560 uestra
1122 500 1224 582 opinio

103 600 174 675 lert,
192 597 300 660 bellurn
315 598 524 663 confecissem.
556 593 616 663 Sed
637 597 805 663 exercitum
829 598 957 662 tironem
978 619 1041 662 non
1061 599 1172 664 audent
1191 602 1224 666 in
1237 601 1259 668 6

102 720 236 784 campum
252 698 399 765 deducere
414 701 586 784 nostrisque
600 699 696 766 adhuc
718 701 771 765 lixi
792 700 949 784 praesidiis
969 700 1080 766 bellum
1099 701 1222 766 ducunt.

66 814 82 865 t
104 800 185 866 Num
201 802 337 886 singulas
351 804 490 867 ciuitates
502 803 779 868 circumsederuntc
803 803 873 868 indo
894 802 952 867 sibi
971 814 1153 868 commentus
1173 824 1225 870 oa·

102 904 199 989 piunt.
231 902 335 988 Quare
349 916 381 970 et
395 905 533 970 ciuitates
550 917 720 970 nostrarum
736 905 864 990 partium
876 905 1062 969 conserualto
1074 905 1259 973 othelium?

101 1007 197 1090 primo
212 1028 328 1091 quoque
344 1019 476 1093 tempore
490 1008 658 1073 conficiam.
682 1005 834 1074 Cohortes
849 1011 882 1072 ἐκ
893 1008 993 1072 animo
1005 1008 1101 1073 haben
1114 1010 1154 1072 ad
1167 1028 1224 1074 unu

100 1110 231 1173 mittere.
260 1106 401 1175 Profecto
415 1122 521 1175 nostro
536 1121 704 1176 commeatu
718 1111 826 1195 priuati
840 1111 1012 1176 necessario
1026 1111 1065 1175 ad
1080 1109 1225 1176 dimican-

101 1212 168 1274 dum
185 1213 386 1276 descendent’.
415 1212 592 1297 Insequenti
609 1225 741 1298 tempore
756 1233 822 1278 eum
838 1212 934 1277 nostri
947 1213 980 1277 in
995 1233 1085 1298 opere
1100 1214 1223 1279 distenti
1237 1211 1281 1286 fl

46 1320 79 1376 tt
101 1324 223 1392 essent,
249 1315 363 1399 equites
378 1316 410 1379 in
425 1316 556 1395 olineto,
573 1317 641 1382 dum
656 1316 826 1402 lignantur,
848 1315 997 1380 interlecti
1013 1326 1083 1379 sunt
1097 1316 1220 1399 aliquot.

101 1412 192 1481 Serui
207 1419 446 1502 transfugerunt,
461 1420 514 1502 qui
529 1422 755 1498 mundanorum,
772 1440 802 1482 a.
821 1418 850 1482 d.
869 1428 904 1481 ltt
918 1416 1003 1483 Non.
1020 1414 1116 1482 Mart.
1131 1417 1257 1501 pree-2

78 1564 88 1583 .
102 1519 173 1583 lium
188 1520 225 1582 ad
240 1517 377 1584 Soricam
393 1521 470 1604 quod
487 1523 597 1586 factam
613 1531 677 1601 est,
694 1542 736 1585 ex
751 1541 788 1585 eo
803 1531 937 1605 tempore
951 1532 1062 1585 metum
1078 1539 1146 1585 esse
1159 1539 1223 1584 ma-

101 1642 208 1706 gnum,
232 1632 264 1687 et
279 1623 394 1688 Attium
409 1622 525 1688 Varum
546 1625 659 1689 circum
681 1623 807 1689 castella
819 1641 973 1708 praeesse.
1005 1621 1054 1688 Eo
1068 1623 1116 1688 die
1131 1619 1222 1687 Pom·
1236 1621 1257 1687 3

101 1724 184 1808 peius
200 1737 300 1790 eastra
315 1728 410 1791 mouit
424 1737 455 1791 et
467 1738 574 1791 contra
583 1726 728 1810 Hispalim
742 1726 775 1789 in
790 1725 904 1790 olineto
914 1726 1081 1790 constituit.
1106 1721 1224 1790 Caesar

47 1834 78 1888 tt
100 1825 272 1910 priusquam
287 1828 393 1890 eodem
409 1839 456 1891 est
470 1830 634 1911 proiectus,
651 1826 722 1891 luna
738 1827 812 1891 hora
826 1827 949 1893 circiter
961 1838 1053 1892 sexta
1073 1828 1139 1892 uisa
1159 1837 1219 1891 cst.

99 1925 146 1991 lta
160 1928 271 1991 castris
286 1928 374 1990 motis
389 1925 517 1993 chdim
533 1927 695 2012 Pompeius
708 1929 901 2011 praesidium,
918 1929 996 2014 quod
1011 1930 1142 2014 reliquit,
1159 1928 1258 1994 ins-t

99 2029 141 2092 sit
154 2039 188 2092 ut
201 2028 397 2092 incenderent
411 2040 443 2094 at
456 2030 561 2093 denuo
576 2029 682 2113 oppido
696 2030 729 2092 in
743 2040 845 2094 cestra
858 2032 975 2096 maiora
989 2050 1023 2096 sa
1037 2032 1219 2117 reciperent.

100 2127 273 2214 Insequenti
288 2141 422 2214 tempore
429 2129 633 2216 Ventiponem
643 2131 779 2216 oppidum
794 2151 864 2196 cum
875 2151 1048 2216 oppugnare
1058 2137 1220 2217 coepisset,
1236 2132 1257 2197 5

100 2233 250 2298 deditione
267 2233 345 2297 iacta
358 2234 416 2298 iter
431 2233 502 2298 lecit
515 2229 733 2311 intormem,
749 2241 856 2298 contra
863 2230 1038 2318 Pompeium
1053 2244 1153 2298 castra
1168 2256 1221 2319 po-

40 2344 76 2404 rt
98 2338 169 2400 snit.
187 2333 350 2422 Pompeius
357 2335 710 2421 oppidum,quodoontra
718 2356 773 2400 eur
781 2335 929 2420 praesidia
936 2345 1040 2420 portus
1048 2336 1220 2415 clausisset,

98 2439 252 2520 incendit3
275 2439 432 2522 milesque,
449 2439 500 2522 qui
515 2440 639 2503 fratrem
653 2458 740 2504 suum
755 2438 787 2503 in
802 2437 910 2503 eastris
925 2438 1108 2522 iugulasset‚
1125 2440 1220 2504 inter·
1233 2439 1256 2505 6

100 2550 205 2625 ceptus
220 2551 267 2605 est
281 2562 300 2605 a
314 2541 428 2606 nostris
443 2552 475 2605 et
489 2543 562 2607 iusti
576 2562 749 2628 percussus.
782 2539 862 2607 llinc
875 2541 986 2607 itinera
1000 2542 1079 2607 lacto
1094 2543 1126 2608 in
1141 2562 1223 2608 eam·

99 2664 166 2728 pum
181 2642 381 2709 Mundensem
397 2665 464 2709 cnm
477 2656 560 2710 esset
575 2655 708 2724 uentum,
724 2656 826 2710 castra
839 2656 945 2710 contra
958 2642 1134 2729 Pompeium
1148 2665 1222 2709 con-

100 2747 208 2811 stitnit.
237 2743 385 2832 Sequenti
407 2747 455 2812 die
476 2768 543 2813 cunr
564 2748 625 2812 iter
645 2749 746 2812 lucere
765 2741 885 2812 Caesar
905 2768 974 2810 cnm
995 2747 1089 2830 copiis
1114 2747 1218 2826 uellet,
1234 2746 1279 2818 28

41 2859 75 2914 tt
97 2850 299 2914 renuntiatum
312 2862 362 2915 est
372 2872 390 2914 a
402 2851 638 2935 speculatoribus
646 2847 821 2934 Pompeium
834 2849 873 2914 dc
886 2849 977 2914 tertia
992 2848 1093 2932 uigilia
1105 2848 1140 2911 in
1155 2847 1222 2914 acie

99 2953 233 3016 stetisse.
266 2951 332 3016 Hoc
347 2955 453 3017 nuntio
469 2955 559 3019 allato
574 2953 719 3019 uexillum
734 2954 898 3038 proposuit.
930 2949 1048 3014 idcirco
1069 2950 1147 3014 enim
1171 2949 1257 3016 co-2

98 3055 162 3139 pias
179 3056 338 3132 eduxerat,
355 3057 433 3137 quod
448 3055 688 3121 Vrsaonensiunr
703 3055 831 3132 ciuitati,
848 3056 905 3141 qui
917 3053 1109 3116 eviluissent
1124 3053 1222 3118 lauto·

99 3177 161 3235 res,
179 3166 267 3219 antea
282 3155 399 3220 littores
414 3156 550 3235 miserat,
569 3154 732 3223 Caesarem
756 3156 834 3220 nolle
855 3154 886 3220 in
911 3155 1075 3220 conuallem
1098 3154 1222 3221 descen-

209 3286 220 3336 l
236 3285 403 3338 aduersarios
415 3299 468 3336 om.
484 3286 509 3336 d.
627 3287 764 3355 propulsor
776 3301 794 3337 a
807 3286 831 3350 l,
845 3285 968 3353 propulsa
981 3301 1012 3350 ος
1027 3287 1164 3354 propulsos
1177 3287 1223 3338 ltu·

98 3364 189 3419 bemus
202 3379 229 3413 a.
244 3362 384 3414 Lacunam
397 3378 445 3429 ogo
459 3367 566 3413 notaui.
689 3365 733 3431 qui
745 3379 764 3414 o
778 3364 801 3427 l,
816 3371 902 3414 tumen
914 3378 942 3414 tr.
1064 3365 1081 3417 2
1095 3371 1185 3414 nostru
1195 3377 1222 3414 o.

208 3439 353 3491 diertcod.
368 3439 442 3505 Vra,
458 3439 652 3491 fermentati.
755 3439 917 3491 ooniiciaaem
927 3456 956 3492 a.
1063 3447 1222 3507 mensura.

208 3517 372 3567 toncerca.
476 3513 709 3579 lisic,l'rctiedd.
817 3516 946 3567 tundet.
1052 3516 1222 3583 tintdett„

100 3611 153 3647 om.
167 3595 279 3660 reliqui.
402 3597 417 3647 9
430 3595 514 3646 nostri
527 3611 544 3644 a
558 3595 582 3659 b,
598 3593 681 3644 nostri
694 3600 791 3645 temere
804 3609 834 3644 as.
940 3595 972 3647 ld
982 3595 1065 3662 aliqui
1078 3595 1103 3646 l.

100 3671 130 3724 tl
142 3671 208 3724 Non.
219 3667 300 3723 Maris.
310 3686 336 3735 o,
346 3669 477 3722 Nonarum
485 3669 572 3722 Martii
585 3685 603 3720 u
614 3674 645 3721 et
653 3673 695 3720 sa‘c
708 3670 765 3720 ‘uel
776 3667 840 3722 licia.
852 3667 942 3720 nertii
955 3672 1028 3722 merl.
1137 3670 1224 3727 lusu·

20 3780 24 3785 ·
98 3751 179 3801 ricem
194 3751 217 3814 d,
233 3749 343 3800 Siriearn
358 3765 380 3814 o,
394 3748 562 3811 Sinitiumo3
576 3747 743 3798 Sorieiamat.
849 3748 1026 3813 llspulima.
1131 3751 1225 3802 cousti-

101 3825 152 3876 tuit
164 3841 181 3875 α
194 3827 218 3890 d,
233 3827 353 3877 constitit
364 3840 391 3877 tt.
516 3825 546 3877 ld
561 3840 590 3874 eo
605 3824 631 3874 i.
756 3824 785 3876 ld
799 3822 923 3874 decubim
936 3839 963 3874 a.
1079 3824 1112 3878 17
1123 3833 1153 3878 ut
1164 3841 1225 3879 otta

99 3916 155 3952 uno
168 3900 221 3951 det.
236 3916 290 3952 om.
304 3917 333 3952 u.
480 3902 513 3953 l8
524 3898 695 3967 Ventiponcn
708 3914 757 3965 ego
765 3918 775 3962 ,·
787 3897 944 3968 Ventipoutu
957 3915 975 3951 a
986 3901 1013 3966 b,
1027 3898 1178 3971 Ventiponti
1188 3921 1223 3971 ep

100 3979 273 4047 Ventisponte
286 3981 374 4031 Aldus
386 3995 413 4030 rt.
424 3979 487 4032 Vid.
498 3979 526 4032 V
525 3979 594 4031 ltcrt.
608 3979 686 4046 Hispa.
693 3993 722 4044 p.
733 3977 794 4030 367.
897 3978 1076 4031 ldinterleeit
1087 3993 1115 4032 a.

98 4068 239 4127 contraque
252 4061 342 4111 carati
354 4060 422 4111 dett.
436 4074 465 4109 u.
588 4057 619 4112 21
635 4057 806 4124 interemptus
820 4057 835 4106 d
848 4072 871 4106 c.
994 4057 1028 4110 tt
1041 4058 1183 4110 nndomut
1196 4074 1223 4109 a.

205 4133 680 4200 tdao‘mrr.ctedd.qdd.’,nbrt.
787 4133 821 4188 26
832 4133 983 4188 constitisse
999 4135 1024 4186 d.
1129 4132 1225 4190 divn-

98 4217 264 4269 reonensiuut
277 4215 474 4283 Glaadorpiua,
488 4212 709 4268 Versaonensium
723 4211 801 4265 codd.
914 4213 960 4280 qul
969 4214 1080 4277 umes·
1092 4211 1240 4272 uppusun.
