2692 4688
88 171 154 241 ead
488 162 619 232 BELLI
635 160 944 230 lunxltttttttttt

148 361 235 428 pares
250 358 319 404 esse
335 337 539 416 confidebant,
561 339 640 401 idem
657 336 808 422 perterriti
825 336 892 418 luga
908 355 1030 399 suorum
1047 346 1079 399 et
1093 336 1187 402 caede
1203 359 1273 423 pau·

149 465 252 509 corum
267 451 346 506 xxx
360 441 464 525 pedum
480 440 638 504 altitudine
655 441 685 502 iu
701 439 844 503 aediliciis
860 440 1028 503 consistere
1045 440 1112 503 ausi
1127 461 1190 504 nou
1205 452 1275 506 suut

148 565 241 628 seque
255 563 311 629 per
325 544 431 606 molem
447 543 479 606 iu
494 562 577 608 mare
592 541 868 628 praecipitauerunt
883 552 913 606 et
925 552 1011 604 uccc
1027 562 1170 625 passuum
1182 545 1273 609 iuter·

148 650 258 715 uallum
280 649 315 710 ad
338 646 476 731 oppidum
499 655 708 708 enataueruot.
740 642 829 707 Multi
851 654 951 706 tumen
966 664 1008 707 ex
1023 645 1069 708 bis
1085 647 1165 730 capti
1179 647 1272 711 inter·

89 754 132 825 19
148 753 278 835 lectique
294 750 448 827 suut3sed
464 766 604 811 uumerus
620 749 803 831 captiuorum
819 746 941 808 omuino
954 747 1011 810 luit
1023 751 1175 812 sexcenti.
1194 746 1271 815 Cae·
1290 762 1304 813 t

149 875 202 919 sar
217 854 326 938 praeda
341 851 482 915 militibus
499 869 643 914 concessa
658 849 791 914 aedilicia
807 849 893 931 diripi
909 849 1000 912 iussit
1011 849 1229 936 castellumque
1238 854 1274 918 ad

149 967 288 1043 pontem,
306 955 354 1037 qui
371 953 492 1038 propior
507 964 574 1015 erat
587 950 705 1029 Pltaro,
723 951 919 1015 communiuit
932 962 1022 1035 atque
1036 952 1077 1015 ibi
1093 956 1274 1038 praesidium

113 1056 259 1143 2posuit.
292 1055 381 1120 liuns
401 1058 472 1138 luga
487 1053 631 1118 Pharitae
652 1056 855 1137 reliquerant3
880 1055 1041 1119 certiorem
1056 1055 1139 1120 illum
1155 1059 1275 1141 propio·

150 1179 272 1243 remque
288 1159 395 1242 oppido
409 1156 609 1221 Alexandrini
625 1158 795 1221 tuebantur.
824 1153 884 1220 Sed
901 1177 967 1220 eum
984 1170 1107 1242 postero
1123 1159 1171 1223 die
1184 1159 1275 1223 simili

150 1262 267 1327 ratiouc
282 1260 473 1346 adgreditur,
498 1260 576 1342 quod
599 1259 644 1322 bis
667 1259 796 1343 optentis
818 1258 935 1323 duobus
951 1280 1068 1325 omnem
1084 1262 1274 1343 nauigiorum
1296 1270 1322 1325 tt

113 1364 312 1430 dexcursum
341 1373 371 1425 ct
392 1362 550 1445 repentina
572 1361 730 1425 latrocinia
752 1360 900 1425 sublatum
921 1360 959 1425 iri
981 1362 1112 1426 uidebat.
1148 1359 1275 1446 lamque

150 1486 221 1544 eos,
239 1466 289 1547 qui
306 1464 455 1547 praesidio
471 1483 538 1526 eum
553 1465 650 1526 locum
667 1464 828 1541 tenebant,
853 1463 1009 1527 tormentis
1023 1483 1065 1527 ex
1081 1464 1210 1529 nauibus
1225 1486 1276 1530 sn·

149 1568 291 1652 gittisque
308 1565 463 1648 depulerat
476 1575 567 1648 atque
581 1565 613 1627 in
629 1566 765 1649 oppidum
780 1566 938 1649 redegerat
951 1574 983 1629 et
996 1565 1165 1629 cohortium
1180 1569 1276 1631 uiuus

149 1669 247 1732 instar
261 1668 291 1730 in
307 1677 418 1730 terram
434 1674 617 1751 exposuerat
635 1670 710 1747 (uon
726 1669 804 1732 enim
821 1669 916 1752 plures
931 1666 1097 1729 consistere
1111 1669 1275 1749 angustiae

149 1771 209 1836 loci
223 1768 443 1854 patiebantur);
457 1766 592 1856 reliquae
607 1769 710 1855 copiae
725 1771 757 1833 in
773 1769 898 1833 nauibus
911 1769 1071 1833 stationem
1082 1768 1270 1852 optinebant.
1298 1780 1324 1834 tt

114 1868 221 1953 dQuo
245 1874 324 1936 lacto
345 1874 470 1956 imperat
492 1883 613 1956 pontem
636 1873 781 1936 aduersus
805 1872 921 1936 bostem
942 1871 1119 1956 praeuullari
1140 1881 1188 1950 et,
1212 1892 1274 1955 qua

151 1976 252 2038 exitus
268 1974 395 2038 nauibus
410 1985 477 2039 erat
491 1975 607 2039 fornice
622 1985 798 2052 exstructo,
816 1995 876 2057 quo
890 1995 964 2058 pons
980 1973 1205 2055 sustinebatur,
1229 1976 1273 2040 la-

115 2073 266 2162 5pidibus
288 2077 400 2162 oppleri
423 2088 513 2160 atque
536 2076 663 2140 obstrui.
701 2074 837 2158 Quorum
859 2077 956 2141 altero
978 2096 1069 2160 opere
1091 2077 1213 2153 effecto,
1239 2087 1275 2141 nt

149 2177 230 2243 nulla
246 2179 367 2243 omuino
383 2180 492 2265 scupba
508 2179 610 2263 egredi
626 2190 739 2262 posset,
754 2181 851 2243 altero
866 2180 1004 2243 instituto
1020 2198 1123 2243 omnes
1137 2177 1273 2242 Alexam

152 2282 305 2346 drinorum
321 2283 427 2367 copiae
442 2303 482 2346 ex
498 2282 604 2366 oppido
619 2300 653 2346 se
668 2282 823 2346 eiecerunt
836 2291 868 2345 et
883 2291 989 2346 contra
1004 2282 1187 2347 munitiones
1200 2300 1274 2365 pon·
1293 2288 1321 2345 bt

152 2386 191 2449 tis
207 2385 314 2449 latiore
329 2386 395 2448 loco
411 2385 623 2459 constiterunt,
635 2385 800 2467 eodemque
816 2394 949 2467 tempore
965 2406 1042 2467 quae
1054 2393 1274 2448 consueuerant

152 2488 272 2569 nauigia
296 2506 350 2569 per
372 2497 477 2570 pontes
500 2487 536 2549 ad
559 2487 696 2550 incendia
718 2487 924 2550 onerariarum
948 2486 1086 2551 emittere
1105 2486 1144 2550 ad
1164 2485 1272 2550 molem

116 2584 138 2651 6
154 2587 385 2651 constituerunt.
417 2584 612 2673 Pugnabatur
632 2590 777 2655 anosuis
794 2610 835 2655 ex
850 2600 959 2674 ponte,
984 2609 1026 2653 ex
1041 2589 1137 2668 mole3
1161 2586 1273 2652 abillis

153 2710 193 2753 ex
209 2711 293 2769 area,
304 2711 380 2774 quae
396 2702 461 2755 erat
475 2692 620 2756 aduersus
637 2703 769 2775 pontem,
786 2703 817 2758 ed
833 2714 873 2757 ex
888 2690 1015 2756 nauibus
1030 2703 1136 2755 contra
1151 2690 1271 2756 molen.

96 2787 189 2862 eblo
212 2793 258 2858 bis
282 2795 371 2860 rebus
394 2805 538 2878 occupato
555 2790 688 2858 Caesare
711 2795 878 2877 militesque
900 2794 1035 2856 bortaute
1051 2793 1198 2874 remigum
1215 2812 1277 2857 ma·
1295 2799 1324 2853 st

152 2917 229 2982 gnus
244 2918 385 2963 numerus
402 2908 432 2962 el
445 2897 667 2961 classiariorum
684 2917 725 2960 ex
739 2896 836 2979 longis
851 2893 976 2958 nauibus
992 2893 1103 2957 nostris
1118 2895 1149 2955 iu
1165 2895 1277 2957 molem

116 2996 186 3062 2se
209 3002 307 3065 eiecit.
340 2999 415 3064 Pars
438 3020 538 3065 eorum
555 3000 653 3063 studio
669 2999 821 3085 spectandi
836 2995 1006 3073 ferebatur,
1030 2993 1204 3079 pometiam
1221 3016 1277 3058 cu-

153 3101 274 3183 piditate
290 3103 451 3187 pugnandi.
487 3102 527 3165 lli
544 3103 668 3186 primum
684 3100 804 3186 nauigia
818 3100 946 3164 bostium
963 3096 1106 3183 lapidibus
1122 3117 1157 3159 ac
1173 3099 1277 3162 lundis

153 3221 171 3262 a
193 3203 270 3264 mole
293 3206 477 3288 repellebant
498 3226 533 3268 ac
549 3207 672 3269 multum
688 3206 833 3289 prolicere
849 3203 1033 3267 multitudiue
1049 3200 1175 3264 telorum
1192 3201 1276 3263 uide·

118 3299 274 3367 libantur.
307 3301 368 3369 Sed
389 3319 544 3391 postquam
567 3308 645 3371 ultra
668 3328 734 3370 eum
758 3307 854 3371 locum
877 3306 914 3369 ab
936 3306 1031 3370 latere
1053 3324 1155 3367 corum
1172 3312 1277 3385 aperto
1296 3309 1325 3363 st

154 3406 220 3470 ausi
235 3416 306 3469 sunt
320 3408 422 3492 egredi
439 3431 479 3473 ex
495 3410 621 3475 nauibus
637 3406 839 3474 Alexandrini
854 3409 952 3493 pauci,
970 3416 1004 3470 nt
1018 3405 1084 3471 sine
1100 3403 1194 3489 signis
1210 3424 1276 3469 cer-

263 3624 275 3676 l
291 3624 357 3675 idem
371 3641 396 3688 a,
412 3625 487 3676 iidem
501 3641 529 3677 u.
635 3622 765 3691 2pedum]
775 3624 871 3674 inadd.
882 3625 906 3674 b.
1010 3629 1131 3674 constare
1142 3622 1165 3671 b.

153 3702 168 3754 3
182 3701 273 3772 seque]
287 3705 333 3754 sed
346 3721 368 3755 c.
477 3702 644 3754 interuallum
658 3703 674 3752 b
686 3702 744 3751 uod.
754 3701 926 3762 disidodi„
942 3698 1083 3750 interuallo
1091 3698 1165 3763 (c)u.

152 3781 221 3832 lbis
234 3799 251 3833 o
265 3782 325 3834 cdd.
336 3787 452 3850 priores,
468 3782 500 3832 iis
514 3781 543 3832 P.
559 3781 701 3832 Manutius
714 3797 741 3831 u.
892 3780 907 3829 b
919 3779 1037 3830 sexcenti
1051 3777 1131 3839 cdd.;
1145 3793 1170 3828 rr
1184 3792 1277 3844 strper-

153 3856 235 3907 ducta
250 3860 322 3910 linea
335 3875 352 3909 a
365 3864 392 3909 et
403 3862 444 3909 rio
458 3858 531 3909 ‘mro
546 3857 593 3908 uel
604 3873 651 3909 sex
665 3857 719 3908 rnil.
734 3873 781 3907 scu
793 3856 903 3921 milium,
918 3861 951 3908 ut
962 3856 1012 3908 dat
1023 3854 1064 3906 d’.
1181 3855 1195 3905 7
1209 3868 1280 3904 eont-

152 3933 273 3984 munitb.
378 3936 632 4000 deertloremabc,
649 3935 783 3986 fortiorem
797 3934 885 3987 Aldus
898 3949 926 3985 u.
1036 3931 1274 3996 ldadgrcditura.

262 4012 327 4075 quod
341 4027 394 4062 om.
409 4014 459 4060 nb.
565 4012 679 4080 optentis
692 4029 718 4063 a.
835 4012 864 4063 ll
881 4011 989 4062 uidebat
1005 4009 1052 4062 Tb.
1067 4005 1277 4068 diocliciani·

154 4085 282 4137 debentur
294 4102 310 4135 a
320 4086 345 4148 b,
359 4086 498 4136 uidebatur
509 4087 599 4138 Aldus
611 4104 638 4139 u.
746 4088 777 4138 ts
791 4087 945 4153 optincbaut
957 4103 984 4137 a.
1104 4085 1133 4138 ll
1148 4085 1278 4133 instructo

155 4166 179 4217 b.
304 4164 501 4230 tasclnptea.
625 4167 774 4223 lbauobis
788 4166 865 4219 codd,
879 4167 909 4217 P.
927 4167 968 4219 ll.
1110 4163 1276 4218 tturclnt.

264 4244 295 4294 25
311 4242 444 4306 remigium
458 4257 484 4292 a.
