2684 4694
74 195 138 261 bil
464 189 595 257 neunt
618 188 923 257 adtaxatttttttrtt

96 366 116 430 3
132 363 260 429 Romani
276 373 307 426 et
322 383 415 445 regua
431 363 579 427 sociorum
596 363 764 447 reciperare
778 364 886 448 legatis
902 361 1117 446 respondebat.
1133 363 1265 452 Magnis

132 479 163 533 et
191 464 341 530 coutinuis
361 465 517 528 itineribus
545 469 690 530 conlectis
720 488 786 529 cum
811 466 989 530 aduentaret
1011 467 1049 531 ad
1069 465 1261 555 Nicopolim,

132 569 209 652 quod
233 567 369 651 oppidum
393 568 520 650 positum
545 569 575 631 in
590 568 733 631 Armenia
755 567 872 631 minore
894 579 942 631 est
965 568 1054 653 plano
1074 571 1174 656 ipsum
1189 575 1260 640 loco

132 670 281 735 mentibus
305 680 402 732 tamen
427 671 496 733 altis
511 672 547 734 ab
563 672 678 734 duobus
693 670 837 734 lateribus
853 670 981 735 obiectis
996 673 1070 737 satis
1085 695 1198 758 magno
1214 677 1261 742 in·

130 772 259 837 teruallo
274 773 310 835 ab
327 772 433 856 oppido
448 773 591 850 remotis,
609 784 707 836 castra
723 772 822 855 posuit
836 772 927 855 louge
941 794 960 836 a
974 773 1116 860 Nicopoli
1131 778 1259 844 circiter
1278 793 1294 843 ⁵

95 875 212 941 lmilia
235 896 376 958 passuum
391 883 449 936 Vtt.
483 871 598 955 Quibus
621 896 660 938 ex
684 875 791 939 eastris
814 896 881 937 curo
905 874 990 940 locus
1005 890 1151 961 augustus
1166 891 1260 963 atque

131 977 290 1064 impeditus
306 988 387 1041 esset
402 978 613 1055 transeundus,
627 975 799 1041 Plrarnaees
813 978 845 1039 in
861 976 978 1042 insidiis
994 979 1125 1045 delectos
1138 982 1258 1063 pedites

131 1100 294 1161 omnesque
318 1098 412 1160 paene
435 1079 580 1161 disposuit
595 1081 730 1162 equites,
754 1100 892 1162 magnam
917 1091 1017 1144 autem
1038 1082 1256 1146 multitudinem

131 1181 247 1265 peeoris
270 1181 347 1242 iutra
373 1201 425 1244 eas
447 1182 549 1244 lauces
575 1182 710 1265 dissipari
734 1182 826 1244 iussit
841 1201 1034 1265 paganosque
1048 1195 1079 1247 et
1092 1185 1256 1268 oppidanos

95 1283 163 1347 bin
186 1282 232 1346 bis
254 1282 328 1346 loeis
352 1283 529 1346 obuersari=
554 1294 602 1357 ut,
626 1285 691 1347 siue
712 1285 828 1349 amicus
850 1282 1002 1348 Domitius
1023 1306 1075 1349 eas
1098 1286 1256 1369 angustias
1281 1297 1311 1351 tt

130 1386 292 1458 transiret,
317 1384 388 1447 nibil
404 1386 440 1447 de
456 1385 571 1448 insidiis
588 1387 811 1468 suspicaretur,
829 1408 895 1451 cunr
912 1387 941 1449 iu
957 1387 1038 1469 agris
1053 1398 1085 1450 et
1098 1407 1210 1471 pecora
1225 1398 1257 1452 et

131 1488 266 1553 bomines
283 1486 535 1550 animaduerteret
551 1491 666 1553 uersari
682 1500 827 1573 tamqnam
843 1490 1002 1553 amicorum
1018 1488 1168 1569 aduentu,
1186 1488 1255 1553 siue

131 1588 268 1652 iuimicus
285 1587 361 1650 utin
377 1587 504 1650 bostium
522 1589 596 1652 lines
613 1591 744 1668 ueniret,
762 1592 870 1675 praeda
885 1590 1046 1673 diripienda
1061 1589 1174 1653 milites
1188 1590 1254 1654 dis-

73 1690 302 1774 ll'lsiparentur
337 1688 523 1772 dispersique
552 1693 760 1756 conderentur.
806 1691 887 1757 llaec
915 1712 981 1754 cum
1008 1689 1250 1769 administraret,

132 1811 289 1875 numquam
309 1801 405 1854 tamcu
429 1791 647 1857 intermittebat
662 1795 777 1880 legatos
792 1796 830 1858 de
844 1813 916 1879 pace
931 1804 1019 1876 atque
1034 1791 1167 1855 amicitia
1182 1792 1253 1855 mit·
1279 1806 1310 1857 ts

135 1907 199 1961 tere
215 1895 250 1957 ad
262 1891 435 1969 Domitium,
448 1915 514 1956 curn
532 1894 587 1958 boo
603 1896 667 1979 ipse
683 1898 820 1962 crederet
834 1897 950 1961 facibus
962 1916 1029 1960 eum
1041 1893 1137 1978 decipi
1148 1914 1252 1978 posse.

131 1996 176 2061 At
197 2007 304 2059 contra
327 2016 395 2080 spes
418 1996 500 2079 pacis
525 1993 655 2061 Domitio
678 1998 708 2060 in
732 2000 843 2064 eisdem
866 1999 974 2064 eastris
997 1995 1133 2060 morandi
1155 1996 1256 2059 attulit

94 2101 264 2166 2oausam.
294 2096 341 2162 lta
355 2096 529 2163 Pharnaces
553 2100 661 2164 amissa
679 2102 808 2183 proximi
825 2101 965 2185 temporis
982 2097 1157 2175 occasione,
1181 2117 1252 2159 curre

132 2214 308 2279 uereretur,
331 2223 368 2266 ue
391 2215 647 2284 cognoscerentur
662 2203 808 2280 insidiae,
834 2224 905 2266 suos
920 2203 954 2268 io
968 2212 1069 2265 castra
1083 2197 1249 2263 reuocauit.

95 2305 114 2370 3
131 2304 279 2370 Domitius
303 2315 423 2389 postero
445 2304 492 2367 die
508 2305 629 2388 propius
643 2304 814 2390 Nicopolim
830 2305 960 2369 accessit
974 2314 1130 2383 castraque
1146 2299 1255 2383 oppido
1276 2309 1309 2365 Μ

131 2409 266 2471 contulit.
301 2404 385 2487 Quae
408 2406 475 2467 dum
497 2407 634 2470 muniunt
656 2409 773 2487 nostri,
797 2406 969 2472 Pharnaces
990 2405 1085 2468 aciem
1107 2401 1253 2465 instruxit

94 2509 114 2571 4
131 2529 186 2573 suo
203 2528 284 2571 more
299 2518 388 2589 atque
403 2507 552 2571 instituto.
573 2506 609 2572 ln
627 2512 724 2574 lronte
740 2511 818 2574 enim
834 2509 959 2592 simplici
975 2508 1089 2570 directa
1105 2505 1170 2568 acie
1185 2524 1251 2567 eor·

131 2632 191 2675 nna
213 2609 297 2673 trinis
313 2609 508 2673 lirmabautur
523 2610 682 2675 subsidiis:
707 2613 808 2677 eadem
824 2611 942 2675 ratione
959 2609 1032 2673 baec
1047 2606 1146 2671 media
1160 2604 1253 2669 collo·

130 2714 274 2778 cabantur
289 2711 354 2777 acie
371 2712 483 2776 duobus
500 2713 605 2777 dextra
622 2714 803 2798 sinistraque
819 2711 987 2777 interuallis
1003 2708 1188 2793 simplicibus
1202 2728 1252 2770 or-

95 2817 247 2883 btlinibus
268 2814 435 2879 instructis.
474 2812 605 2878 Perfecit
634 2816 784 2900 inceptum
815 2826 982 2879 castrorum
1005 2832 1078 2896 opus
1100 2809 1254 2874 Domitius
1275 2819 1309 2874 25

72 2919 117 2990 38
132 2933 215 3004 parte
237 2919 387 3004 cupiarum
412 2938 464 3001 pro
487 2918 565 2980 uallo
591 2919 763 2982 constituta.
802 2915 946 2981 Proxima
969 2925 1056 2980 nocte
1075 2911 1251 2975 Pharnaces

130 3024 302 3104 interceptis
319 3021 493 3098 tabellariis,
511 3021 558 3103 qui
575 3022 610 3084 de
626 3019 841 3085 Alexandrinis
857 3020 946 3083 rebus
962 3019 1076 3082 litteras
1090 3015 1127 3078 ad
1144 3011 1250 3076 Domi-

130 3123 201 3184 tium
234 3124 386 3199 terebant,
420 3123 575 3206 cognoscit
598 3121 759 3188 Caesarem
788 3143 896 3206 magno
927 3123 957 3185 iu
982 3118 1113 3204 periculo
1135 3116 1252 3180 uersari

129 3224 313 3308 llagitarique
329 3225 519 3303 abllomitio,
537 3235 569 3288 ut
583 3247 669 3306 quarn
685 3225 811 3308 primum
823 3221 949 3289 Caesari
963 3220 1095 3286 subsidia
1106 3219 1250 3297 mitteret,

93 3324 113 3386 2
129 3326 308 3409 propiusque
323 3327 386 3407 ipsc
403 3327 618 3391 Alexandriam
636 3348 688 3411 per
701 3325 820 3412 Syriam
836 3326 1005 3392 accederet.
1045 3320 1114 3405 Qua
1131 3319 1252 3405 cognita
1275 3330 1308 3382 td

238 3531 247 3580 l
265 3531 411 3597 reciperare
425 3550 452 3595 u,
466 3535 584 3600 recipere
599 3551 629 3597 e,·
644 3550 798 3602 recuperare
813 3551 839 3584 u.
946 3534 1032 3582 bonta
1044 3535 1132 3579 castra
1144 3526 1252 3576 addunt

127 3623 159 3657 ex
173 3622 199 3671 α,
214 3615 289 3657 extra
303 3609 327 3658 b.
460 3611 477 3662 8
490 3628 555 3677 pene
567 3629 595 3662 u.
732 3614 746 3664 9
760 3614 829 3662 intra
843 3612 889 3660 bas
904 3611 928 3658 b.
1060 3605 1091 3656 lt]
1104 3605 1143 3653 bis
1156 3620 1173 3653 a
1187 3604 1251 3654 edd.

125 3690 241 3750 priores,
258 3688 289 3737 iis
302 3689 333 3738 P.
348 3688 490 3740 trucarius
504 3706 531 3740 u.
687 3690 821 3742 obseruari
835 3706 851 3740 a
866 3691 891 3739 b.
1052 3686 1108 3735 siue
1121 3683 1211 3746 rodda
1229 3687 1253 3735 ⁸5

126 3764 213 3813 Aldus
227 3781 253 3815 rr.
370 3768 479 3834 annisus]
495 3770 551 3819 siue
565 3770 684 3820 iuimicus
698 3771 761 3822 add.
776 3769 872 3831 rodd.,·
887 3783 956 3833 quor
968 3770 1030 3816 arelo
1043 3771 1071 3814 ut
1086 3760 1143 3828 (13)
1153 3769 1250 3828 posui,

126 3856 178 3890 om.
189 3842 274 3891 Aldus
288 3859 313 3892 u.
330 3845 358 3893 Ρ.
372 3845 429 3895 ldb.
540 3849 688 3899 taunucum
702 3851 854 3900 aduerteret
865 3863 883 3898 o
895 3853 921 3898 et
935 3844 1138 3896 sartacteta.

125 3924 246 3982 tanquan
260 3920 270 3978 (
291 3924 310 3982 ).
455 3925 582 3974 aduentus
596 3934 624 3975 ut
638 3927 663 3975 in
678 3943 694 3977 a
707 3929 722 3977 b
734 3943 757 3990 o,
771 3926 885 3976 aduentu
899 3925 939 3976 sin
954 3938 1017 3975 uero
1031 3929 1059 3973 ut
1072 3921 1098 3971 in
1112 3936 1140 3971 u.

125 3994 318 4060 lldispersib.
428 4001 665 4067 tenunqmnpz).
770 3999 997 4068 tameultarirdo.
1106 3995 1251 4049 lleisdetu

122 4074 163 4138 (a)
177 4075 236 4125 edd.
250 4082 370 4142 priores,
386 4080 477 4129 iisdem
491 4079 598 4145 Lipsius
612 4099 639 4131 u.
746 4083 777 4134 lb
791 4099 846 4133 cum
861 4090 999 4133 uereretur
1012 4097 1080 4132 crtus
1094 4079 1160 4140 deb,
1176 4093 1252 4128 oere-

124 4160 225 4203 return
240 4156 254 4202 b
267 4172 298 4218 e,·
313 4158 412 4206 ueritus
427 4156 513 4206 Aldus
526 4174 553 4207 u.
679 4159 710 4211 21
726 4160 850 4224 contulit]
864 4176 910 4210 rex
924 4159 987 4210 odd.
1002 4175 1020 4209 a
1033 4164 1061 4209 et
1072 4161 1123 4208 int.
1137 4169 1209 4205 uere.
1224 4156 1250 4205 b.

232 4233 328 4282 nostris
342 4247 369 4280 c.
485 4233 519 4282 22
532 4233 648 4299 simplice
663 4235 736 4286 ‘msa
751 4234 825 4299 qdd.’
936 4238 1042 4287 derecta
1055 4252 1072 4286 a
1086 4236 1160 4284 ‘men
1175 4233 1253 4298 patet!

227 4307 262 4361 lb
275 4307 417 4359 constituta
430 4322 489 4374 ege,
505 4309 624 4363 instituta
637 4327 654 4360 α
668 4312 683 4361 b
696 4328 710 4361 c
722 4312 749 4363 d.
764 4313 794 4363 Ρ.
810 4312 869 4365 tto.
998 4314 1032 4369 29
1046 4314 1219 4381 legiturque
1231 4316 1251 4371 2

108 4390 180 4439 dett.
291 4388 324 4440 ab
339 4384 473 4453 o‚oedd.
579 4386 942 4451 Caesariobdutt.,s‘ubtu.
1180 4412 1183 4417 ·
