2692 4688
533 210 676 280 curvr
692 212 846 289 att-sa.
1237 183 1307 279 'cst

131 387 212 451 intra
227 385 407 449 munitiones
423 385 604 469 reciperent.
643 382 704 446 Alii
716 403 837 466 quoque
853 383 997 467 equitatui
1012 381 1115 460 edicit,
1138 382 1183 446 nti
1198 381 1287 447 suo2

133 489 258 572 quisque
273 487 339 549 lccc
355 497 478 569 paratus
494 497 685 569 armatusque
701 496 824 569 praesto
839 496 932 549 esset.
965 487 1009 547 Aa
1023 484 1097 548 baec
1112 505 1172 547 nou
1188 485 1252 568 ipse

133 611 188 674 per
202 609 236 651 sc
251 608 371 664 coram,
395 609 461 650 cum
478 588 514 651 dc
530 587 610 651 uallo
626 589 903 672 prospecularetur,
928 587 980 650 sed
996 585 1122 649 mirabili
1138 585 1254 667 peritus

134 689 261 753 scientia
282 688 412 753 bellandi
435 688 465 752 in
488 690 639 773 praetorio
661 690 770 753 sedens
792 710 848 775 per
866 688 1071 772 speculatores
1088 698 1118 751 et
1132 687 1255 750 nuntios

95 804 112 855 a
135 790 312 874 imperabat,
337 811 413 874 quae
429 791 494 854 lieri
509 790 640 854 uolebat.
679 791 947 855 animaduertebat
962 791 1052 869 euim,
1077 786 1289 872 quamquamd

120 893 248 976 ,magnis
271 903 376 956 essent
396 893 491 975 copiis
512 893 680 957 aduersarii
703 893 785 970 freti,
810 904 910 956 tamen
932 911 1061 976 saepen
1082 890 1254 974 seiugatis,

132 995 226 1078 pulsis
241 995 467 1077 perterritisque
484 1004 513 1058 et
528 1014 703 1058 concessam
718 995 809 1058 uitam
825 1005 858 1058 et
870 995 972 1080 ignota
987 1003 1127 1076 peccata3
1147 992 1255 1075 quibus
1270 991 1292 1054 4

132 1095 222 1160 rebus
244 1116 401 1177 numquam
426 1105 508 1160 tanta
529 1105 703 1179 suppeteret
724 1096 914 1180 exipsorum
930 1095 1039 1159 inertia
1055 1094 1256 1158 conscientia·

133 1218 192 1280 que
206 1196 296 1260 aniani
313 1197 459 1259 uictoriae
475 1196 592 1270 liducia,
615 1207 649 1260 ut
663 1207 762 1261 castra
778 1217 832 1261 sua
847 1197 959 1260 adoriri
973 1197 1129 1260 auderent.
1161 1192 1290 1259 Prae-5

78 1310 112 1364 tu
135 1310 221 1363 terea
235 1298 329 1381 ipsius
346 1316 453 1359 nornen
470 1299 691 1381 auctoritasque
707 1319 814 1383 magna
830 1309 968 1381 exparte
984 1319 1085 1362 eorum
1102 1298 1255 1362 exercitus

133 1399 287 1463 minuebat
307 1398 473 1463 audaciam.
518 1396 596 1462 Tum
619 1401 761 1485 egregiae
779 1400 960 1464 munitiones
983 1411 1151 1463 castrorum
1166 1409 1255 1481 atque

135 1500 209 1566 ualli
229 1501 435 1583 fossarumque
455 1500 580 1564 altitudo
596 1512 627 1565 et
642 1513 732 1565 extra
747 1500 856 1564 uallnur
872 1502 934 1566 stili
950 1502 1031 1565 caeci
1045 1499 1209 1564 mirabilem
1225 1500 1257 1563 iu

135 1603 253 1667 modum
277 1603 386 1666 consiti
407 1602 456 1664 nel
477 1601 545 1666 sine
567 1602 774 1667 defensoribus
796 1604 907 1667 aditum
924 1604 1104 1667 aduersariis
1120 1602 1257 1685 probibe-

135 1704 225 1769 baute
250 1703 461 1788 scorpionum,
485 1706 698 1786 catapultarum
716 1715 942 1788 ceterorumque
958 1705 1104 1783 telorum,
1128 1724 1204 1787 quse
1219 1704 1256 1766 ad
1271 1700 1292 1765 6

80 1816 113 1870 ta
134 1805 465 1870 defendendumsolent
480 1806 591 1887 parari,
616 1826 752 1889 magnam
768 1807 882 1890 copiam
898 1806 1036 1872 babebat.
1068 1808 1168 1887 Atque
1183 1805 1257 1869 baec

135 1918 257 1991 propter
277 1906 430 1970 exereitus
452 1907 497 1970 sui
520 1909 688 1991 praesentis
707 1908 886 1989 paucitatem
902 1919 933 1972 et
946 1907 1118 1972 tiroeinium
1133 1925 1258 1991 praepa·

136 2018 274 2084 raderet,
298 2029 357 2070 nou
374 2008 500 2071 bostium
516 2009 546 2072 ui
562 2020 593 2072 et
607 2020 687 2072 metu
703 2019 869 2072 commotus
885 2009 1044 2093 patientem
1061 2030 1095 2073 se
1109 2008 1257 2072 timidum·

135 2130 193 2194 que
208 2109 338 2173 bostium
354 2109 486 2192 opinioni
498 2110 670 2192 praebebat.
701 2107 809 2192 Neque
824 2110 936 2173 idcirco
951 2113 1064 2194 copias,
1081 2130 1256 2192 quamquam
1271 2107 1293 2171 7

136 2221 224 2276 erant
238 2230 351 2294 paucae
367 2211 573 2294 tironumque,
597 2232 658 2274 nou
674 2211 819 2275 educebat
833 2213 863 2274 in
880 2212 994 2288 aciem,
1016 2212 1093 2293 quod
1116 2210 1258 2273 uictoriae

80 2323 115 2378 2⁰
137 2334 258 2377 suorum
283 2313 442 2392 diffideret3
475 2315 526 2376 sed
556 2315 671 2378 relerre
693 2313 912 2391 arbitrabatur,
944 2311 1107 2375 cuiusmodi
1131 2311 1259 2374 uictoria

137 2423 219 2477 essct
240 2416 358 2477 futurae
384 2425 470 2498 turpe
492 2416 569 2479 enim
591 2415 648 2479 sibi
670 2415 865 2480 existimabat
879 2424 924 2478 tot
937 2414 1027 2478 rebus
1042 2414 1137 2497 gestis
1153 2409 1295 2477 tantis-8

137 2534 194 2598 que
210 2515 395 2580 exercitibus
411 2517 555 2594 deuictis,
581 2529 623 2581 tot
640 2528 700 2582 tam
716 2519 806 2583 claris
821 2518 956 2582 uictoriis
973 2517 1066 2601 partis
1081 2516 1118 2580 ab
1133 2514 1259 2602 reliquis

136 2618 229 2700 copiis
241 2618 481 2683 aduersariorum
494 2640 616 2683 suorum
629 2641 669 2683 ex
681 2623 753 2704 luga
764 2621 897 2685 collectis
909 2641 943 2683 se
954 2631 1109 2683 cruentam
1122 2618 1259 2699 adeptum

136 2719 304 2784 existimari
328 2721 497 2784 uictoriam.
543 2719 649 2804 ltaque
670 2723 869 2786 constituerat
890 2722 1014 2806 gloriam
1031 2715 1295 2782 exultationem-9

81 2830 115 2884 25
139 2841 195 2903 que
215 2843 319 2886 eorum
343 2823 422 2906 pati,
447 2825 543 2886 donec
565 2824 621 2887 sibi
637 2834 846 2888 ueterauarum
863 2822 1012 2906 legionum
1029 2840 1098 2903 pars
1114 2818 1213 2901 aliqua
1227 2818 1259 2880 in

138 2925 268 2988 secundo
285 2935 451 2988 commeatu
467 2926 658 2990 occurrisset.
691 2922 791 3009 Scipio
807 2925 927 2988 iuterim
943 2923 1103 3007 paulisper,
1122 2931 1156 2983 ut
1169 2929 1259 2983 autea
1273 2918 1316 2989 32

137 3026 215 3103 dixi,
239 3028 271 3088 iu
287 3047 323 3089 eo
338 3026 405 3089 loco
421 3037 633 3104 commoratus,
656 3039 689 3090 ut
704 3028 788 3110 quasi
804 3026 979 3108 despexisse
994 3019 1160 3088 Caesarem
1175 3021 1258 3086 uide·

137 3137 238 3201 retur,
263 3125 402 3208 paulatim
418 3128 535 3190 reducit
549 3148 619 3190 suns
635 3130 735 3212 copias
750 3129 782 3191 in
797 3137 896 3191 castra
913 3135 945 3189 et
958 3125 1098 3189 contione
1112 3125 1259 3189 aduocata

137 3229 174 3292 de
197 3237 314 3291 terrore
336 3248 391 3290 suo
415 3229 681 3312 desperationeque
703 3230 856 3294 exercitus
871 3223 1016 3292 Caesaris
1036 3228 1106 3291 lacit
1120 3227 1211 3291 uerba
1227 3238 1257 3290 et

78 3341 113 3394 ³⁰
136 3330 309 3394 cohortatus
333 3351 403 3395 suos
428 3331 582 3394 uictoriam
603 3332 750 3415 propriam
772 3352 806 3394 se
826 3332 871 3395 eis
887 3330 970 3393 breui
986 3331 1120 3395 daturum
1137 3328 1257 3413 pollice·

140 3441 199 3494 tur.
246 3428 363 3496 Caesar
385 3434 467 3498 iubet
489 3434 598 3497 milites
622 3455 727 3497 rursus
750 3433 787 3496 ad
810 3453 884 3517 opus
905 3432 1003 3496 redire
1023 3444 1053 3497 et
1067 3452 1122 3517 per
1135 3430 1293 3496 causam2

138 3532 334 3597 munitionum
359 3536 472 3600 tiroues
487 3537 518 3599 iu
534 3535 635 3601 labore
651 3535 815 3619 defatigare
830 3557 890 3598 non
904 3535 1086 3600 intermittit.
1132 3529 1256 3599 Interim
1271 3532 1292 3596 3

247 3707 339 3758 lina.
454 3709 590 3773 tad(a)?
701 3708 937 3775 bquauquam(a).
1050 3708 1257 3770 unamquamc,

136 3800 189 3836 aaa
203 3800 281 3851 uunq
428 3788 457 3839 ll
473 3785 538 3853 tum]
554 3795 638 3838 maten
654 3788 678 3838 b.
824 3794 901 3851 atque
913 3801 931 3836 a
946 3785 1019 3836 ‘aean
1033 3783 1068 3845 3’,
1081 3789 1109 3833 et
1119 3797 1148 3833 a.

137 3863 168 3914 tt
183 3877 249 3927 quae
262 3876 315 3913 cm.
330 3878 356 3912 α.
486 3864 517 3914 17
533 3863 748 3915 aldremanni.
873 3861 1013 3927 patientem
1030 3860 1201 3923 ciacconius,
1214 3873 1259 3911 aa·

137 3939 249 4004 picotum
263 3938 340 3988 codd.
449 3941 479 3992 tt
488 3939 616 4008 primebat
626 3955 653 3988 a.
758 3954 904 4006 quanquam
915 3936 966 4003 (a).
1073 3937 1103 3989 19
1112 3936 1258 3988 deducebat

138 4016 163 4066 b.
285 4017 315 4066 21
332 4016 407 4067 turbe
421 4033 447 4067 c.
568 4018 755 4069 existimabant
768 4035 795 4068 a.
916 4016 1147 4083 22partisom.b.

135 4092 168 4145 tt
180 4094 417 4160 exultationemqne
431 4110 458 4145 o.
632 4097 665 4148 25
678 4094 750 4163 pars]
767 4095 818 4146 sibi
830 4094 895 4147 add.
908 4109 936 4158 a,
949 4094 997 4145 aad
1006 4097 1117 4159 punctis
1130 4092 1256 4144 deletum.

244 4175 277 4227 tu
291 4180 368 4224 autea
381 4189 398 4223 a
413 4174 486 4225 ‘mse
501 4173 535 4240 l',
549 4181 610 4226 ante
623 4190 651 4227 u.
784 4175 817 4226 tu
831 4174 954 4228 concione
968 4174 1019 4240 (u).
1146 4172 1179 4223 td
1193 4170 1258 4223 lacit

138 4252 218 4303 uerba
231 4268 257 4313 a,
272 4255 352 4306 uerba
367 4253 432 4306 facit
443 4254 504 4306 edd.
645 4252 678 4305 30
691 4252 830 4306 ecbertum
844 4253 869 4304 b.
1005 4252 1109 4319 propria
1121 4266 1148 4301 a.
