2692 4688
396 212 913 287 cotomvtttcsttto-ss.
1038 272 1050 293 .
1209 220 1272 293 lbi

91 387 261 476 momen,
284 396 321 453 nt
338 387 389 454 nel
410 388 624 473 spectatissimi
644 389 786 474 triumphi
807 389 922 458 laetitia
943 391 1077 477 praecipi
1098 405 1213 479 possse

90 490 196 561 Tanta
211 501 279 557 erat
291 489 513 574 magnificentia
527 491 604 576 apud
619 490 844 575 opulentiores,
866 492 1015 577 cupiditas
1028 495 1107 579 apnd
1121 496 1217 562 humi·

90 593 198 661 lioree·
228 588 308 661 Cum
323 613 427 658 omnes
443 593 584 679 regiones
599 591 715 659 Galliae
738 604 858 678 togatae
873 590 991 661 Caesar
1010 599 1215 680 percucurris-
1228 600 1273 675 81

92 706 154 777 set,
169 715 287 765 summa
301 695 459 760 eeleritate
481 696 518 760 ad
533 697 700 760 exercitum
714 693 972 763 Nemetocennam
986 699 1078 764 rediit
1092 700 1219 786 legioni·

54 810 74 865 s
95 798 214 883 busque
226 819 268 865 ex
283 796 421 865 omnibns
437 796 570 863 bibernis
583 799 623 862 ad
636 797 712 863 fines
725 796 929 864 Treuerorum
944 802 1080 866 euocatis
1098 823 1135 868 eo
1150 824 1220 888 pro·

94 901 193 969 mous
208 910 256 969 est
268 900 370 983 ibique
385 899 553 965 exereitum
566 899 719 965 lustrsuit.
758 899 798 965 Τ.
814 898 984 965 Labienum
1000 900 1119 969 Galliae
1135 902 1255 989 toga-2

94 1013 145 1071 tae
158 1002 315 1088 praefecit,
333 1023 393 1085 qno
407 1002 522 1067 maiore
537 1002 794 1067 commendatione
803 1004 1017 1069 conciliaretur
1032 1006 1068 1070 ad
1081 1008 1220 1071 consula·

77 1115 145 1195 *tus
157 1104 345 1190 petitionem.
376 1101 446 1188 ipae
461 1114 577 1169 tantum
591 1105 732 1171 itinerum
747 1104 887 1185 iaciebat,
904 1117 1046 1189 qnantum
1061 1108 1136 1173 satis
1151 1127 1220 1173 esse

96 1206 136 1272 ad
156 1206 350 1271 mutationem
380 1207 515 1270 locorum
543 1216 666 1290 propter
695 1206 901 1271 salubritatem
931 1208 1134 1272 existimabat.
1172 1207 1254 1274 luis

38 1317 74 1374 to
96 1328 276 1393 quamquam
295 1306 403 1373 erebro
424 1307 565 1372 audiebat
586 1305 755 1373 Labienum
778 1309 815 1372 ab
837 1309 965 1375 inimicis
986 1311 1050 1375 suis
1064 1310 1220 1376 sollicitari

96 1410 270 1493 certiorque
282 1409 373 1475 tiebat
386 1411 418 1474 id
431 1409 480 1493 agi
497 1430 659 1493 pancorum
674 1409 827 1486 consiliis,
856 1421 890 1476 nt
904 1412 1081 1496 interposita
1095 1421 1220 1477 senatus

95 1511 280 1579 auctoritate
293 1512 394 1596 aliqua
409 1521 492 1596 parte
508 1512 661 1576 exereitus
677 1511 870 1596 spoliaretur,
887 1523 986 1579 umen
1001 1534 1098 1597 neque
1112 1515 1149 1577 de
1158 1510 1221 1581 La-

97 1611 189 1678 lieno
203 1612 329 1680 eredidit
342 1613 499 1698 quicquam
514 1631 629 1696 neque,
645 1624 751 1679 eontra
765 1625 889 1679 senatus
898 1617 1107 1681 anctoritatem
1116 1626 1150 1681 ut
1165 1615 1220 1681 ali-

97 1713 168 1798 quid
181 1717 314 1795 laceret,
337 1716 435 1800 potnit
456 1716 574 1779 adduci.
605 1712 761 1780 induebat
781 1716 862 1781 enim
877 1716 980 1782 liberis
994 1717 1154 1783 sententiis
1168 1738 1220 1802 pa·
1233 1715 1256 1780 4

41 1826 75 1880 ts
97 1825 179 1881 trum
192 1818 430 1902 comeriptorum
444 1838 566 1882 eausam
580 1838 664 1882 suem
679 1818 767 1883 facile
783 1818 921 1902 optineri.
957 1817 1040 1884 Nam
1056 1814 1094 1882 C.
1112 1814 1219 1897 Curio,

98 1918 239 1985 tribunus
253 1918 361 2001 plebia,
379 1940 444 1985 enm
460 1915 604 1985 Caesaris
620 1940 740 1985 cansam
757 1920 991 2005 dignitatemque
1006 1922 1222 1987 defendendam

98 2019 298 2103 suscepisset,
313 2039 403 2107 saepe
417 2031 485 2087 erat
498 2019 616 2084 senatui
632 2021 801 2105 pollicitus,
818 2023 845 2084 si
860 2043 948 2105 qnem
964 2024 1053 2087 timor
1067 2044 1221 2089 armornm

99 2115 246 2187 Caunis
260 2120 404 2202 laederet,
420 2124 560 2206 qnoniam
574 2120 699 2206 Pompei
714 2122 877 2186 dominatio
892 2134 982 2208 atque
996 2145 1079 2187 arma
1095 2147 1155 2188 non
1166 2124 1222 2191 mi·

98 2223 212 2288 nimum
227 2233 376 2291 terrorem
391 2226 457 2289 loro
472 2225 632 2302 inferrent,
649 2224 817 2288 diseederet
832 2234 958 2305 uterque
973 2224 1009 2286 ab
1025 2225 1117 2287 armis
1132 2244 1222 2288 exer·

42 2335 79 2393 ²⁰
102 2325 239 2408 citusque
253 2325 435 2393 dimitteret:
461 2328 526 2391 iore
548 2348 585 2392 eo
607 2329 687 2391 iacto
711 2326 835 2389 liberam
858 2334 889 2390 et
903 2325 951 2388 sni
965 2324 1039 2388 iuris
1056 2325 1218 2389 ciuitatem.

98 2425 213 2510 Neque
226 2427 283 2492 boe
296 2438 412 2493 tantum
428 2429 578 2513 pollicitus
601 2438 667 2504 est,
691 2430 745 2493 sed
766 2428 857 2493 etiam
879 2448 933 2511 per
953 2447 987 2491 se
1010 2424 1258 2493 discessionemb

99 2529 203 2595 lacere
217 2531 334 2614 sospite
351 2532 428 2614 qnod
444 2552 483 2595 ne
498 2532 597 2608 lieret,
613 2532 752 2595 consules
768 2530 913 2616 amicique
928 2527 1052 2616 Pompei
1068 2529 1223 2596 iusserunt

99 2641 189 2714 atque
202 2631 246 2694 ita
261 2651 326 2695 rem
342 2632 522 2696 moderando
537 2634 753 2696 discusserunt.
785 2632 930 2719 Magnum
947 2635 1002 2698 boe
1018 2634 1220 2698 testimonium
1236 2632 1281 2705 53

102 2743 225 2798 senatus
239 2742 307 2797 erat
327 2733 464 2797 uniuersi
484 2734 726 2815 conueniensqne
742 2736 889 2818 superiori
905 2738 995 2797 lacto.
1040 2735 1122 2798 Nam
1138 2734 1223 2800 Man-

44 2846 78 2900 25
100 2835 197 2901 oedns
211 2834 349 2917 proximo
365 2855 457 2914 anno,
475 2856 541 2899 cunr
556 2836 737 2922 inpugnaret
752 2832 897 2901 Caesaris
913 2836 1100 2920 dignitatem,
1117 2846 1223 2899 contra

101 2937 200 3021 legem
214 2933 339 3020 Pompei
354 2947 385 3000 et
398 2934 504 3002 Crassi
519 2937 665 3001 retulerat
679 2948 750 3001 ante
765 2948 881 3022 tempus
896 2938 933 3001 ad
948 2947 1085 3000 senatum
1101 2936 1137 2997 de
1145 2932 1224 3000 Cae·

74 3040 77 3047 ’
102 3038 181 3104 saris
196 3038 371 3123 prouinciis,
388 3040 605 3123 sententiisque
619 3039 706 3102 dictis
721 3039 934 3103 discessionem
951 3038 1078 3101 iaciente
1093 3034 1224 3103 Mareel-

102 3138 152 3220 lo,
168 3139 218 3225 qni
232 3140 292 3205 sibi
307 3161 425 3205 omnem
441 3140 615 3225 dignitatem
631 3161 673 3205 ex
687 3136 831 3204 Caesaris
847 3139 959 3205 inuidia
976 3139 1157 3223 quaerebat,
1175 3161 1224 3206 se·

104 3251 193 3307 natus
213 3243 355 3326 lreqaens
376 3243 409 3308 in
431 3243 491 3308 alia
512 3242 614 3307 omnia
635 3243 765 3307 transiit.
798 3239 913 3324 Quibus
935 3264 997 3306 non
1012 3242 1260 3327 frangebantur2

214 3414 227 3465 1
241 3415 426 3481 spectatissimi
438 3429 498 3481 ego,
513 3414 734 3482 suspeetatissimi
747 3414 824 3466 codd.
838 3414 871 3465 P.
886 3414 946 3466 trs.
1074 3415 1172 3482 percipi
1184 3429 1225 3466 ae

106 3492 183 3541 tmen.
195 3486 232 3542 l'.
360 3495 377 3547 2
391 3494 541 3545 humiliores
554 3508 584 3557 e,-
596 3493 718 3544 meliores
732 3495 755 3546 C
763 3495 799 3544 ba
810 3498 840 3544 et
850 3508 903 3544 ese.
916 3508 953 3544 ar.
967 3507 993 3555 o,
1009 3493 1184 3557 opulentiores
1196 3509 1224 3546 u.

213 3570 340 3622 tou-a
352 3572 490 3623 eeleritate
502 3571 545 3639 (u)
557 3577 588 3624 st
598 3573 714 3637 reliqui,
735 3586 834 3623 summe
846 3586 903 3622 enm
916 3570 1054 3620 eeleritate
1075 3572 1132 3622 boe
1145 3576 1173 3622 et
1182 3573 1224 3637 A,

14 3641 17 3647 ’
104 3648 193 3697 ‘estana
204 3645 248 3697 dle
257 3662 355 3698 rursus
367 3652 469 3714 incipit
478 3665 576 3701 meus
588 3649 689 3700 reosoa’
702 3650 744 3714 (P.
760 3650 814 3712 ss).
966 3645 1186 3701 Nemotocennam
1199 3651 1225 3703 b.

212 3725 281 3778 redit
293 3742 308 3777 e
321 3728 396 3778 ‘mea
410 3725 445 3781 δ’.
585 3729 600 3779 5
614 3726 783 3778 Treuirorum
795 3743 824 3778 u.
958 3723 987 3775 11
1003 3724 1079 3805 dqret
1092 3726 1117 3776 b.

105 3801 138 3856 13
150 3802 321 3869 qnieqnnma,
335 3807 487 3875 uonquldq.
593 3806 767 3873 lipoterntb.
873 3802 1004 3855 abduelu.
1109 3803 1227 3871 150ρῦ-

104 3878 335 3944 aerio)obtinere
347 3884 382 3934 A.
487 3879 579 3947 Curio]
595 3882 753 3933 centurion.
860 3876 1225 3945 llllaederetJetudd.eodd.

103 3956 135 4007 P.
151 3956 212 4012 121.
317 3957 421 4026 Pompei
435 3973 460 4008 u.
578 3955 692 4022 llllcro}
709 3956 801 4020 loma,
816 3957 914 4008 serub.
1029 3955 1225 4011 iulet-retude-

212 4036 247 4091 20
259 4051 307 4089 ene
319 4054 346 4089 u.
451 4038 486 4093 22
498 4034 583 4101 deret]
599 4034 701 4087 iaceret
710 4036 734 4087 b.
849 4036 970 4087 eonsules
983 4035 1124 4103 amicique]
1136 4053 1225 4091 omnes

105 4112 183 4164 amiel
196 4112 306 4166 AAnu.
323 4114 411 4166 Oeen.
533 4112 638 4178 Pompei
650 4126 678 4162 u.
782 4110 817 4164 23
830 4111 1011 4164 discusserunt
1021 4113 1159 4180 lerenius,
1174 4114 1227 4165 dis·

106 4190 333 4243 cesseruntccdd.
347 4192 380 4242 P.
398 4191 455 4245 ¹24.
574 4190 608 4243 lb
622 4187 778 4256 inpugnaret
788 4202 814 4239 a.
928 4187 1118 4257 ldPompeio.

105 4265 139 4319 27
151 4267 289 4331 proniutiis
302 4284 329 4319 a.
434 4266 470 4321 28
481 4266 526 4334 ex}
537 4267 569 4317 de
584 4267 609 4318 b.
713 4268 747 4322 29
759 4265 856 4319 transit
867 4281 908 4317 ae
921 4266 947 4319 ‘b
958 4263 1035 4318 alid‘.

1272 4311 1334 4397 *ἢ
