2692 4688
503 211 826 279 ...ιῶ-.-

183 380 222 448 C.
239 381 294 460 85,
312 383 619 448 coaceruatorum
647 381 779 449 ‘Caesar
800 386 881 449 nulla
903 387 1018 452 ratione
1040 388 1078 451 ad
1094 409 1222 472 pugnarn

96 489 165 554 elici
187 509 276 571 posse
290 486 466 569 Pompeium
489 487 668 551 existimans
690 487 767 552 hauc
789 488 846 552 sibi
866 490 1133 555 commodissimam
1153 492 1224 556 belli

94 591 243 656 rationem
259 590 401 654 iudicauit
410 637 420 667 ,
430 642 433 647 .
442 591 488 653 uti
501 611 543 653 ex
558 609 594 654 eo
609 592 677 655 loco
692 602 829 655 moueret
843 612 1020 676 semperque
1032 604 1114 656 esset
1128 594 1159 657 in
1174 594 1224 657 iti·

96 693 238 771 meribus,
264 693 321 755 boc
342 713 489 776 sperans,
513 702 547 754 ut
565 692 721 757 mouendis
743 694 855 756 castris
871 694 1063 778 pluribusque
1078 695 1223 759 adeundis

96 798 173 861 locis
195 796 399 861 commodiore
421 793 614 858 frumentaria
638 815 671 857 re
687 805 834 875 uteretur,
859 798 1005 878 simulque
1021 796 1052 859 in
1068 797 1177 861 itincre
1192 807 1225 859 ut

96 900 225 982 aliquam
240 897 430 961 occasionem
446 896 604 961 dimicandi
619 896 844 961 nancisceretur
866 909 896 962 et
916 898 1069 963 insolitum
1090 902 1127 964 ad
1142 899 1226 963 labo·

96 1020 159 1066 rena
180 999 321 1084 Pompeii
343 998 511 1064 exercitum
533 999 690 1063 cotidianis
718 999 877 1065 itineribus
896 1002 1095 1079 defatigaret.
1129 997 1226 1085 ‘Spe-

97 1102 177 1168 raus'
194 1098 427 1185 Oudendorpius
442 1122 484 1165 ex
498 1101 634 1164 omnibus
650 1101 735 1165 codd.
753 1104 894 1167 restituit.
917 1102 1031 1168 Verum
1051 1103 1081 1165 id
1103 1101 1225 1165 uerbum

99 1227 144 1284 ro,
167 1226 246 1289 quac
263 1215 419 1288 speratur,
444 1222 497 1287 per
522 1203 586 1265 ‘ut’
603 1205 779 1286 particulam
793 1204 932 1268 adiuncta
946 1207 1024 1290 apud
1039 1204 1223 1287 antiquiores

99 1330 155 1371 uon
177 1308 311 1392 ponitur.
343 1302 424 1370 Nam
445 1305 520 1389 apud
537 1300 577 1385 Q.
596 1302 664 1370 Cic.
682 1307 719 1370 de
743 1317 803 1392 pet.
825 1329 910 1372 cons.
928 1307 965 1384 ἴ),
979 1308 1050 1383 18,
1068 1308 1118 1373 ubi
1134 1318 1225 1370 antea

98 1411 142 1475 sie
154 1410 321 1475 edebatur-2
348 1407 417 1491 ‘qui
439 1408 493 1472 abs
517 1419 546 1472 te
562 1408 671 1473 tribum
686 1420 740 1473 out
753 1413 919 1475 centuriam
935 1423 988 1475 aut
1001 1411 1116 1495 ahquod
1131 1409 1225 1474 benc·

99 1514 196 1577 &ium
211 1523 264 1576 ant
279 1510 409 1575 habeant
423 1521 485 1587 aut,
511 1520 545 1574 ut
560 1511 699 1589 babeant,
723 1513 866 1596 sperent,
884 1510 1018 1578 Orellins
1033 1535 1074 1578 ex
1087 1511 1223 1576 Turnebi

101 1617 200 1681 codice
216 1615 316 1698 posuit
332 1621 397 1677 ‘aut
411 1613 540 1676 habeant
554 1626 606 1677 ant
620 1614 882 1698 babcrcspereut’.
905 1612 941 1679 ln
950 1613 1121 1680 llrlurtensi
1129 1615 1224 1679 uerba

101 1726 166 1784 ‘aut
186 1718 335 1782 habeaut’
358 1737 419 1781 nou
441 1718 598 1801 leguntur,
623 1718 701 1781 unde
722 1718 764 1780 ita
788 1718 979 1781 scribendum
1001 1738 1069 1781 esse
1085 1717 1225 1780 conicere

99 1822 186 1886 lieets
209 1827 281 1883 ‘aut
296 1819 427 1883 habeant
446 1829 498 1881 aot
514 1819 666 1902 sperent'.
694 1816 819 1884 Marcus
838 1831 939 1885 autem
960 1816 1040 1883 Phil.
1060 1817 1099 1896 V,
1122 1816 1155 1890 8,
1181 1816 1224 1879 22

101 1925 193 2007 ‘quod
208 1933 307 1986 autem
323 1923 387 1986 eius
403 1918 672 1999 itchruudisium,
690 1943 766 2004 quae
783 1924 953 2000 festinatio,
971 1941 1048 2004 quae
1059 1941 1147 2004 spes,
1164 1918 1225 1983 uisi

100 2036 136 2089 ut
149 2025 189 2087 ad
205 2024 305 2087 urbem
320 2025 367 2090 uel
383 2025 414 2087 in
436 2024 538 2089 urbem
562 2026 660 2106 potius
683 2025 848 2088 exercitum
871 2027 1031 2087 maximum
1054 2019 1223 2087 adduceret'

100 2127 246 2211 neglecta
259 2147 321 2210 spe,
337 2127 405 2210 quid
419 2127 529 2190 itinere
544 2137 575 2188 et
591 2125 1156 2209 testinationespectauissetAntonius,
1174 2124 1225 2187 de·

101 2229 231 2297 clarauit
245 2239 277 2294 et
290 2227 377 2293 Lael.
396 2229 449 2306 19,
469 2227 509 2292 18
533 2228 703 2291 ‘nouitates
719 2240 838 2305 autem,
864 2229 889 2292 si
912 2248 993 2311 spem
1018 2227 1164 2302 afferunt,
1192 2236 1227 2289 ut

102 2345 250 2417 tamquam
265 2332 297 2396 iu
313 2332 412 2396 herbis
428 2352 487 2394 non
504 2330 656 2394 fallacibus
673 2333 789 2395 fructus
803 2341 965 2416 appareat,
991 2350 1052 2392 non
1072 2339 1144 2390 sunt
1157 2326 1225 2391 illae

101 2438 218 2518 quidem
234 2435 445 2520 repudiandae’
462 2456 522 2497 uon
537 2435 736 2517 significauit,
764 2454 852 2517 quarn
875 2453 957 2517 spem
973 2431 1123 2497 nouitates
1139 2429 1226 2494 aller·

102 2549 181 2616 rcut,
199 2539 266 2617 sed,
280 2538 528 2621 quidessetillud,
549 2540 712 2602 ‘nouitates
727 2559 810 2622 spem
826 2536 954 2609 afferre’,
973 2534 1147 2618 explicauit.
1172 2528 1226 2595 Illa

102 2645 215 2707 mtinue
231 2642 344 2727 primus
360 2661 433 2703 usus
449 2650 497 2703 est
511 2637 629 2703 Seneca
646 2651 732 2724 pater
747 2651 883 2704 co'ntrou.
901 2638 958 2718 lv,
975 2637 1017 2701 25
1033 2662 1062 2722 p.
1079 2637 1139 2701 281
1154 2634 1224 2720 Bip.

104 2752 181 2811 ‘non
204 2765 379 2829 speramus,
416 2754 450 2806 ut
470 2740 668 2807 Flamininum
694 2744 784 2807 iudex
806 2744 928 2828 probet,
945 2747 998 2807 sed
1014 2755 1048 2807 ut
1063 2741 1223 2817 dimittat',

103 2847 209 2911 deinde
231 2846 309 2911 lilius
332 2867 416 2910 cons.
442 2847 479 2909 ad
493 2845 600 2931 Polyb.
619 2869 646 2910 c.
665 2845 742 2928 (37)
766 2843 821 2923 18,
845 2846 866 2910 h
897 2855 950 2910 ‘ut
971 2847 1088 2928 quidem
1112 2843 1225 2905 nullum

104 2950 224 3013 omniuo
247 2968 317 3013 esse
340 2970 406 3013 eum
431 2950 579 3034 patietur,
604 2970 660 3014 nec
680 2951 857 3033 sperandum
875 2950 925 3013 ulli
942 2969 997 3015 nec
1014 2944 1227 3027 concupiscen-

104 3051 169 3116 dum
185 3051 250 3115 cst'
275 3061 307 3114 ct
320 3047 429 3116 lustin.
446 3049 488 3129 V,
506 3050 538 3130 3,
556 3050 576 3114 3
594 3058 749 3134 ‘sperans
773 3063 805 3115 ut
821 3063 872 3114 aut
887 3053 1089 3114 concordante
1105 3046 1227 3109 ciuitate

105 3154 162 3218 dux
173 3154 245 3218 belli
261 3153 443 3218 abomuibus
455 3155 618 3236 legeretur,
636 3152 697 3217 aut’
713 3163 784 3217 cett.
810 3150 953 3217 Caesaris
963 3172 1034 3215 uero
1046 3151 1123 3227 loco,
1142 3168 1227 3230 quem

104 3277 191 3340 supra
209 3256 306 3340 posui,
332 3277 369 3319 nc
385 3256 534 3320 sententia
549 3256 666 3339 quidem
683 3255 822 3339 sperandi
840 3256 959 3319 uerbum
975 3254 1116 3318 admittit.
1145 3247 1227 3314 Nam

104 3360 306 3425 commodiore
323 3379 357 3421 re
370 3360 566 3424 frumentaria
582 3381 616 3423 se
632 3380 766 3436 usurum,
784 3359 855 3421 itcm
870 3357 1070 3442 Pompeianos
1086 3354 1229 3435 defatiga-

104 3474 200 3526 torum
217 3483 279 3525 uon
294 3462 432 3545 sperabat
448 3457 575 3538 Caesar,
600 3464 652 3526 sed
675 3482 726 3527 eas
742 3483 791 3527 res
807 3461 979 3525 necessario
995 3456 1136 3539 consequi
1152 3455 1230 3519 soie·

103 3565 164 3631 bat.
199 3561 306 3646 ltaque
320 3575 403 3628 recte
417 3561 589 3648 Stephanus
606 3565 777 3648 ‘spectans'
794 3564 897 3638 edidit,
922 3562 980 3627 nisi
995 3562 1071 3645 quod
1088 3559 1173 3623 nobis
1189 3578 1230 3621 ex

104 3668 223 3752 optimis
246 3668 333 3731 codd.
352 3679 507 3750 praeterea
532 3665 644 3731 ‘baec'
660 3667 830 3750 ponendum
846 3668 911 3729 luit.
948 3663 1053 3731 Plures
1077 3665 1155 3728 onim
1178 3683 1229 3726 ros

105 3767 271 3837 Caesarem
293 3770 479 3852 spectauisse
501 3770 660 3852 sequentia
680 3771 799 3833 docent.
829 3766 925 3831 Paulo
947 3769 1073 3832 irrtcrins
1095 3768 1228 3831 insolens

104 3886 151 3939 est
164 3875 242 3938 ordo
257 3873 419 3936 uerborum
436 3873 651 3935 ‘commodiore
668 3872 862 3935 frumentaria
882 3871 937 3934 re’.
975 3869 1071 3937 llecte
1094 3871 1168 3935 haec
1188 3870 1231 3933 ita

103 3977 344 4052 collocarentur,
364 3977 391 4039 si
412 3975 606 4039 frumentaria
627 3995 677 4038 res
701 3973 738 4038 ab
761 3974 819 4038 alia
836 3975 1075 4052 discerneretur,
1100 3986 1134 4037 ut
1153 3972 1231 4056 apud

105 4073 173 4144 Cio.
191 4079 230 4143 ad
246 4076 312 4141 Att.
331 4076 357 4153 1,
377 4078 428 4156 18,
455 4077 473 4140 1
498 4079 531 4141 ht
543 4079 574 4141 in
591 4077 637 4140 his
652 4076 771 4141 uerbis:
797 4078 885 4141 ‘etin
900 4078 1016 4161 publica
1033 4098 1066 4141 re
1081 4076 1184 4141 socius
1200 4083 1231 4138 et

103 4183 135 4246 in
150 4181 280 4268 priuatis
295 4181 431 4245 omuibus
447 4179 608 4245 conscius'.
640 4176 803 4244 Caesarem
820 4183 1034 4245 ‘commodiore
1052 4200 1084 4244 re
1100 4182 1231 4241 frumen·

105 4286 191 4351 taria'
208 4284 370 4370 scripsisse
381 4284 493 4379 indicio
507 4295 591 4362 suut,
607 4303 684 4366 quae
697 4284 730 4347 iu
742 4279 815 4347 Par.
831 4304 894 4349 sec.
912 4294 943 4347 et
956 4281 1046 4347 Leid.
1062 4300 1109 4365 pr.
1126 4278 1231 4360 legun·
