2692 4688
495 184 798 252 ...90-

83 359 201 426 Vberto
216 356 298 423 Gall.
315 379 345 443 p.
362 355 425 422 323
440 358 607 424 faciendum
624 359 720 422 uisum
735 367 793 421 est.
832 352 892 421 Sed
914 367 1019 421 neutra
1035 355 1209 420 coniectura

85 464 175 528 ullam
199 461 289 525 habet
311 461 558 546 probabilitatem.
607 458 785 544 Sequeadus
807 469 853 523 est
874 459 968 542 igitur
989 457 1136 544 Scaliger,
1158 460 1209 542 qui

85 567 178 631 uerba
201 572 237 628 ‘a
252 561 345 626 Boia'
368 563 470 646 spuria
491 584 561 627 esso
584 563 737 626 iudicauit.
775 562 917 647 Ascripta
939 562 1068 626 suntab
1091 583 1139 640 eo,
1157 562 1209 645 qui

84 669 161 732 certi
183 666 308 730 alieuius
331 666 387 730 loci
410 666 658 750 significationem
682 665 793 747 requiri
819 676 870 743 et,
895 686 962 729 cum
984 686 1076 749 supra
1091 686 1120 729 c.
1137 663 1210 744 ‘hh

83 769 225 836 Boiorum
255 769 392 854 oppidum
420 789 438 831 a
466 768 717 852 Vercingetorige
745 779 944 852 oppugnatum
974 787 1043 831 esse
1069 767 1208 853 legisset,

84 874 172 941 etiam
189 872 245 936 boo
260 883 393 954 tempore
409 867 513 934 Gallos
528 870 567 934 ihi
584 880 783 934 commoratos
799 890 867 934 esse
881 870 1092 933 arbitraretur.

168 969 208 1038 C.
227 973 269 1038 18
284 968 419 1050 Caesar,
444 994 511 1037 oum
527 971 827 1057 Vercingetorigem,
850 983 884 1037 ut
897 971 1120 1057 pabulatoribus
1135 971 1210 1035 insi-

83 1077 227 1152 diaretur,
245 1095 263 1139 a
278 1076 387 1139 castris
403 1074 580 1139 discessisse
596 1076 808 1159 comperisset,
826 1076 861 1138 ad
878 1074 1086 1161 opprimendos
1102 1071 1210 1138 Gallos

82 1178 115 1242 iu
130 1178 239 1242 eastris
253 1178 375 1242 relictos
390 1198 458 1242 seso
474 1181 636 1262 proiectum
653 1198 721 1242 ease
736 1180 843 1243 relert.
884 1176 965 1257 ‘llli',
983 1177 1089 1261 iuquit,
1115 1177 1210 1241 ‘cele-

83 1281 161 1346 riter
182 1301 236 1365 per
257 1281 465 1366 exploratores
487 1281 619 1346 aduentu
642 1276 786 1345 Caesaris
810 1279 931 1364 cognito
960 1300 1063 1345 carros
1086 1278 1209 1364 impedi·

83 1393 243 1466 meumque
258 1383 358 1448 suain
374 1383 503 1448 artiores
518 1382 611 1448 siluas
627 1384 816 1461 abdiderunt,
841 1384 942 1467 copias
960 1404 1064 1447 omnes
1086 1385 1117 1447 in
1141 1380 1210 1446 loco

83 1484 164 1549 edito
186 1497 275 1568 atque
289 1495 393 1569 aperto
415 1485 646 1551 instruxeruut'.
670 1483 788 1549 Deinde
803 1505 831 1547 c,
851 1482 903 1560 19,
921 1483 938 1545 1
955 1484 1006 1547 ille
1022 1486 1105 1548 locus
1121 1507 1210 1549 accu-

82 1587 178 1652 ratius
194 1588 238 1652 sic
254 1587 449 1651 describitur:
469 1586 577 1652 ‘Collis
593 1597 659 1651 erat
673 1586 783 1650 leuiter
797 1585 834 1649 ab
849 1585 951 1648 inlimo
966 1585 1100 1649 acclinis.
1119 1584 1211 1651 Hune

83 1708 126 1754 ex
140 1691 277 1754 omnibus
294 1692 356 1754 lere
379 1690 512 1775 partibus
535 1691 619 1773 palus
635 1689 763 1753 difficilis
785 1699 873 1771 atque
896 1687 1033 1770 impedita
1054 1686 1209 1771 cingebat,

83 1812 144 1856 nou
159 1793 248 1857 latior
262 1792 384 1877 pedibus
400 1790 626 1876 quinquaginta.
650 1790 718 1855 Hoc
733 1810 767 1855 se
782 1790 858 1854 colle
874 1789 1053 1873 interruptis
1067 1790 1211 1873 pontibus

84 1891 163 1958 Galli
187 1895 294 1960 bduoia
317 1893 374 1958 loci
398 1895 592 1958 continebant
613 1893 838 1980 generatimque
853 1890 1002 1955 distributi
1023 1893 1054 1954 in
1072 1893 1211 1956 ciuitates

84 1996 193 2082 omnia„
201 1998 275 2060 uada
290 2016 326 2059 ac
342 1997 437 2061 saltus
454 1998 519 2062 eius
535 1997 649 2081 paludis
665 1994 850 2072 obtinebant,
867 1995 912 2058 sic
926 1994 1026 2058 animo
1042 1994 1149 2078 parati,
1161 2003 1207 2071 ut,

83 2098 111 2162 si
126 2117 191 2162 eam
208 2100 343 2184 paludem
360 2097 490 2163 Romani
507 2120 700 2185 perrumpere
716 2107 917 2175 conarentur,
942 2096 1126 2161 haesitantes
1140 2116 1210 2180 pro·

82 2213 201 2266 merent
222 2222 263 2265 ex
284 2202 349 2266 loco
373 2203 551 2284 superiore’.
589 2201 624 2266 lu
647 2224 702 2286 qua
723 2202 829 2285 palude
855 2199 1099 2282 quomadmodum
1113 2199 1211 2262 saltus

83 2305 309 2368 commemorari
331 2305 503 2388 potuerint,
528 2305 609 2368 nulla
631 2305 749 2368 ratione
770 2321 866 2385 neque
886 2301 1021 2385 intellegi
1043 2320 1139 2383 neque
1154 2320 1211 2364 rx-

86 2406 190 2490 plicari
207 2415 317 2488 potest.
342 2405 422 2468 Nam
439 2415 469 2467 ct
484 2405 617 2490 paludem
634 2407 750 2490 planam
767 2415 856 2486 atque
872 2403 1031 2466 demissam
1049 2403 1141 2467 luisse
1156 2421 1210 2465 ne-
1272 2400 1282 2415 ‘

84 2526 171 2570 cesse
187 2516 249 2584 est,
273 2507 368 2587 etqui
385 2507 448 2569 lieri
465 2508 579 2591 potnit,
606 2517 639 2570 ut
651 2507 682 2568 iu
699 2516 759 2569 tam
775 2505 887 2590 exiguo
903 2506 1018 2590 spatio,
1043 2524 1109 2567 cum
1125 2503 1210 2588 palus

84 2626 146 2671 uon
162 2618 244 2672 esset
259 2607 349 2671 latior
364 2608 486 2690 pedihus
503 2609 727 2691 quinquaginta,
744 2629 805 2671 noa
820 2629 911 2686 uuus,
928 2609 981 2672 sed
997 2609 1099 2692 plures
1114 2608 1210 2670 saltus
1244 2646 1248 2659 ·

84 2712 209 2774 esseut?
222 2706 302 2774 Nam
318 2712 345 2774 is
361 2711 492 2794 quidem,
506 2712 554 2795 qui
570 2711 618 2774 hic
636 2711 776 2797 ‘waldige
791 2718 937 2795 eugp'aisse
953 2711 1051 2774 dieses
1066 2709 1210 2794 snmples’

83 2812 299 2897 iuterpretatur
313 2824 344 2876 et
359 2814 454 2878 saltus
468 2812 736 2899 Thermopylarum
752 2835 794 2878 ex
808 2812 880 2876 Liu.
898 2809 1055 2890 xxxvl,
1075 2812 1115 2876 lh
1130 2832 1213 2875 con·

84 2926 181 3001 parnt,
199 2917 311 2980 ueritus
327 2916 457 2992 uidetur,
476 2938 513 2981 ne
529 2918 645 2982 ridendi
662 2917 786 2980 materia
802 2916 971 2981 hominibus
980 2917 1109 2979 deesset.
1128 2912 1209 3000 Ego,

84 3021 161 3103 quod
182 3015 300 3084 Caesar
321 3020 456 3085 scribere
479 3021 628 3105 potnerit,
660 3040 751 3084 unum
773 3019 914 3084 inuenio:
943 3019 1052 3082 ‘omnia
1063 3017 1151 3080 ‘uada
1175 3036 1212 3079 ao

84 3123 232 3186 transitus
246 3121 311 3186 eius
328 3124 465 3207 paludis',
490 3134 523 3187 ut
538 3121 657 3187 Hirtius
674 3120 762 3199 Vlll,
781 3120 833 3199 13,
853 3121 869 3184 l
894 3122 971 3184 dixit
995 3121 1082 3184 ‘uada
1099 3120 1212 3184 transi·

85 3233 194 3306 tusque
209 3223 346 3306 paludis’,
371 3246 548 3312 quamquam
574 3246 591 3289 a
615 3227 779 3289 litterarum
804 3224 996 3287 similitudine
1019 3223 1129 3286 nullam
1145 3222 1212 3285 eius

85 3326 277 3389 coniecturae
293 3328 580 3391 commendationem
602 3348 670 3391 esse
686 3328 785 3391 uideo.
825 3323 884 3391 Sed
909 3347 947 3390 ue
972 3326 1071 3389 ‘uada’
1094 3324 1212 3408 quidem

86 3433 188 3510 ‘atque
204 3426 325 3503 aditus',
342 3428 419 3510 quod
436 3430 522 3513 paulo
538 3429 659 3514 propius
675 3430 820 3492 accedere
836 3429 930 3492 uideri
947 3439 1056 3512 potest,
1074 3424 1212 3491 reatedi-

85 3539 245 3605 oerentur,
270 3549 335 3591 cum
360 3550 420 3592 non
443 3531 540 3593 aditus
556 3531 671 3614 paludis
686 3552 704 3593 a
721 3527 817 3595 Gallis
832 3531 1057 3609 obtinerentur,
1083 3530 1134 3594 sed
1159 3550 1212 3613 po·

87 3630 167 3709 tius,
196 3639 227 3694 ut
241 3631 282 3693 ita
299 3631 412 3709 dicam,
438 3632 555 3697 exitus:
581 3634 611 3697 in
628 3634 723 3696 altera
738 3634 818 3697 euim
834 3643 918 3716 parte
934 3634 965 3698 iu
981 3632 1057 3697 colle
1073 3629 1213 3696 collocati

86 3732 270 3798 haesitantes
286 3732 317 3796 iu
333 3734 440 3818 palude
454 3734 609 3800 Romanos
626 3756 762 3817 premere
779 3735 929 3799 uolebant.

171 3831 210 3899 C.
227 3833 321 3914 20,2
343 3839 458 3916 oratio,
482 3861 540 3926 qua
564 3836 801 3924 Vercingetorix
822 3837 998 3922 proditionis
1020 3836 1117 3903 esuis
1139 3835 1216 3901 iusi·

85 3938 214 4003 mulatus
236 3958 270 4003 ae
293 3940 443 4017 defendit,
468 3940 514 4003 bis
536 3941 638 4005 uerbis
660 3941 780 4026 incipit:
807 3937 908 4024 ‘Quod
931 3952 1031 4005 castra
1054 3939 1213 4016 mouisset,

85 4043 195 4108 laetum
211 4043 312 4126 iuopia
327 4042 425 4126 pabuli
441 4042 529 4106 etiam
545 4045 618 4129 ipsis
635 4044 838 4123 hortantibus,
863 4046 941 4128 quod
962 4044 1086 4129 propius
1101 4042 1216 4106 lloma·

85 4166 141 4210 nos
157 4145 349 4225 accessisset,
367 4167 542 4230 persuasum
560 4147 617 4213 loci
634 4148 867 4231 opportunitate,
892 4148 942 4229 qui
956 4167 990 4209 se
1005 4148 1102 4230 ipsum
1117 4146 1217 4209 muni·

86 4249 168 4314 tione
189 4248 386 4314 defenderet'.
427 4247 485 4316 llic
505 4271 596 4316 uuum
618 4250 722 4314 uitium
738 4248 1027 4335 aperuitdpitzius,
1051 4250 1128 4331 quod
1144 4258 1215 4312 ante
