2692 4688
435 202 576 273 Gohffl.
592 202 608 273 1
629 203 727 274 CAP.
741 205 893 275 48-44.
1215 208 1280 279 283

101 377 178 462 quod
194 396 270 441 uero
285 376 324 440 ad
339 377 498 442 amicitiam
514 378 613 462 populi
623 376 752 443 Romani
768 379 958 458 adtulissent,
973 380 1003 445 id
1018 380 1058 445 iis
1071 380 1223 465 eripiquis

101 481 164 564 pati
184 480 311 564 posset?
345 477 517 546 Postuiauit
531 481 638 546 deinde
651 482 776 559 eadem,
799 501 875 566 quae
896 483 1005 567 legatis
1024 483 1057 547 iu
1072 482 1259 551 mandatisti

101 584 237 657 dederet,
253 602 294 647 no
308 593 361 647 aut
374 581 509 648 Haeduis
523 593 576 646 aut
590 603 692 647 eorum
706 583 799 648 sociis
814 583 923 649 helhum
937 585 1086 664 inferretq
1102 584 1223 652 ohsidae

100 685 261 764 redderem
276 683 304 748 si
320 682 430 748 nuliam
444 695 560 767 partam
569 681 788 750 Germanorum
803 687 921 751 domum
936 688 1092 752 remittere
1106 696 1221 772 posset,

66 800 82 851 t
97 798 130 854 at
142 808 181 852 nc
195 805 276 870 quoe
288 786 415 870 amplius
429 785 569 851 Rhenum
585 787 716 852 transire
731 798 896 872 pateretur.
925 788 1100 855 Ariouistus
1114 790 1152 855 ad
1166 811 1221 875 po·
1233 789 1280 863 44

100 889 213 955 mum
228 883 373 953 muris
388 908 483 972 panea
496 889 671 974 respondit,
687 889 725 955 de
739 891 804 954 suia
820 891 981 955 uirtutibus
996 892 1088 956 multa
1104 892 1223 976 praem·

100 991 199 1056 sanita
220 987 387 1054 Transisse
408 988 547 1056 Rhenum
566 1012 635 1057 sese
659 1013 720 1057 non
740 1013 795 1058 sua
815 1003 942 1077 sponte,
965 995 1019 1057 sed
1039 1004 1178 1079 rogatum
1191 993 1258 1061 et2

99 1091 279 1159 mussitem
294 1112 312 1154 a
327 1088 443 1174 Gallim
466 1114 526 1157 non
547 1095 615 1159 eine
635 1115 744 1180 magna
757 1114 811 1180 apc
826 1094 1002 1178 magnisque
1015 1096 1156 1178 praemiis
1170 1097 1223 1162 do·

99 1216 182 1261 mun
193 1195 436 1280 propinquosque
450 1195 627 1280 reliquissez
642 1197 732 1260 sedes
748 1195 859 1261 hahere
874 1197 904 1260 in
913 1193 1058 1261 Galliaah
1067 1197 1140 1282 ipsis
1149 1219 1222 1263 con·

48 1310 78 1362 to
99 1318 216 1375 cessas,
236 1296 357 1363 ohsides
371 1297 504 1382 ipsorum
518 1297 673 1363 uoluntate
694 1298 799 1376 datosq
823 1299 1002 1382 stipendium
1025 1320 1133 1384 capere
1153 1300 1221 1365 iure

98 1400 181 1479 helii,
197 1401 279 1483 quod
294 1401 425 1465 uictores
448 1400 538 1465 uictis
560 1401 706 1485 inponere
721 1401 906 1465 consuerint.
937 1399 1011 1465 Non
1025 1421 1093 1466 sesa
1109 1400 1256 1484 haume

98 1504 152 1568 sed
166 1500 273 1571 Gallos
287 1500 346 1567 sihi
360 1501 470 1566 bellum
486 1501 643 1567 intulisse:
660 1523 764 1567 omnes
780 1499 898 1568 Galliae
912 1503 1051 1569 ciuitates
1066 1504 1103 1568 ad
1117 1524 1152 1569 se
1167 1526 1221 1591 op·

60 1605 289 1697 wadum
311 1605 433 1669 ussisse
453 1624 489 1667 aa
504 1614 611 1669 conus
624 1624 659 1669 ae
679 1615 781 1669 castra
796 1604 956 1684 hahuisae3
980 1626 1033 1670 eas
1048 1626 1152 1671 omnes
1167 1627 1220 1673 cu·

98 1709 165 1794 pius
178 1729 197 1774 a
210 1728 246 1774 se
260 1727 321 1772 uno
336 1705 450 1790 proclia
464 1705 566 1790 pulsas
580 1726 616 1771 ec
630 1718 787 1792 superatas
802 1728 882 1773 esse.
909 1705 945 1773 si
960 1708 1070 1773 iterum
1085 1708 1220 1794 experiri
1232 1706 1255 1771 4

43 1822 74 1875 ts
97 1811 212 1888 uelint,
234 1808 393 1875 seiherum
409 1818 545 1894 paratum
559 1828 629 1873 esso
644 1809 819 1890 decertum
841 1811 869 1875 si
884 1829 957 1893 pace
972 1811 1016 1873 nti
1031 1809 1142 1888 uelint,
1160 1810 1219 1875 ini·

97 1934 192 1997 quum
206 1931 275 1977 esec
289 1910 327 1976 ds
340 1910 489 1994 stipendio
504 1930 660 1988 recusare,
678 1912 756 1995 quod
770 1932 826 1976 sua
841 1911 996 1976 uoluntate
1009 1911 1085 1975 adid
1101 1922 1220 1997 tempus

97 2013 307 2098 pependerint.
340 2013 515 2087 Amicitiam
538 2013 636 2097 populi
652 2010 782 2077 Romani
796 2012 852 2077 sihi
867 2024 1044 2079 ornamento
1059 2024 1091 2079 et
1104 2009 1255 2099 procui-h

63 2191 69 2201 ,
99 2116 172 2194 dio,
197 2134 260 2178 non
279 2114 455 2181 {cremato
478 2136 546 2180 essa
568 2126 728 2200 oportere,
752 2114 839 2196 idque
860 2135 894 2179 sa
909 2135 946 2179 ea
960 2138 1014 2199 spe
1028 2117 1151 2200 petisse.
1182 2111 1219 2182 si

98 2239 156 2305 pur
174 2217 316 2303 pupulum
334 2214 504 2286 Romanum
526 2218 704 2301 stipendium
725 2217 896 2282 remittatur
910 2227 942 2281 ct
955 2217 1087 2282 dediticii
1101 2218 1220 2283 subtra-

34 2332 72 2386 Ἀ
97 2322 222 2398 huntur,
246 2341 308 2387 nou
320 2322 418 2386 minus
432 2321 563 2386 lihenter
577 2342 648 2386 sese
663 2331 870 2386 recusaturum
887 2320 985 2405 populi
999 2318 1131 2383 Romani
1145 2318 1219 2384 ami·

98 2422 215 2502 citiam,
228 2442 317 2508 quam
332 2423 501 2509 adpetierit.
526 2421 615 2507 Quod
630 2423 846 2488 multitudinem
862 2421 1082 2488 Germanorum
1097 2420 1130 2485 in
1145 2417 1219 2485 Gal·
1232 2416 1255 2485 6

95 2523 171 2591 lim
187 2525 333 2607 meost,
349 2526 381 2591 id
395 2547 430 2592 sc
444 2528 492 2591 sui
506 2526 678 2605 muniendi,
695 2547 756 2591 non
770 2522 887 2591 Galliae
902 2526 1111 2612 inpugnandus
1126 2543 1220 2591 causa

96 2628 219 2693 facem
242 2628 308 2694 eius
322 2628 369 2694 rei
385 2629 587 2693 testimonium
602 2648 690 2705 esse,
713 2629 791 2713 quod
806 2629 864 2692 nisi
879 2641 1003 2714 rogatus
1022 2650 1083 2693 non
1099 2628 1218 2693 uenerit

96 2740 129 2795 ot
140 2730 222 2813 quod
234 2730 345 2796 helim
360 2751 422 2795 non
435 2731 590 2809 intulerit,
607 2731 661 2795 sed
676 2730 853 2796 defenderit.
885 2727 928 2795 Se
944 2732 1025 2814 priua
1041 2732 1072 2794 in
1088 2729 1217 2797 Galliam
1231 2726 1253 2793 7

33 2844 70 2897 25
95 2832 220 2898 ueniae
240 2854 329 2916 quem
352 2834 490 2919 populum
510 2831 692 2899 Romanum.
729 2832 900 2917 Numquam
928 2845 999 2899 ante
1021 2832 1078 2896 hoc
1100 2843 1218 2914 tempus

95 2934 265 3000 exercitum
293 2937 393 3023 populi
422 2935 552 3001 Romani
577 2933 695 3002 Galliae
717 2937 890 3021 prouinciae
912 2935 1021 2999 finibus
1044 2953 1216 3018 egressum.

95 3033 178 3120 Quid
192 3038 251 3103 sihi
266 3038 379 3119 uchet,
400 3059 455 3104 eur
474 3039 506 3103 in
527 3059 598 3104 suas
619 3039 827 3123 possessiones
848 3038 989 3102 ueniret?
1023 3031 1255 3101 Prouinciam8

205 3264 217 3317 1
231 3264 353 3332 populum
366 3263 445 3316 mh.
534 3265 693 3317 adtulissent
703 3263 760 3331 As.
848 3264 874 3315 id
887 3262 996 3316 hisAB
1009 3262 1090 3330 longe
1099 3259 1221 3329 pluriora·

93 3340 264 3407 sommare
277 3341 305 3394 id
316 3356 332 3394 a
345 3343 410 3409 ses.
510 3344 633 3397 hdeinde
647 3358 700 3396 cm.
711 3344 784 3395 ‘msc
800 3342 840 3395 Μ’
852 3348 882 3393 et
893 3359 929 3393 m.
941 3358 987 3410 pr.
1001 3341 1035 3395 B.
1122 3337 1218 3407 tunm]

93 3416 200 3486 quidem
212 3417 314 3486 adds.
401 3418 672 3487 thiheaumoms.
761 3419 929 3485 aereams.
1015 3415 1218 3470 deoneessec.

204 3494 374 3563 ilioponere
387 3496 471 3566 Ars.
602 3497 635 3553 12
648 3496 960 3566 expugnacdnmhcds.
1084 3495 1114 3548 1³
1128 3506 1218 3545 omnes

92 3578 273 3640 cumpuncta
284 3575 560 3642 suheethmprosc.
573 3574 607 3627 B.
706 3577 740 3629 14
758 3592 774 3627 a
792 3592 821 3627 se
839 3575 865 3626 in
878 3574 977 3641 proelio
988 3575 1025 3626 D.
1129 3572 1219 3640 pulsas

91 3655 118 3707 A
124 3653 152 3705 Β
159 3654 214 3707 OD
220 3655 259 3716 B,
272 3655 472 3721 manusfacta
484 3668 573 3720 marg.
587 3671 625 3706 m.
638 3671 692 3707 seo.
706 3656 740 3706 Id.
845 3654 961 3721 experiri
973 3652 1074 3704 uellent
1085 3655 1115 3703 a'e
1126 3664 1215 3719 meg.

90 3745 192 3783 samm.
202 3732 237 3784 B.
297 3732 467 3786 hisciterum
477 3740 595 3801 peratum
606 3736 697 3786 esseA
706 3733 799 3798 CDE,
813 3749 841 3785 se
851 3734 1068 3799 iterumparatum
1075 3731 1110 3795 B,
1122 3746 1153 3783 se
1162 3746 1209 3799 pu-

91 3808 211 3873 ramus.
281 3825 346 3878 paee
355 3810 554 3878 utinaeemaJ.
623 3811 734 3874 uellent,
744 3810 859 3877 iniquum
867 3810 899 3871 E,·
913 3808 1155 3874 matleot‚iniqnum
1167 3809 1213 3878 es.

176 3885 209 3938 at
221 3889 409 3955 perpenderint
418 3889 482 3953 nh,
496 3888 669 3955 dependeriot
682 3888 725 3939 0?
738 3887 860 3953 deeset
869 3900 969 3938 m.sec.
978 3887 1006 3935 a’e
1018 3898 1108 3952 marg.
1120 3884 1156 3936 B.

94 3960 127 4014 ta
137 3961 218 4029 idque
230 3978 261 4015 se
274 3978 306 4017 ea
317 3963 375 4032 spe]
388 3965 467 4032 idque
480 3980 508 4017 se
521 3966 570 4017 huo
582 3981 628 4033 spe
639 3968 675 4026 A,
688 3965 714 4016 id
728 3980 775 4032 per
787 3979 816 4015 se
830 3978 860 4015 ac
873 3978 952 4030 saepe
966 3963 991 4012 h.
1094 3961 1127 4015 et
1142 3962 1220 4030 adpe-

94 4040 171 4093 tierit
189 4045 215 4096 A
223 4044 265 4105 B,
277 4046 308 4094 ἑτι
319 4060 373 4110 quo
382 4048 517 4112 punctum
528 4045 578 4096 soh
590 4044 607 4094 d
619 4049 648 4094 et
663 4058 679 4110 p
696 4057 832 4108 cupream,
847 4043 873 4094 Ι)
882 4042 937 4108 Es.
1027 4040 1063 4095 22
1075 4039 1115 4107 se]
1129 4039 1218 4094 iacere

94 4119 159 4171 edd.
174 4121 206 4172 0.
306 4123 500 4190 (inpugnandus
512 4123 546 4186 B)
559 4122 746 4190 oppugnandae
760 4123 785 4173 h.
891 4122 925 4178 23
938 4120 1088 4173 testimonio
1103 4121 1125 4172 C
1133 4123 1146 4170 2
1157 4120 1224 4186 eds

95 4200 276 4252 eduense-B.
399 4204 583 4269 hhnumquam
597 4201 683 4267 ΑΜ,
697 4216 826 4269 nunqnam
839 4201 897 4268 (B).
1025 4198 1217 4264 hhdnesdss.

205 4278 351 4344 ingressum
364 4281 413 4347 es.
494 4280 527 4333 ²⁷
541 4280 602 4346 quid
616 4278 679 4345 sibi]
694 4281 762 4345 quod
775 4280 798 4330 si
811 4281 845 4331 A.
927 4277 984 4344 cur]
998 4278 1066 4343 quod
1077 4290 1114 4327 sa.
1122 4291 1168 4342 pr.
1184 4278 1217 4330 C.
