2692 4688
548 218 848 283 ...Μ-

141 398 206 463 rior
221 408 288 474 est,
304 396 348 460 ita
362 404 395 457 ut
411 392 536 477 ‘supro'
553 392 701 477 propriam
717 401 748 454 et
762 399 933 474 perpetuam
948 388 1197 473 significationem
1212 411 1262 455 re·

141 500 245 564 tinent.
277 495 422 564 Similiter
441 494 533 580 igitur
553 494 610 557 boo
632 514 650 556 a
673 489 857 557 Sebueidero
877 491 1058 576 disputatum
1086 502 1152 569 est,
1174 503 1264 578 utque

141 603 218 686 qnod
234 603 271 665 de
285 600 315 663 b.
334 597 415 663 Gall.
432 595 479 675 lt,
498 595 551 674 30;
569 595 589 657 4
605 594 742 659 uitiosum
758 594 890 657 oudinum
907 594 1085 678 scripturam
1103 601 1183 659 ‘uem
1200 598 1264 680 plo-

139 724 266 787 rumque
281 703 419 766 omnibus
433 698 530 763 Gallis
544 710 618 780 pra'e
633 697 835 780 magnitudine
851 716 1008 779 corporum
1025 716 1146 760 suorum
1162 697 1264 762 broni·

140 817 187 870 tus
202 814 309 869 nostra
323 799 503 886 contemptui
519 799 588 878 est'‚
605 799 655 863 ubi
670 809 752 862 reete
768 799 911 863 edebatur
927 798 1137 877 ‘bominibus'‚
1153 799 1197 863 its
1211 801 1264 865 de·

141 908 247 986 tendit,
265 917 297 971 ιιι
313 907 499 991 ‘plerunque
515 902 629 965 omnes'
645 900 780 986 intellegi
796 901 930 981 iuberet,
953 900 1002 984 qui
1019 905 1133 984 ‘poene
1148 903 1263 967 omues’

139 1008 198 1072 diui
213 1016 424 1081 consuessent,
442 1014 471 1068 et
487 1004 562 1067 baeu
576 1004 743 1067 ascriberet
758 1001 799 1082 V,
817 1002 871 1083 57,
896 1002 917 1067 3
940 1004 1075 1086 ‘equites
1090 1004 1264 1087 plerumque

140 1131 246 1174 omnes
263 1111 321 1173 tede
338 1109 417 1172 intra
432 1107 540 1171 uallum
557 1106 762 1171 coniciebant'
787 1117 820 1170 et
832 1104 910 1184 Vll,
927 1103 988 1185 84,
1005 1105 1026 1169 5
1050 1106 1162 1169 ‘omnia
1183 1106 1262 1170 eui'n

139 1213 330 1297 plerumque,
354 1231 429 1293 quae
451 1210 576 1287 absunt,
600 1209 808 1273 uehementius
830 1207 983 1271 bominum
1005 1217 1122 1270 mentes
1146 1218 1264 1293 pertur-

139 1313 235 1377 bant’s
253 1314 358 1391 niuibus
374 1313 447 1376 loois
463 1312 530 1395 quid
546 1311 714 1395 impediret,
730 1310 903 1392 quominus
925 1307 1134 1392 ‘plerumque’
1155 1329 1263 1391 peruu-

140 1425 207 1498 geta
224 1414 444 1496 significatione
460 1412 562 1476 uerbis
577 1413 822 1496 coniungeretnr,
841 1409 948 1473 uellem
963 1410 1168 1492 exposuisset.
1206 1410 1262 1473 dt·

141 1536 199 1598 qne
214 1514 288 1579 bueo
304 1536 441 1592 uetares,
459 1515 536 1596 quod
551 1513 725 1576 necessario
743 1513 810 1590 ‘its‚
827 1511 869 1574 nti
886 1511 984 1576 entou'
999 1512 1166 1595 ponendum
1182 1522 1260 1591 erut,

140 1617 220 1681 illam
236 1616 413 1700 optimorum
429 1615 563 1679 oodioum
578 1614 754 1698 seripturam
771 1612 874 1677 falsam
891 1635 959 1678 esse
974 1614 1156 1696 comprobat.
1201 1610 1263 1679 lu-

139 1739 209 1805 pue‚
227 1738 266 1782 ne
280 1719 389 1802 longus
404 1717 480 1794 sim,
495 1716 525 1781 id
541 1716 695 1794 omittam,
712 1736 800 1796 quam
815 1726 899 1779 reete
914 1712 1032 1779 Caesar
1047 1737 1099 1794 ea,
1124 1735 1200 1798 quae
1215 1715 1263 1782 bio

140 1822 219 1885 iaetu
233 1831 408 1898 narrentur,
425 1840 491 1883 oum
506 1818 556 1896 iis,
573 1838 648 1900 quiae
663 1839 691 1882 o.
709 1817 764 1895 22,
780 1818 847 1883 2ιο
862 1817 971 1882 lenisse
988 1819 1260 1898 demonstr-suerat,

99 1999 116 2009 ἡ
140 1931 368 2007 eomparaturus
384 1921 477 1984 luisse
492 1920 641 1983 uideatur.
689 1917 724 1983 lu
746 1921 870 2003 reliquis
891 1920 1044 1983 oudioibus
1059 1930 1182 2005 waeter
1194 1940 1263 2005 per·

122 2004 252 2108 ‘paunus
268 2022 410 2105 seriptum
426 2032 471 2086 est
489 2022 544 2085 ‘its
559 2021 603 2085 uti
617 2043 707 2107 snpra
723 2044 756 2087 se
772 2023 804 2086 in
816 2044 933 2086 summo
948 2022 1027 2106 iugo’
1044 2033 1116 2087 uett.
1140 2021 1214 2087 lude
1230 2022 1262 2089 iu

140 2146 201 2190 uuo
216 2121 361 2188 Leideusi
376 2125 489 2202 oudioe,
507 2125 651 2202 seeundo,
668 2134 703 2187 ut
716 2124 857 2203 arbitror,
874 2125 1009 2188 effectum
1026 2136 1085 2202 est,
1103 2126 1180 2209 quud
1196 2122 1262 2190 0u·

140 2200 451 2312 dendorpius‘edidlt:
479 2226 541 2290 ‘ita
563 2227 607 2290 uti
622 2247 712 2311 supra
727 2246 761 2291 so
775 2228 806 2291 in
822 2248 938 2290 summo
952 2229 1023 2310 iugo
1038 2227 1111 2290 duas
1126 2226 1262 2311 legiones

139 2366 183 2381 -
198 2338 230 2393 et
244 2330 344 2391 omniu
359 2329 472 2393 auxilia
488 2329 659 2392 collocaret'
676 2340 747 2393 nott.
780 2328 892 2392 Verum
908 2339 970 2392 tum
986 2339 1119 2393 extrema
1145 2335 1200 2392 ‘ao
1215 2339 1263 2394 tu·

140 2439 201 2493 tum
217 2441 351 2493 montem
371 2430 539 2493 bominibus
555 2432 696 2515 eompleri
719 2443 750 2496 et
769 2431 885 2496 interea
907 2430 1044 2495 sureinas
1065 2431 1097 2494 iu
1112 2442 1203 2495 unum
1217 2432 1263 2497 lu·

140 2551 207 2594 uum
222 2531 354 2593 oonlerri
370 2540 402 2592 et
416 2551 482 2593 eum
498 2532 536 2595 ab
550 2532 599 2611 iis,
617 2534 666 2616 qui
676 2535 708 2597 in
721 2535 877 2616 superiore
887 2534 953 2596 aoie
969 2533 1181 2611 constiterunt,
1196 2554 1263 2598 mu·

140 2631 198 2695 uiri
212 2630 310 2694 iussit'
327 2633 421 2695 lormu
437 2634 582 2698 orationis
597 2635 822 2719 coniunguntur
835 2657 901 2699 oum
917 2637 1033 2720 primis,
1049 2656 1115 2699 uum
1129 2656 1180 2700 res
1193 2656 1263 2721 per-

141 2734 236 2797 tineat
250 2733 287 2796 ad
302 2753 356 2812 oo,
378 2754 454 2821 quae
469 2735 605 2818 proxima
620 2736 777 2820 superiora
791 2747 873 2800 sunt.
918 2735 1024 2820 tuque
1038 2749 1124 2802 rente
1138 2734 1262 2803 Ouden-

139 2833 259 2919 dorpius
274 2837 445 2921 suspicatus
460 2847 508 2901 est
522 2848 639 2901 retento
654 2839 706 2902 illo
723 2838 797 2902 ‘sed’
813 2840 991 2923 optimorum
1013 2839 1147 2904 oudinum
1168 2839 1263 2913 uorbn

142 2937 195 3005 ‘ita
210 2937 253 3000 uti
269 2937 369 3021 supra'
384 2939 514 3023 ascripta
528 2940 726 3004 existimanda
743 2960 810 3003 esse
822 2941 859 3003 ab
871 2962 920 3018 eo,
938 2942 987 3026 qni
1002 2943 1050 3006 bie
1065 2943 1161 3006 locum
1176 2942 1260 3007 illum

139 3039 245 3123 ospitis
260 3038 321 3118 22,
338 3062 425 3127 quem
442 3042 653 3127 supraposui,
672 3043 883 3106 eonferendum
900 3044 1058 3108 iudicaret.
1103 3040 1189 3125 Quod
1206 3065 1260 3109 au·

139 3150 198 3201 tem
213 3136 417 3205 Soboeiderns
433 3152 589 3226 praeterea
604 3164 645 3207 ex
665 3146 804 3209 omnibns
824 3145 976 3210 oodioibus
991 3146 1124 3209 restitnit
1146 3145 1262 3230 ‘legiu-

138 3257 208 3300 uum
225 3251 367 3324 quattuor
382 3245 623 3323 ueteranornm‘,
648 3247 718 3310 mibi
741 3269 801 3312 nou
823 3249 1020 3331 persuadetur
1033 3241 1198 3311 Caesarem
1216 3248 1261 3313 its

137 3339 314 3424 scripsisse:
339 3355 515 3408 oonstanter
528 3348 607 3409 enim
622 3348 764 3411 diountur
778 3352 953 3411 ‘ueteranos
969 3348 1125 3433 legiones’.
1171 3345 1263 3430 Quod

136 3439 164 3503 si
179 3441 245 3523 quis
261 3440 386 3506 alterum
402 3457 486 3509 reete
501 3446 558 3508 diei
575 3447 702 3528 probaro
715 3448 818 3533 polet,
836 3449 866 3511 ei
880 3449 910 3509 id
925 3449 1021 3532 ipsum
1036 3449 1184 3532 exemplis
1199 3451 1261 3516 orit

137 3542 369 3606 ooubrmundun
384 3558 473 3627 atque
489 3547 646 3620 eiusmodi,
663 3548 700 3610 de
712 3548 819 3630 quibus
831 3549 967 3614 dubitare
983 3573 1044 3615 uon
1057 3552 1158 3615 lineat.
1175 3549 1260 3617 Nun

136 3642 212 3724 quod
228 3645 357 3707 tironum
373 3644 509 3730 legiones
526 3648 674 3726 dicuntur,
693 3649 751 3713 alia
766 3649 831 3713 eius
847 3652 984 3715 uooaboli
1002 3656 1096 3716 forma
1112 3662 1170 3718 est.
1257 3700 1260 3707 .

222 3740 262 3808 C.
279 3744 340 3823 28,
364 3745 482 3810 dstote
498 3746 728 3834 Oudendorpius
749 3752 885 3817 ediderat
911 3756 1009 3837 ‘qnod
1031 3754 1168 3817 omuibus
1196 3755 1260 3819 iru-

136 3845 233 3909 etibus
244 3847 361 3911 amissis
378 3847 455 3911 dorni
472 3851 545 3913 nibil
561 3863 638 3929 erat,
655 3874 712 3936 quo
728 3856 834 3919 lumem
849 3859 1026 3933 tolerarent,
1044 3854 1260 3940 Allobrogibus

135 3946 308 4030 imperauit,
326 3959 361 4013 ut
373 3951 411 4014 iis
427 3952 569 4017 frumenti
584 3957 696 4039 sopiam
713 3958 868 4023 laoeront'.
900 3958 981 4024 Nam
997 3981 1065 4024 oum
1089 3958 1262 4023 ‘lruotibutd

136 4049 277 4133 seriptum
293 4052 334 4114 sit
348 4053 379 4115 iu
396 4054 497 4118 oodioe
512 4057 640 4121 omnium
657 4060 779 4143 optimo,
798 4059 897 4145 Bong.
914 4084 960 4146 pr.
974 4106 983 4136 ,
999 4074 1028 4126 ot
1045 4082 1087 4125 ex
1101 4063 1196 4125 ultera
1210 4060 1258 4125 in·

135 4161 288 4237 tegrorum
303 4165 387 4237 parte
402 4156 433 4220 in
448 4154 537 4240 Egm.
556 4169 587 4223 et
601 4159 689 4224 Vrut.
708 4184 776 4246 pr.‚
800 4162 904 4227 borum
920 4163 1086 4227 autumnitas
1101 4182 1162 4224 non
1178 4162 1259 4226 oodit

136 4255 297 4321 oousonsui
311 4253 383 4322 Par.
407 4280 454 4344 pr.
476 4269 508 4323 ot
522 4257 614 4325 Voss.
631 4282 678 4346 pr.
701 4285 770 4328 oum
791 4262 980 4349 interpolatis
995 4271 1028 4326 ot
1041 4262 1191 4346 plerisque
1205 4262 1257 4328 de·
