<?xml version="1.0" encoding="UTF-8"?>
<!DOCTYPE html PUBLIC "-//W3C//DTD XHTML 1.0 Transitional//EN"
    "http://www.w3.org/TR/xhtml1/DTD/xhtml1-transitional.dtd">
<html xmlns="http://www.w3.org/1999/xhtml" xml:lang="en" lang="en">
 <head>
  <title>
</title>
<meta http-equiv="Content-Type" content="text/html;charset=utf-8" />
  <meta name='ocr-system' content='tesseract 3.04.00' />
  <meta name='ocr-capabilities' content='ocr_page ocr_carea ocr_par ocr_line ocrx_word'/>
</head>
<body>
  <div class='ocr_page' id='page_1' title='image "./civliicaesarisc02hirtgoog_0057.png"; bbox 0 0 2692 4688; ppageno 0'>
   <div class='ocr_carea' id='block_1_1' title="bbox 143 375 1276 3627">
    <p class='ocr_par' dir='ltr' id='par_1_1' title="bbox 143 375 1276 3627">
     <span class='ocr_line' id='line_1_1' title="bbox 143 375 1274 469; baseline -0.007 -19"><span class='ocrx_word' id='word_1_1' title='bbox 143 395 175 450; x_wconf 88' lang='lat' dir='ltr'>et</span> <span class='ocrx_word' id='word_1_2' title='bbox 187 382 434 469; x_wconf 73' lang='lat' dir='ltr'><strong>interpolatorum</strong></span> <span class='ocrx_word' id='word_1_3' title='bbox 454 379 600 444; x_wconf 83' lang='lat' dir='ltr'>codicum.</span> <span class='ocrx_word' id='word_1_4' title='bbox 639 378 702 444; x_wconf 79' lang='lat' dir='ltr'>lias</span> <span class='ocrx_word' id='word_1_5' title='bbox 724 389 845 464; x_wconf 83' lang='lat' dir='ltr'>praeter</span> <span class='ocrx_word' id='word_1_6' title='bbox 865 379 1042 442; x_wconf 71' lang='lat' dir='ltr'>collationes</span> <span class='ocrx_word' id='word_1_7' title='bbox 1055 375 1274 443; x_wconf 78' lang='lat' dir='ltr'>Parisinorum-</span> 
     </span>
     <span class='ocr_line' id='line_1_2' title="bbox 144 479 1264 569; baseline -0.007 -15"><span class='ocrx_word' id='word_1_8' title='bbox 144 489 278 554; x_wconf 89' lang='lat' dir='ltr'>codicum</span> <span class='ocrx_word' id='word_1_9' title='bbox 294 507 312 551; x_wconf 99' lang='lat' dir='ltr'>a</span> <span class='ocrx_word' id='word_1_10' title='bbox 326 482 469 569; x_wconf 84' lang='lat' dir='ltr'>cherlio</span> <span class='ocrx_word' id='word_1_11' title='bbox 484 482 638 547; x_wconf 80' lang='lat' dir='ltr'>institutas</span> <span class='ocrx_word' id='word_1_12' title='bbox 653 483 918 565; x_wconf 78' lang='lat' dir='ltr'>suppeditsoercut</span> <span class='ocrx_word' id='word_1_13' title='bbox 941 482 1031 545; x_wconf 88' lang='lat' dir='ltr'>editio</span> <span class='ocrx_word' id='word_1_14' title='bbox 1045 479 1264 568; x_wconf 78' lang='lat' dir='ltr'>Oudendorpii,</span> 
     </span>
     <span class='ocr_line' id='line_1_3' title="bbox 144 579 1269 668; baseline -0.006 -12"><span class='ocrx_word' id='word_1_15' title='bbox 144 591 293 657; x_wconf 74' lang='lat' dir='ltr'>editiones</span> <span class='ocrx_word' id='word_1_16' title='bbox 318 598 387 651; x_wconf 85' lang='lat' dir='ltr'>octo</span> <span class='ocrx_word' id='word_1_17' title='bbox 416 584 698 648; x_wconf 84' lang='lat' dir='ltr'>commentariorum</span> <span class='ocrx_word' id='word_1_18' title='bbox 721 583 758 646; x_wconf 92' lang='lat' dir='ltr'>de</span> <span class='ocrx_word' id='word_1_19' title='bbox 787 583 863 646; x_wconf 83' lang='lat' dir='ltr'>lello</span> <span class='ocrx_word' id='word_1_20' title='bbox 890 579 1009 645; x_wconf 84' lang='lat' dir='ltr'>Gallico</span> <span class='ocrx_word' id='word_1_21' title='bbox 1036 582 1212 668; x_wconf 79' lang='lat' dir='ltr'>Elberliugii</span> <span class='ocrx_word' id='word_1_22' title='bbox 1236 597 1269 649; x_wconf 90' lang='lat' dir='ltr'>et</span> 
     </span>
     <span class='ocr_line' id='line_1_4' title="bbox 143 679 1268 772; baseline -0.005 -14"><span class='ocrx_word' id='word_1_23' title='bbox 143 690 283 768; x_wconf 85' lang='lat' dir='ltr'>Whittii,</span> <span class='ocrx_word' id='word_1_24' title='bbox 300 698 443 772; x_wconf 74' lang='lat' dir='ltr'>quattuor</span> <span class='ocrx_word' id='word_1_25' title='bbox 457 687 590 771; x_wconf 87' lang='lat' dir='ltr'>priorum</span> <span class='ocrx_word' id='word_1_26' title='bbox 605 685 736 750; x_wconf 89' lang='lat' dir='ltr'>debello</span> <span class='ocrx_word' id='word_1_27' title='bbox 751 682 869 747; x_wconf 86' lang='lat' dir='ltr'>Gallico</span> <span class='ocrx_word' id='word_1_28' title='bbox 885 679 1073 759; x_wconf 81' lang='lat' dir='ltr'>Schneideri,</span> <span class='ocrx_word' id='word_1_29' title='bbox 1089 685 1268 771; x_wconf 83' lang='lat' dir='ltr'>Elberlingii</span> 
     </span>
     <span class='ocr_line' id='line_1_5' title="bbox 144 786 1268 866; baseline -0.004 -7"><span class='ocrx_word' id='word_1_30' title='bbox 144 792 373 859; x_wconf 85' lang='lat' dir='ltr'>obseruationes</span> <span class='ocrx_word' id='word_1_31' title='bbox 389 790 513 854; x_wconf 73' lang='lat' dir='ltr'>coitione</span> <span class='ocrx_word' id='word_1_32' title='bbox 526 789 564 852; x_wconf 91' lang='lat' dir='ltr'>ad</span> <span class='ocrx_word' id='word_1_33' title='bbox 580 787 811 851; x_wconf 73' lang='lat' dir='ltr'>commentarios</span> <span class='ocrx_word' id='word_1_34' title='bbox 825 786 955 851; x_wconf 91' lang='lat' dir='ltr'>debello</span> <span class='ocrx_word' id='word_1_35' title='bbox 970 788 1071 866; x_wconf 89' lang='lat' dir='ltr'>ciuili,</span> <span class='ocrx_word' id='word_1_36' title='bbox 1088 786 1268 854; x_wconf 84' lang='lat' dir='ltr'>Schneideri</span> 
     </span>
     <span class='ocr_line' id='line_1_6' title="bbox 144 888 1267 982; baseline -0.004 -22"><span class='ocrx_word' id='word_1_37' title='bbox 144 905 305 982; x_wconf 85' lang='lat' dir='ltr'>apparatus</span> <span class='ocrx_word' id='word_1_38' title='bbox 320 892 418 956; x_wconf 89' lang='lat' dir='ltr'>critici</span> <span class='ocrx_word' id='word_1_39' title='bbox 439 893 476 956; x_wconf 90' lang='lat' dir='ltr'>ad</span> <span class='ocrx_word' id='word_1_40' title='bbox 492 888 637 956; x_wconf 84' lang='lat' dir='ltr'>Caesaris</span> <span class='ocrx_word' id='word_1_41' title='bbox 658 888 889 952; x_wconf 67' lang='lat' dir='ltr'>commentarios</span> <span class='ocrx_word' id='word_1_42' title='bbox 909 891 1089 972; x_wconf 84' lang='lat' dir='ltr'>pertinentis</span> <span class='ocrx_word' id='word_1_43' title='bbox 1104 891 1267 975; x_wconf 89' lang='lat' dir='ltr'>specimen,</span> 
     </span>
     <span class='ocr_line' id='line_1_7' title="bbox 144 987 1267 1082; baseline -0.004 -21"><span class='ocrx_word' id='word_1_44' title='bbox 144 998 296 1082; x_wconf 88' lang='lat' dir='ltr'>specimen</span> <span class='ocrx_word' id='word_1_45' title='bbox 318 1016 416 1060; x_wconf 88' lang='lat' dir='ltr'>nouae</span> <span class='ocrx_word' id='word_1_46' title='bbox 436 993 575 1057; x_wconf 81' lang='lat' dir='ltr'>editionis</span> <span class='ocrx_word' id='word_1_47' title='bbox 602 991 883 1055; x_wconf 81' lang='lat' dir='ltr'>commentariorum</span> <span class='ocrx_word' id='word_1_48' title='bbox 907 987 1068 1071; x_wconf 83' lang='lat' dir='ltr'>Caesaris,</span> <span class='ocrx_word' id='word_1_49' title='bbox 1097 1013 1177 1057; x_wconf 88' lang='lat' dir='ltr'>nona</span> <span class='ocrx_word' id='word_1_50' title='bbox 1197 994 1267 1058; x_wconf 81' lang='lat' dir='ltr'>octti</span> 
     </span>
     <span class='ocr_line' id='line_1_8' title="bbox 143 1092 1267 1183; baseline -0.003 -20"><span class='ocrx_word' id='word_1_51' title='bbox 143 1096 356 1183; x_wconf 79' lang='lat' dir='ltr'>Hispaniensis</span> <span class='ocrx_word' id='word_1_52' title='bbox 369 1095 521 1172; x_wconf 74' lang='lat' dir='ltr'>recensio,</span> <span class='ocrx_word' id='word_1_53' title='bbox 539 1092 589 1177; x_wconf 86' lang='lat' dir='ltr'>qui</span> <span class='ocrx_word' id='word_1_54' title='bbox 604 1103 667 1157; x_wconf 89' lang='lat' dir='ltr'>tres</span> <span class='ocrx_word' id='word_1_55' title='bbox 682 1093 774 1157; x_wconf 77' lang='lat' dir='ltr'>libelli</span> <span class='ocrx_word' id='word_1_56' title='bbox 789 1095 952 1158; x_wconf 87' lang='lat' dir='ltr'>academici</span> <span class='ocrx_word' id='word_1_57' title='bbox 958 1092 1165 1160; x_wconf 83' lang='lat' dir='ltr'>Vrstislauiae</span> <span class='ocrx_word' id='word_1_58' title='bbox 1178 1096 1267 1160; x_wconf 88' lang='lat' dir='ltr'>anuis</span> 
     </span>
     <span class='ocr_line' id='line_1_9' title="bbox 147 1194 1269 1278; baseline -0.001 -15"><span class='ocrx_word' id='word_1_59' title='bbox 147 1198 242 1278; x_wconf 77' lang='lat'>1839,</span> <span class='ocrx_word' id='word_1_60' title='bbox 264 1198 357 1277; x_wconf 77' lang='lat'>1827,</span> <span class='ocrx_word' id='word_1_61' title='bbox 376 1195 460 1263; x_wconf 82' lang='lat'><strong>1837</strong></span> <span class='ocrx_word' id='word_1_62' title='bbox 474 1195 546 1261; x_wconf 88' lang='lat' dir='ltr'>editi</span> <span class='ocrx_word' id='word_1_63' title='bbox 561 1205 644 1260; x_wconf 86' lang='lat' dir='ltr'>suut.</span> <span class='ocrx_word' id='word_1_64' title='bbox 674 1194 843 1259; x_wconf 82' lang='lat' dir='ltr'>Achaintrii</span> <span class='ocrx_word' id='word_1_65' title='bbox 860 1196 1020 1260; x_wconf 87' lang='lat' dir='ltr'>editionem</span> <span class='ocrx_word' id='word_1_66' title='bbox 1035 1218 1095 1260; x_wconf 92' lang='lat' dir='ltr'>nou</span> <span class='ocrx_word' id='word_1_67' title='bbox 1111 1197 1200 1262; x_wconf 84' lang='lat' dir='ltr'>habui</span> <span class='ocrx_word' id='word_1_68' title='bbox 1215 1218 1269 1262; x_wconf 85' lang='lat' dir='ltr'>ne-</span> 
     </span>
     <span class='ocr_line' id='line_1_10' title="bbox 146 1296 1269 1386; baseline -0.001 -21"><span class='ocrx_word' id='word_1_69' title='bbox 146 1321 223 1386; x_wconf 83' lang='lat' dir='ltr'>que,</span> <span class='ocrx_word' id='word_1_70' title='bbox 247 1317 315 1367; x_wconf 88' lang='lat' dir='ltr'>cum</span> <span class='ocrx_word' id='word_1_71' title='bbox 336 1297 554 1365; x_wconf 82' lang='lat' dir='ltr'>milriParisini</span> <span class='ocrx_word' id='word_1_72' title='bbox 577 1297 696 1362; x_wconf 91' lang='lat' dir='ltr'>codices</span> <span class='ocrx_word' id='word_1_73' title='bbox 712 1297 812 1361; x_wconf 85' lang='lat' dir='ltr'>colluti</span> <span class='ocrx_word' id='word_1_74' title='bbox 827 1308 947 1375; x_wconf 87' lang='lat' dir='ltr'>esseut,</span> <span class='ocrx_word' id='word_1_75' title='bbox 964 1298 1143 1362; x_wconf 85' lang='lat' dir='ltr'>desideraui.</span> <span class='ocrx_word' id='word_1_76' title='bbox 1190 1296 1269 1364; x_wconf 80' lang='lat' dir='ltr'>Cum</span> 
     </span>
     <span class='ocr_line' id='line_1_11' title="bbox 146 1394 1269 1484; baseline -0.004 -16"><span class='ocrx_word' id='word_1_77' title='bbox 146 1413 245 1468; x_wconf 87' lang='lat' dir='ltr'>autem</span> <span class='ocrx_word' id='word_1_78' title='bbox 261 1424 302 1468; x_wconf 83' lang='lat' dir='ltr'>ex</span> <span class='ocrx_word' id='word_1_79' title='bbox 318 1402 367 1478; x_wconf 87' lang='lat' dir='ltr'>iis,</span> <span class='ocrx_word' id='word_1_80' title='bbox 385 1421 463 1484; x_wconf 87' lang='lat' dir='ltr'>quae</span> <span class='ocrx_word' id='word_1_81' title='bbox 478 1399 648 1476; x_wconf 80' lang='lat' dir='ltr'>Daeluius,</span> <span class='ocrx_word' id='word_1_82' title='bbox 665 1394 879 1482; x_wconf 52' lang='lat' dir='ltr'>moysetum,</span> <span class='ocrx_word' id='word_1_83' title='bbox 897 1395 1100 1463; x_wconf 84' lang='lat' dir='ltr'>Schneiderus</span> <span class='ocrx_word' id='word_1_84' title='bbox 1114 1401 1184 1463; x_wconf 89' lang='lat' dir='ltr'>inde</span> <span class='ocrx_word' id='word_1_85' title='bbox 1200 1422 1269 1483; x_wconf 91' lang='lat' dir='ltr'>pro·</span> 
     </span>
     <span class='ocr_line' id='line_1_12' title="bbox 146 1497 1269 1585; baseline -0.003 -16"><span class='ocrx_word' id='word_1_86' title='bbox 146 1506 296 1581; x_wconf 87' lang='lat' dir='ltr'>tulerunt,</span> <span class='ocrx_word' id='word_1_87' title='bbox 322 1503 526 1585; x_wconf 73' lang='lat' dir='ltr'>intellegerem</span> <span class='ocrx_word' id='word_1_88' title='bbox 542 1521 603 1563; x_wconf 91' lang='lat' dir='ltr'>non</span> <span class='ocrx_word' id='word_1_89' title='bbox 618 1497 713 1562; x_wconf 89' lang='lat' dir='ltr'>solum</span> <span class='ocrx_word' id='word_1_90' title='bbox 728 1499 821 1562; x_wconf 88' lang='lat' dir='ltr'>molta</span> <span class='ocrx_word' id='word_1_91' title='bbox 836 1499 912 1562; x_wconf 80' lang='lat' dir='ltr'>falso</span> <span class='ocrx_word' id='word_1_92' title='bbox 927 1501 965 1563; x_wconf 82' lang='lat' dir='ltr'>ab</span> <span class='ocrx_word' id='word_1_93' title='bbox 979 1500 1159 1565; x_wconf 80' lang='lat' dir='ltr'>Achaintric</span> <span class='ocrx_word' id='word_1_94' title='bbox 1173 1503 1269 1566; x_wconf 86' lang='lat' dir='ltr'>relata</span> 
     </span>
     <span class='ocr_line' id='line_1_13' title="bbox 147 1600 1270 1686; baseline -0.004 -15"><span class='ocrx_word' id='word_1_95' title='bbox 147 1626 233 1683; x_wconf 89' lang='lat' dir='ltr'>esse,</span> <span class='ocrx_word' id='word_1_96' title='bbox 257 1606 311 1669; x_wconf 89' lang='lat' dir='ltr'>sed</span> <span class='ocrx_word' id='word_1_97' title='bbox 333 1603 424 1667; x_wconf 85' lang='lat' dir='ltr'>etiam</span> <span class='ocrx_word' id='word_1_98' title='bbox 448 1612 606 1683; x_wconf 88' lang='lat' dir='ltr'>utrumque</span> <span class='ocrx_word' id='word_1_99' title='bbox 629 1600 762 1664; x_wconf 86' lang='lat' dir='ltr'>codicem</span> <span class='ocrx_word' id='word_1_100' title='bbox 778 1612 975 1686; x_wconf 82' lang='lat' dir='ltr'>permutatum</span> <span class='ocrx_word' id='word_1_101' title='bbox 991 1612 1022 1667; x_wconf 89' lang='lat' dir='ltr'>et</span> <span class='ocrx_word' id='word_1_102' title='bbox 1036 1602 1122 1686; x_wconf 88' lang='lat' dir='ltr'>primi</span> <span class='ocrx_word' id='word_1_103' title='bbox 1136 1600 1270 1667; x_wconf 88' lang='lat' dir='ltr'>Parisini</span> 
     </span>
     <span class='ocr_line' id='line_1_14' title="bbox 147 1702 1267 1791; baseline -0.003 -19"><span class='ocrx_word' id='word_1_104' title='bbox 147 1707 313 1791; x_wconf 89' lang='lat' dir='ltr'>scripturas</span> <span class='ocrx_word' id='word_1_105' title='bbox 327 1704 366 1769; x_wconf 86' lang='lat' dir='ltr'>iis</span> <span class='ocrx_word' id='word_1_106' title='bbox 381 1704 456 1768; x_wconf 91' lang='lat' dir='ltr'>locis</span> <span class='ocrx_word' id='word_1_107' title='bbox 471 1713 738 1780; x_wconf 86' lang='lat' dir='ltr'>commemoratas,</span> <span class='ocrx_word' id='word_1_108' title='bbox 759 1702 809 1786; x_wconf 86' lang='lat' dir='ltr'>qui</span> <span class='ocrx_word' id='word_1_109' title='bbox 832 1705 863 1767; x_wconf 93' lang='lat' dir='ltr'>in</span> <span class='ocrx_word' id='word_1_110' title='bbox 878 1725 915 1768; x_wconf 92' lang='lat' dir='ltr'>eo</span> <span class='ocrx_word' id='word_1_111' title='bbox 931 1725 969 1768; x_wconf 92' lang='lat' dir='ltr'>ne</span> <span class='ocrx_word' id='word_1_112' title='bbox 983 1705 1124 1790; x_wconf 86' lang='lat' dir='ltr'>leguntur</span> <span class='ocrx_word' id='word_1_113' title='bbox 1137 1707 1267 1789; x_wconf 88' lang='lat' dir='ltr'>quidem,</span> 
     </span>
     <span class='ocr_line' id='line_1_15' title="bbox 146 1803 1272 1891; baseline -0.002 -17"><span class='ocrx_word' id='word_1_114' title='bbox 146 1809 315 1875; x_wconf 76' lang='lat' dir='ltr'>referendis</span> <span class='ocrx_word' id='word_1_115' title='bbox 330 1806 468 1871; x_wconf 85' lang='lat' dir='ltr'>omnibus</span> <span class='ocrx_word' id='word_1_116' title='bbox 483 1805 529 1871; x_wconf 79' lang='lat' dir='ltr'>luis</span> <span class='ocrx_word' id='word_1_117' title='bbox 544 1803 683 1870; x_wconf 78' lang='lat' dir='ltr'>sordibus</span> <span class='ocrx_word' id='word_1_118' title='bbox 697 1804 805 1868; x_wconf 85' lang='lat' dir='ltr'>librum</span> <span class='ocrx_word' id='word_1_119' title='bbox 820 1826 916 1871; x_wconf 88' lang='lat' dir='ltr'>meum</span> <span class='ocrx_word' id='word_1_120' title='bbox 931 1807 1091 1891; x_wconf 80' lang='lat' dir='ltr'>inquinare</span> <span class='ocrx_word' id='word_1_121' title='bbox 1105 1809 1199 1887; x_wconf 83' lang='lat' dir='ltr'>nolui,</span> <span class='ocrx_word' id='word_1_122' title='bbox 1216 1809 1272 1872; x_wconf 89' lang='lat' dir='ltr'>sed</span> 
     </span>
     <span class='ocr_line' id='line_1_16' title="bbox 147 1907 1270 1994; baseline -0.002 -18"><span class='ocrx_word' id='word_1_123' title='bbox 147 1910 280 1976; x_wconf 90' lang='lat' dir='ltr'>Parisini</span> <span class='ocrx_word' id='word_1_124' title='bbox 296 1909 419 1973; x_wconf 84' lang='lat' dir='ltr'>secundi</span> <span class='ocrx_word' id='word_1_125' title='bbox 436 1908 600 1992; x_wconf 87' lang='lat' dir='ltr'>scripturas</span> <span class='ocrx_word' id='word_1_126' title='bbox 616 1907 654 1970; x_wconf 78' lang='lat' dir='ltr'>eli</span> <span class='ocrx_word' id='word_1_127' title='bbox 669 1928 705 1972; x_wconf 90' lang='lat' dir='ltr'>eo</span> <span class='ocrx_word' id='word_1_128' title='bbox 721 1919 860 1973; x_wconf 72' lang='lat' dir='ltr'>enoutas</span> <span class='ocrx_word' id='word_1_129' title='bbox 876 1909 917 1973; x_wconf 79' lang='lat' dir='ltr'>ioi</span> <span class='ocrx_word' id='word_1_130' title='bbox 933 1920 1047 1974; x_wconf 84' lang='lat' dir='ltr'>tantum</span> <span class='ocrx_word' id='word_1_131' title='bbox 1063 1910 1162 1994; x_wconf 84' lang='lat' dir='ltr'>posui,</span> <span class='ocrx_word' id='word_1_132' title='bbox 1178 1910 1270 1975; x_wconf 86' lang='lat' dir='ltr'>obiia</span> 
     </span>
     <span class='ocr_line' id='line_1_17' title="bbox 149 2006 1273 2099; baseline -0.002 -21"><span class='ocrx_word' id='word_1_133' title='bbox 149 2015 245 2078; x_wconf 86' lang='lat' dir='ltr'>codex</span> <span class='ocrx_word' id='word_1_134' title='bbox 261 2011 332 2075; x_wconf 81' lang='lat' dir='ltr'>milri</span> <span class='ocrx_word' id='word_1_135' title='bbox 348 2011 474 2075; x_wconf 88' lang='lat' dir='ltr'>collatus</span> <span class='ocrx_word' id='word_1_136' title='bbox 489 2031 551 2075; x_wconf 90' lang='lat' dir='ltr'>uon</span> <span class='ocrx_word' id='word_1_137' title='bbox 566 2020 643 2074; x_wconf 78' lang='lat' dir='ltr'>erat</span> <span class='ocrx_word' id='word_1_138' title='bbox 689 2006 832 2076; x_wconf 82' lang='lat' dir='ltr'>Ceterum</span> <span class='ocrx_word' id='word_1_139' title='bbox 857 2021 889 2075; x_wconf 88' lang='lat' dir='ltr'>et</span> <span class='ocrx_word' id='word_1_140' title='bbox 909 2013 940 2076; x_wconf 92' lang='lat' dir='ltr'>in</span> <span class='ocrx_word' id='word_1_141' title='bbox 954 2010 1091 2099; x_wconf 82' lang='lat' dir='ltr'>Beyerlii</span> <span class='ocrx_word' id='word_1_142' title='bbox 1106 2024 1138 2076; x_wconf 88' lang='lat' dir='ltr'>et</span> <span class='ocrx_word' id='word_1_143' title='bbox 1151 2013 1182 2076; x_wconf 90' lang='lat' dir='ltr'>in</span> <span class='ocrx_word' id='word_1_144' title='bbox 1197 2013 1273 2076; x_wconf 89' lang='lat' dir='ltr'>alio·</span> 
     </span>
     <span class='ocr_line' id='line_1_18' title="bbox 149 2112 1273 2198; baseline 0 -19"><span class='ocrx_word' id='word_1_145' title='bbox 149 2136 215 2179; x_wconf 91' lang='lat' dir='ltr'>rum</span> <span class='ocrx_word' id='word_1_146' title='bbox 230 2113 442 2178; x_wconf 87' lang='lat' dir='ltr'>collationibus</span> <span class='ocrx_word' id='word_1_147' title='bbox 457 2113 513 2176; x_wconf 79' lang='lat' dir='ltr'>linc</span> <span class='ocrx_word' id='word_1_148' title='bbox 529 2112 632 2191; x_wconf 89' lang='lat' dir='ltr'>tenui,</span> <span class='ocrx_word' id='word_1_149' title='bbox 655 2123 707 2191; x_wconf 90' lang='lat' dir='ltr'>ut,</span> <span class='ocrx_word' id='word_1_150' title='bbox 730 2113 779 2177; x_wconf 87' lang='lat' dir='ltr'>ubi</span> <span class='ocrx_word' id='word_1_151' title='bbox 796 2114 865 2196; x_wconf 86' lang='lat' dir='ltr'>quid</span> <span class='ocrx_word' id='word_1_152' title='bbox 880 2115 912 2178; x_wconf 93' lang='lat' dir='ltr'>in</span> <span class='ocrx_word' id='word_1_153' title='bbox 927 2116 1031 2179; x_wconf 90' lang='lat' dir='ltr'>codice</span> <span class='ocrx_word' id='word_1_154' title='bbox 1044 2116 1187 2198; x_wconf 82' lang='lat' dir='ltr'>seriptum</span> <span class='ocrx_word' id='word_1_155' title='bbox 1203 2135 1273 2180; x_wconf 85' lang='lat' dir='ltr'>esse</span> 
     </span>
     <span class='ocr_line' id='line_1_19' title="bbox 148 2214 1271 2298; baseline -0.003 -16"><span class='ocrx_word' id='word_1_156' title='bbox 148 2216 270 2282; x_wconf 90' lang='lat' dir='ltr'>silentio</span> <span class='ocrx_word' id='word_1_157' title='bbox 284 2215 468 2281; x_wconf 79' lang='lat' dir='ltr'>conferentis</span> <span class='ocrx_word' id='word_1_158' title='bbox 483 2214 720 2298; x_wconf 84' lang='lat' dir='ltr'>significabatur,</span> <span class='ocrx_word' id='word_1_159' title='bbox 737 2216 848 2278; x_wconf 88' lang='lat' dir='ltr'>codicis</span> <span class='ocrx_word' id='word_1_160' title='bbox 861 2227 961 2278; x_wconf 84' lang='lat' dir='ltr'>notam</span> <span class='ocrx_word' id='word_1_161' title='bbox 973 2217 1059 2278; x_wconf 89' lang='lat' dir='ltr'>uncis</span> <span class='ocrx_word' id='word_1_162' title='bbox 1075 2216 1271 2295; x_wconf 80' lang='lat' dir='ltr'>includerem,</span> 
     </span>
     <span class='ocr_line' id='line_1_20' title="bbox 149 2316 1272 2402; baseline -0.004 -17"><span class='ocrx_word' id='word_1_163' title='bbox 149 2322 176 2385; x_wconf 91' lang='lat' dir='ltr'>si</span> <span class='ocrx_word' id='word_1_164' title='bbox 204 2319 273 2402; x_wconf 82' lang='lat' dir='ltr'>quid</span> <span class='ocrx_word' id='word_1_165' title='bbox 302 2319 400 2382; x_wconf 90' lang='lat' dir='ltr'>minus</span> <span class='ocrx_word' id='word_1_166' title='bbox 421 2328 505 2380; x_wconf 87' lang='lat' dir='ltr'>recte</span> <span class='ocrx_word' id='word_1_167' title='bbox 532 2317 659 2380; x_wconf 88' lang='lat' dir='ltr'>relatum</span> <span class='ocrx_word' id='word_1_168' title='bbox 681 2316 853 2391; x_wconf 84' lang='lat' dir='ltr'>uidebatur,</span> <span class='ocrx_word' id='word_1_169' title='bbox 880 2316 1128 2398; x_wconf 77' lang='lat' dir='ltr'>interrogationis</span> <span class='ocrx_word' id='word_1_170' title='bbox 1152 2318 1272 2401; x_wconf 79' lang='lat' dir='ltr'>signnm</span> 
     </span>
     <span class='ocr_line' id='line_1_21' title="bbox 150 2415 1272 2504; baseline -0.001 -17"><span class='ocrx_word' id='word_1_171' title='bbox 150 2421 352 2487; x_wconf 76' lang='lat' dir='ltr'>ascriberem:</span> <span class='ocrx_word' id='word_1_172' title='bbox 376 2419 553 2483; x_wconf 83' lang='lat' dir='ltr'>collationes</span> <span class='ocrx_word' id='word_1_173' title='bbox 574 2415 775 2504; x_wconf 85' lang='lat' dir='ltr'>Bongarsiani</span> <span class='ocrx_word' id='word_1_174' title='bbox 797 2417 885 2502; x_wconf 82' lang='lat' dir='ltr'>primi</span> <span class='ocrx_word' id='word_1_175' title='bbox 907 2427 939 2480; x_wconf 93' lang='lat' dir='ltr'>et</span> <span class='ocrx_word' id='word_1_176' title='bbox 961 2416 1103 2483; x_wconf 82' lang='lat' dir='ltr'>Vossiaui</span> <span class='ocrx_word' id='word_1_177' title='bbox 1125 2421 1212 2504; x_wconf 86' lang='lat' dir='ltr'>primi</span> <span class='ocrx_word' id='word_1_178' title='bbox 1235 2422 1272 2486; x_wconf 80' lang='lat' dir='ltr'>ab</span> 
     </span>
     <span class='ocr_line' id='line_1_22' title="bbox 151 2517 1274 2606; baseline 0 -17"><span class='ocrx_word' id='word_1_179' title='bbox 151 2521 377 2604; x_wconf 82' lang='lat' dir='ltr'>Oudendorpio,</span> <span class='ocrx_word' id='word_1_180' title='bbox 395 2519 548 2596; x_wconf 85' lang='lat' dir='ltr'>Grutero,</span> <span class='ocrx_word' id='word_1_181' title='bbox 566 2517 687 2598; x_wconf 85' lang='lat' dir='ltr'>Gudic,</span> <span class='ocrx_word' id='word_1_182' title='bbox 704 2517 884 2606; x_wconf 83' lang='lat' dir='ltr'>Plucschkio</span> <span class='ocrx_word' id='word_1_183' title='bbox 899 2519 1071 2598; x_wconf 88' lang='lat' dir='ltr'>institutas,</span> <span class='ocrx_word' id='word_1_184' title='bbox 1096 2521 1274 2606; x_wconf 81' lang='lat' dir='ltr'>ubicumque</span> 
     </span>
     <span class='ocr_line' id='line_1_23' title="bbox 151 2621 1275 2706; baseline 0.003 -18"><span class='ocrx_word' id='word_1_185' title='bbox 151 2622 369 2706; x_wconf 78' lang='lat' dir='ltr'>discrepabant,</span> <span class='ocrx_word' id='word_1_186' title='bbox 386 2621 546 2705; x_wconf 85' lang='lat' dir='ltr'>diligenter</span> <span class='ocrx_word' id='word_1_187' title='bbox 560 2623 688 2686; x_wconf 86' lang='lat' dir='ltr'>secreui.</span> <span class='ocrx_word' id='word_1_188' title='bbox 719 2621 897 2687; x_wconf 69' lang='lat' dir='ltr'>[deteriores</span> <span class='ocrx_word' id='word_1_189' title='bbox 912 2621 1051 2699; x_wconf 86' lang='lat' dir='ltr'>codices,</span> <span class='ocrx_word' id='word_1_190' title='bbox 1076 2633 1110 2686; x_wconf 91' lang='lat' dir='ltr'>ut</span> <span class='ocrx_word' id='word_1_191' title='bbox 1123 2645 1221 2688; x_wconf 74' lang='lat' dir='ltr'>neum</span> <span class='ocrx_word' id='word_1_192' title='bbox 1237 2627 1275 2691; x_wconf 89' lang='lat' dir='ltr'>de</span> 
     </span>
     <span class='ocr_line' id='line_1_24' title="bbox 150 2723 1275 2807; baseline 0 -15"><span class='ocrx_word' id='word_1_193' title='bbox 150 2727 188 2792; x_wconf 87' lang='lat' dir='ltr'>iis</span> <span class='ocrx_word' id='word_1_194' title='bbox 203 2724 344 2790; x_wconf 88' lang='lat' dir='ltr'>iudicium</span> <span class='ocrx_word' id='word_1_195' title='bbox 365 2723 497 2802; x_wconf 78' lang='lat' dir='ltr'>lambat,</span> <span class='ocrx_word' id='word_1_196' title='bbox 520 2724 688 2807; x_wconf 85' lang='lat' dir='ltr'>generatim</span> <span class='ocrx_word' id='word_1_197' title='bbox 710 2734 741 2787; x_wconf 88' lang='lat' dir='ltr'>et</span> <span class='ocrx_word' id='word_1_198' title='bbox 762 2723 803 2787; x_wconf 85' lang='lat' dir='ltr'>ibi</span> <span class='ocrx_word' id='word_1_199' title='bbox 818 2733 933 2788; x_wconf 90' lang='lat' dir='ltr'>tautum</span> <span class='ocrx_word' id='word_1_200' title='bbox 948 2728 1199 2804; x_wconf 68' lang='lat' dir='ltr'>commemoraui,</span> <span class='ocrx_word' id='word_1_201' title='bbox 1223 2728 1275 2792; x_wconf 78' lang='lat' dir='ltr'>cti</span> 
     </span>
     <span class='ocr_line' id='line_1_25' title="bbox 152 2826 1274 2910; baseline -0.001 -16"><span class='ocrx_word' id='word_1_202' title='bbox 152 2829 202 2894; x_wconf 90' lang='lat' dir='ltr'>uel</span> <span class='ocrx_word' id='word_1_203' title='bbox 216 2828 273 2892; x_wconf 89' lang='lat' dir='ltr'>soli</span> <span class='ocrx_word' id='word_1_204' title='bbox 289 2826 462 2892; x_wconf 81' lang='lat' dir='ltr'>necessario</span> <span class='ocrx_word' id='word_1_205' title='bbox 477 2827 620 2910; x_wconf 86' lang='lat' dir='ltr'>sequendi</span> <span class='ocrx_word' id='word_1_206' title='bbox 636 2836 723 2890; x_wconf 88' lang='lat' dir='ltr'>crant</span> <span class='ocrx_word' id='word_1_207' title='bbox 734 2827 783 2890; x_wconf 92' lang='lat' dir='ltr'>uel</span> <span class='ocrx_word' id='word_1_208' title='bbox 795 2827 994 2891; x_wconf 88' lang='lat' dir='ltr'>testimonium</span> <span class='ocrx_word' id='word_1_209' title='bbox 1007 2828 1095 2892; x_wconf 84' lang='lat' dir='ltr'>usius</span> <span class='ocrx_word' id='word_1_210' title='bbox 1108 2839 1138 2892; x_wconf 89' lang='lat' dir='ltr'>et</span> <span class='ocrx_word' id='word_1_211' title='bbox 1148 2830 1274 2893; x_wconf 82' lang='lat' dir='ltr'>ultcsius</span> 
     </span>
     <span class='ocr_line' id='line_1_26' title="bbox 150 2924 1275 3015; baseline 0 -20"><span class='ocrx_word' id='word_1_212' title='bbox 150 2931 334 3013; x_wconf 87' lang='lat' dir='ltr'>reliquorum</span> <span class='ocrx_word' id='word_1_213' title='bbox 349 2928 484 2994; x_wconf 81' lang='lat' dir='ltr'>codicrmo</span> <span class='ocrx_word' id='word_1_214' title='bbox 499 2928 727 2993; x_wconf 76' lang='lat' dir='ltr'>confirmabant.</span> <span class='ocrx_word' id='word_1_215' title='bbox 744 2924 945 2993; x_wconf 75' lang='lat' dir='ltr'>Coniecturae</span> <span class='ocrx_word' id='word_1_216' title='bbox 959 2930 1160 2994; x_wconf 87' lang='lat' dir='ltr'>recentiorum</span> <span class='ocrx_word' id='word_1_217' title='bbox 1175 2952 1275 3015; x_wconf 89' lang='lat' dir='ltr'>gram-</span> 
     </span>
     <span class='ocr_line' id='line_1_27' title="bbox 152 3030 1271 3123; baseline 0.001 -27"><span class='ocrx_word' id='word_1_218' title='bbox 152 3034 327 3097; x_wconf 84' lang='lat' dir='ltr'>maticorum</span> <span class='ocrx_word' id='word_1_219' title='bbox 343 3042 462 3115; x_wconf 77' lang='lat' dir='ltr'>praeter</span> <span class='ocrx_word' id='word_1_220' title='bbox 475 3051 548 3108; x_wconf 85' lang='lat' dir='ltr'>eas,</span> <span class='ocrx_word' id='word_1_221' title='bbox 565 3051 639 3114; x_wconf 87' lang='lat' dir='ltr'>quas</span> <span class='ocrx_word' id='word_1_222' title='bbox 654 3030 774 3114; x_wconf 86' lang='lat' dir='ltr'>recepi,</span> <span class='ocrx_word' id='word_1_223' title='bbox 792 3050 901 3115; x_wconf 88' lang='lat' dir='ltr'>paucas</span> <span class='ocrx_word' id='word_1_224' title='bbox 915 3035 1165 3123; x_wconf 79' lang='lat' dir='ltr'>commemoraui,</span> <span class='ocrx_word' id='word_1_225' title='bbox 1180 3055 1271 3115; x_wconf 87' lang='lat' dir='ltr'>quae,</span> 
     </span>
     <span class='ocr_line' id='line_1_28' title="bbox 152 3132 1273 3217; baseline 0.001 -19"><span class='ocrx_word' id='word_1_226' title='bbox 152 3136 211 3198; x_wconf 88' lang='lat' dir='ltr'>etsi</span> <span class='ocrx_word' id='word_1_227' title='bbox 226 3156 287 3199; x_wconf 93' lang='lat' dir='ltr'>nou</span> <span class='ocrx_word' id='word_1_228' title='bbox 302 3145 414 3211; x_wconf 86' lang='lat' dir='ltr'>certce,</span> <span class='ocrx_word' id='word_1_229' title='bbox 432 3133 507 3197; x_wconf 86' lang='lat' dir='ltr'>ostis</span> <span class='ocrx_word' id='word_1_230' title='bbox 523 3144 621 3198; x_wconf 72' lang='lat' dir='ltr'>umen</span> <span class='ocrx_word' id='word_1_231' title='bbox 636 3132 805 3216; x_wconf 78' lang='lat' dir='ltr'>probabiles</span> <span class='ocrx_word' id='word_1_232' title='bbox 821 3135 1005 3198; x_wconf 73' lang='lat' dir='ltr'>nidemntur.</span> <span class='ocrx_word' id='word_1_233' title='bbox 1032 3133 1134 3216; x_wconf 78' lang='lat' dir='ltr'>Atque</span> <span class='ocrx_word' id='word_1_234' title='bbox 1148 3155 1273 3217; x_wconf 85' lang='lat' dir='ltr'>quornm</span> 
     </span>
     <span class='ocr_line' id='line_1_29' title="bbox 152 3234 1275 3319; baseline 0.003 -21"><span class='ocrx_word' id='word_1_235' title='bbox 152 3237 285 3300; x_wconf 90' lang='lat' dir='ltr'>locorum</span> <span class='ocrx_word' id='word_1_236' title='bbox 301 3236 450 3317; x_wconf 89' lang='lat' dir='ltr'>scriptura</span> <span class='ocrx_word' id='word_1_237' title='bbox 473 3246 525 3298; x_wconf 89' lang='lat' dir='ltr'>sut</span> <span class='ocrx_word' id='word_1_238' title='bbox 546 3236 582 3298; x_wconf 85' lang='lat' dir='ltr'>alr</span> <span class='ocrx_word' id='word_1_239' title='bbox 606 3234 810 3318; x_wconf 84' lang='lat' dir='ltr'>superioribus</span> <span class='ocrx_word' id='word_1_240' title='bbox 832 3237 947 3300; x_wconf 87' lang='lat' dir='ltr'>idoneis</span> <span class='ocrx_word' id='word_1_241' title='bbox 962 3239 1147 3319; x_wconf 73' lang='lat' dir='ltr'>argumentis</span> <span class='ocrx_word' id='word_1_242' title='bbox 1161 3239 1275 3302; x_wconf 88' lang='lat' dir='ltr'>consti·</span> 
     </span>
     <span class='ocr_line' id='line_1_30' title="bbox 153 3336 1275 3421; baseline 0.001 -20"><span class='ocrx_word' id='word_1_243' title='bbox 153 3349 216 3402; x_wconf 90' lang='lat' dir='ltr'>tata</span> <span class='ocrx_word' id='word_1_244' title='bbox 233 3349 316 3415; x_wconf 85' lang='lat' dir='ltr'>crat,</span> <span class='ocrx_word' id='word_1_245' title='bbox 332 3336 448 3401; x_wconf 74' lang='lat' dir='ltr'>autulii</span> <span class='ocrx_word' id='word_1_246' title='bbox 465 3357 518 3413; x_wconf 89' lang='lat' dir='ltr'>ea,</span> <span class='ocrx_word' id='word_1_247' title='bbox 534 3358 622 3418; x_wconf 80' lang='lat' dir='ltr'>quom</span> <span class='ocrx_word' id='word_1_248' title='bbox 638 3357 694 3398; x_wconf 91' lang='lat' dir='ltr'>nos</span> <span class='ocrx_word' id='word_1_249' title='bbox 710 3336 796 3418; x_wconf 87' lang='lat' dir='ltr'>primi</span> <span class='ocrx_word' id='word_1_250' title='bbox 812 3338 1033 3419; x_wconf 85' lang='lat' dir='ltr'>posuissemus,</span> <span class='ocrx_word' id='word_1_251' title='bbox 1058 3339 1121 3421; x_wconf 88' lang='lat' dir='ltr'>ipsa</span> <span class='ocrx_word' id='word_1_252' title='bbox 1144 3360 1178 3404; x_wconf 89' lang='lat' dir='ltr'>se</span> <span class='ocrx_word' id='word_1_253' title='bbox 1200 3339 1275 3404; x_wconf 87' lang='lat' dir='ltr'>satis</span> 
     </span>
     <span class='ocr_line' id='line_1_31' title="bbox 154 3412 1276 3524; baseline 0.004 -24"><span class='ocrx_word' id='word_1_254' title='bbox 154 3440 231 3503; x_wconf 89' lang='lat' dir='ltr'>tueri</span> <span class='ocrx_word' id='word_1_255' title='bbox 248 3438 415 3514; x_wconf 88' lang='lat' dir='ltr'>uidebatur,</span> <span class='ocrx_word' id='word_1_256' title='bbox 433 3439 471 3502; x_wconf 90' lang='lat' dir='ltr'>de</span> <span class='ocrx_word' id='word_1_257' title='bbox 487 3440 524 3501; x_wconf 90' lang='lat' dir='ltr'>iis</span> <span class='ocrx_word' id='word_1_258' title='bbox 538 3458 595 3500; x_wconf 92' lang='lat' dir='ltr'>cur</span> <span class='ocrx_word' id='word_1_259' title='bbox 609 3437 702 3500; x_wconf 87' lang='lat' dir='ltr'>uerba</span> <span class='ocrx_word' id='word_1_260' title='bbox 718 3412 901 3516; x_wconf 69' lang='lat' dir='ltr'>laceremus,</span> <span class='ocrx_word' id='word_1_261' title='bbox 927 3460 1047 3504; x_wconf 89' lang='lat' dir='ltr'>causam</span> <span class='ocrx_word' id='word_1_262' title='bbox 1063 3462 1124 3504; x_wconf 92' lang='lat' dir='ltr'>non</span> <span class='ocrx_word' id='word_1_263' title='bbox 1140 3461 1208 3504; x_wconf 88' lang='lat' dir='ltr'>esse</span> <span class='ocrx_word' id='word_1_264' title='bbox 1223 3460 1276 3524; x_wconf 90' lang='lat' dir='ltr'>pu-</span> 
     </span>
     <span class='ocr_line' id='line_1_32' title="bbox 154 3537 1237 3627; baseline -0.001 -24"><span class='ocrx_word' id='word_1_265' title='bbox 154 3541 294 3615; x_wconf 84' lang='lat' dir='ltr'>tauinus,</span> <span class='ocrx_word' id='word_1_266' title='bbox 312 3539 348 3602; x_wconf 91' lang='lat' dir='ltr'>de</span> <span class='ocrx_word' id='word_1_267' title='bbox 363 3537 484 3621; x_wconf 89' lang='lat' dir='ltr'>reliquis</span> <span class='ocrx_word' id='word_1_268' title='bbox 499 3539 574 3604; x_wconf 88' lang='lat' dir='ltr'>locis</span> <span class='ocrx_word' id='word_1_269' title='bbox 588 3537 647 3600; x_wconf 87' lang='lat' dir='ltr'>iam</span> <span class='ocrx_word' id='word_1_270' title='bbox 664 3537 721 3615; x_wconf 83' lang='lat' dir='ltr'>lis,</span> <span class='ocrx_word' id='word_1_271' title='bbox 738 3559 814 3619; x_wconf 87' lang='lat' dir='ltr'>quae</span> <span class='ocrx_word' id='word_1_272' title='bbox 829 3540 995 3623; x_wconf 84' lang='lat' dir='ltr'>excipiunt,</span> <span class='ocrx_word' id='word_1_273' title='bbox 1012 3544 1237 3627; x_wconf 78' lang='lat' dir='ltr'>disputabimus.</span> 
     </span>
    </p>
   </div>
   <div class='ocr_carea' id='block_1_2' title="bbox 156 3736 1278 4341">
    <p class='ocr_par' dir='ltr' id='par_1_2' title="bbox 156 3736 1278 4341">
     <span class='ocr_line' id='line_1_33' title="bbox 240 3736 1277 3828; baseline 0.004 -22"><span class='ocrx_word' id='word_1_274' title='bbox 240 3736 288 3807; x_wconf 86' lang='lat' dir='ltr'>De</span> <span class='ocrx_word' id='word_1_275' title='bbox 309 3741 339 3804; x_wconf 82' lang='lat' dir='ltr'>o.</span> <span class='ocrx_word' id='word_1_276' title='bbox 357 3739 439 3806; x_wconf 85' lang='lat' dir='ltr'>Gall.</span> <span class='ocrx_word' id='word_1_277' title='bbox 463 3741 556 3824; x_wconf 84' lang='lat' dir='ltr'>igitur</span> <span class='ocrx_word' id='word_1_278' title='bbox 569 3737 602 3818; x_wconf 91' lang='lat'>1,</span> <span class='ocrx_word' id='word_1_279' title='bbox 626 3741 667 3817; x_wconf 75' lang='lat'>2,</span> <span class='ocrx_word' id='word_1_280' title='bbox 691 3741 713 3804; x_wconf 77' lang='lat'>4</span> <span class='ocrx_word' id='word_1_281' title='bbox 733 3752 766 3805; x_wconf 91' lang='lat' dir='ltr'>et</span> <span class='ocrx_word' id='word_1_282' title='bbox 787 3742 817 3805; x_wconf 92' lang='lat' dir='ltr'>in</span> <span class='ocrx_word' id='word_1_283' title='bbox 840 3743 967 3828; x_wconf 85' lang='lat' dir='ltr'>integris</span> <span class='ocrx_word' id='word_1_284' title='bbox 988 3757 1021 3810; x_wconf 87' lang='lat' dir='ltr'>et</span> <span class='ocrx_word' id='word_1_285' title='bbox 1041 3747 1072 3809; x_wconf 92' lang='lat' dir='ltr'>iu</span> <span class='ocrx_word' id='word_1_286' title='bbox 1087 3746 1277 3828; x_wconf 88' lang='lat' dir='ltr'>interpolatis</span> 
     </span>
     <span class='ocr_line' id='line_1_34' title="bbox 156 3843 1277 3932; baseline 0.005 -26"><span class='ocrx_word' id='word_1_287' title='bbox 156 3843 242 3909; x_wconf 89' lang='lat' dir='ltr'>codd.</span> <span class='ocrx_word' id='word_1_288' title='bbox 267 3854 299 3906; x_wconf 90' lang='lat' dir='ltr'>ct</span> <span class='ocrx_word' id='word_1_289' title='bbox 319 3843 410 3926; x_wconf 83' lang='lat' dir='ltr'>longe</span> <span class='ocrx_word' id='word_1_290' title='bbox 424 3844 559 3928; x_wconf 85' lang='lat' dir='ltr'>plurimis</span> <span class='ocrx_word' id='word_1_291' title='bbox 574 3845 756 3908; x_wconf 86' lang='lat' dir='ltr'>deteriorum</span> <span class='ocrx_word' id='word_1_292' title='bbox 771 3845 813 3910; x_wconf 88' lang='lat' dir='ltr'>ita</span> <span class='ocrx_word' id='word_1_293' title='bbox 829 3848 972 3932; x_wconf 88' lang='lat' dir='ltr'>scriptum</span> <span class='ocrx_word' id='word_1_294' title='bbox 986 3859 1052 3910; x_wconf 79' lang='lat' dir='ltr'>estc</span> <span class='ocrx_word' id='word_1_295' title='bbox 1086 3845 1162 3911; x_wconf 85' lang='lat' dir='ltr'>‘llis</span> <span class='ocrx_word' id='word_1_296' title='bbox 1186 3848 1277 3912; x_wconf 84' lang='lat' dir='ltr'>rebus</span> 
     </span>
     <span class='ocr_line' id='line_1_35' title="bbox 157 3946 1277 4033; baseline 0.004 -24"><span class='ocrx_word' id='word_1_297' title='bbox 157 3947 258 4024; x_wconf 84' lang='lat' dir='ltr'>tiebat,</span> <span class='ocrx_word' id='word_1_298' title='bbox 276 3956 311 4009; x_wconf 88' lang='lat' dir='ltr'>ut</span> <span class='ocrx_word' id='word_1_299' title='bbox 324 3956 355 4009; x_wconf 90' lang='lat' dir='ltr'>et</span> <span class='ocrx_word' id='word_1_300' title='bbox 369 3946 466 4010; x_wconf 86' lang='lat' dir='ltr'>micus</span> <span class='ocrx_word' id='word_1_301' title='bbox 482 3946 543 4009; x_wconf 88' lang='lat' dir='ltr'>late</span> <span class='ocrx_word' id='word_1_302' title='bbox 557 3957 753 4033; x_wconf 80' lang='lat' dir='ltr'>uagarentur,</span> <span class='ocrx_word' id='word_1_303' title='bbox 769 3959 802 4011; x_wconf 93' lang='lat' dir='ltr'>et</span> <span class='ocrx_word' id='word_1_304' title='bbox 815 3950 914 4014; x_wconf 90' lang='lat' dir='ltr'>minus</span> <span class='ocrx_word' id='word_1_305' title='bbox 929 3949 1158 4014; x_wconf 85' lang='lat' dir='ltr'>iacilelisitimis</span> <span class='ocrx_word' id='word_1_306' title='bbox 1167 3951 1277 4015; x_wconf 82' lang='lat' dir='ltr'>bellum</span> 
     </span>
     <span class='ocr_line' id='line_1_36' title="bbox 156 4048 1278 4138; baseline 0.004 -27"><span class='ocrx_word' id='word_1_307' title='bbox 156 4048 271 4112; x_wconf 82' lang='lat' dir='ltr'>inferre</span> <span class='ocrx_word' id='word_1_308' title='bbox 285 4059 427 4132; x_wconf 85' lang='lat' dir='ltr'>possent:</span> <span class='ocrx_word' id='word_1_309' title='bbox 452 4070 509 4133; x_wconf 84' lang='lat' dir='ltr'>qua</span> <span class='ocrx_word' id='word_1_310' title='bbox 532 4069 573 4113; x_wconf 78' lang='lat' dir='ltr'>ex</span> <span class='ocrx_word' id='word_1_311' title='bbox 596 4059 680 4132; x_wconf 90' lang='lat' dir='ltr'>parte</span> <span class='ocrx_word' id='word_1_312' title='bbox 695 4049 831 4115; x_wconf 86' lang='lat' dir='ltr'>homines</span> <span class='ocrx_word' id='word_1_313' title='bbox 845 4051 973 4116; x_wconf 74' lang='lat' dir='ltr'>celanti</span> <span class='ocrx_word' id='word_1_314' title='bbox 988 4051 1085 4136; x_wconf 88' lang='lat' dir='ltr'>cupidi</span> <span class='ocrx_word' id='word_1_315' title='bbox 1101 4073 1210 4138; x_wconf 70' lang='lat' dir='ltr'>magno</span> <span class='ocrx_word' id='word_1_316' title='bbox 1225 4055 1278 4116; x_wconf 90' lang='lat' dir='ltr'>do·</span> 
     </span>
     <span class='ocr_line' id='line_1_37' title="bbox 157 4149 1278 4239; baseline 0.007 -26"><span class='ocrx_word' id='word_1_317' title='bbox 157 4149 221 4215; x_wconf 90' lang='lat' dir='ltr'>lore</span> <span class='ocrx_word' id='word_1_318' title='bbox 237 4149 466 4216; x_wconf 78' lang='lat' dir='ltr'>cfficicocotm’.</span> <span class='ocrx_word' id='word_1_319' title='bbox 493 4149 583 4233; x_wconf 79' lang='lat' dir='ltr'>Quod</span> <span class='ocrx_word' id='word_1_320' title='bbox 597 4172 664 4216; x_wconf 89' lang='lat' dir='ltr'>cum</span> <span class='ocrx_word' id='word_1_321' title='bbox 680 4152 791 4216; x_wconf 88' lang='lat' dir='ltr'>dictum</span> <span class='ocrx_word' id='word_1_322' title='bbox 805 4154 960 4217; x_wconf 86' lang='lat' dir='ltr'>uideretur</span> <span class='ocrx_word' id='word_1_323' title='bbox 971 4153 1161 4234; x_wconf 84' lang='lat' dir='ltr'>insolentius,</span> <span class='ocrx_word' id='word_1_324' title='bbox 1179 4156 1278 4239; x_wconf 89' lang='lat' dir='ltr'>uliqua</span> 
     </span>
     <span class='ocr_line' id='line_1_38' title="bbox 159 4254 1275 4341; baseline 0.006 -25"><span class='ocrx_word' id='word_1_325' title='bbox 159 4272 200 4316; x_wconf 85' lang='lat' dir='ltr'>ex</span> <span class='ocrx_word' id='word_1_326' title='bbox 214 4263 299 4338; x_wconf 86' lang='lat' dir='ltr'>purte</span> <span class='ocrx_word' id='word_1_327' title='bbox 323 4254 456 4318; x_wconf 83' lang='lat' dir='ltr'>homines</span> <span class='ocrx_word' id='word_1_328' title='bbox 472 4256 575 4341; x_wconf 79' lang='lat' dir='ltr'>dolone</span> <span class='ocrx_word' id='word_1_329' title='bbox 590 4255 683 4332; x_wconf 87' lang='lat' dir='ltr'>allici,</span> <span class='ocrx_word' id='word_1_330' title='bbox 699 4257 829 4339; x_wconf 84' lang='lat' dir='ltr'>positam</span> <span class='ocrx_word' id='word_1_331' title='bbox 843 4266 890 4318; x_wconf 87' lang='lat' dir='ltr'>est</span> <span class='ocrx_word' id='word_1_332' title='bbox 908 4265 980 4338; x_wconf 82' lang='lat' dir='ltr'>‘qna</span> <span class='ocrx_word' id='word_1_333' title='bbox 995 4257 1031 4321; x_wconf 90' lang='lat' dir='ltr'>de</span> <span class='ocrx_word' id='word_1_334' title='bbox 1047 4259 1167 4322; x_wconf 88' lang='lat' dir='ltr'>causa&#39;.</span> <span class='ocrx_word' id='word_1_335' title='bbox 1212 4257 1275 4322; x_wconf 88' lang='lat' dir='ltr'>Sed</span> 
     </span>
    </p>
   </div>
   <div class='ocr_carea' id='block_1_3' title="bbox 0 0 1365 4688">
    <p class='ocr_par' dir='ltr' id='par_1_3' title="bbox 0 0 1365 4688">
     <span class='ocr_line' id='line_1_39' title="bbox 0 0 1365 4688; baseline 0 0"><span class='ocrx_word' id='word_1_336' title='bbox 0 0 1365 4688; x_wconf 95' lang='lat' dir='ltr'> </span> 
     </span>
    </p>
   </div>
  </div>
 </body>
</html>
