2684 4694
64 231 129 300 670
515 220 646 288 BELLl
668 215 858 286 taalenu

123 423 202 468 mum
222 398 300 463 euim
318 396 411 460 altum
427 405 457 458 et
473 404 606 457 erectum
622 412 742 477 praese
758 388 892 476 gerebat.
927 384 1007 451 llnic
1022 387 1262 471 adquiescebaut

125 505 261 571 homiues
286 508 317 562 et
338 498 370 560 in
390 496 456 561 eius
473 497 601 560 scientia
617 506 646 558 et
662 494 786 558 consilio
802 491 903 556 omnia
918 490 976 555 sibi
993 491 1139 574 procliuia
1154 513 1261 558 omnes
1337 493 1341 497 ’

67 609 102 679 11
125 608 190 671 lore
205 600 377 687 sperabant.
404 597 522 664 Caesar
536 620 595 663 uua
611 608 699 662 nocte
714 597 746 659 iu
761 594 888 660 nauibus
905 604 1081 678 cousumpta
1095 595 1155 658 iam
1172 598 1259 660 caelo

126 708 244 773 albente
261 725 326 768 curu
344 702 491 787 proficisci
508 711 679 776 conaretur,
697 698 795 763 subito
811 698 931 761 nauium
949 718 1030 782 pars,
1044 697 1080 760 de
1096 718 1154 781 qua
1170 700 1259 763 titue-

89 810 194 885 abac,
220 828 260 870 ex
276 825 381 868 errore
396 805 499 867 eodem
516 804 738 867 conserebatur.
770 799 837 864 Hac
852 821 886 864 re
902 800 1025 882 cognita
1041 796 1159 864 Caesar
1174 802 1254 866 cele-
1278 815 1293 865 t

125 912 201 976 riter
222 908 259 971 de
279 906 405 971 nauibus
423 907 549 989 imperat
564 926 667 969 omues
683 904 785 988 egredi
801 913 891 986 atque
906 903 939 966 iu
954 903 1042 966 litore
1058 912 1190 966 armatos
1207 924 1257 967 re-

90 1010 223 1094 31iqu0s
246 1008 434 1073 aduenientis
457 1007 567 1071 milites
590 1017 762 1091 expectare.
802 1003 910 1087 ltaque
931 1005 998 1068 sine
1020 1026 1102 1069 mora
1124 1004 1255 1068 nauibus

124 1114 171 1177 eis
185 1113 217 1174 iu
232 1121 349 1193 portum
366 1111 495 1194 receptis
512 1120 542 1174 et
557 1108 689 1173 adnectis
705 1109 829 1171 militum
843 1107 1033 1191 equitumque
1045 1107 1136 1190 copiis
1145 1126 1254 1170 rursus

125 1215 164 1280 ad
187 1213 323 1296 oppidum
340 1210 505 1294 Ruspinam
531 1211 609 1275 redit
631 1221 721 1294 atque
735 1210 777 1274 ibi
793 1210 901 1274 castris
917 1209 1090 1273 constitutis
1104 1210 1169 1292 ipse
1184 1229 1254 1272 oum

89 1314 300 1381 doobortibus
323 1314 472 1396 expeditis
488 1323 567 1377 xxx
587 1315 798 1377 frumentatum
821 1322 869 1376 est
890 1313 1053 1395 profectus.
1084 1309 1188 1373 Exeo
1204 1321 1254 1374 cst
1278 1320 1309 1374 tt

126 1417 276 1501 cognitum
293 1413 435 1480 Caesaris
451 1416 626 1492 consilium,
651 1417 732 1479 illum
749 1437 815 1478 cum
832 1415 930 1478 classe
945 1413 1070 1476 nauibus
1085 1413 1249 1490 onerariis,

126 1539 202 1601 quae
218 1518 422 1592 deerrassent,
439 1518 571 1581 subsidio
587 1518 631 1581 ire
648 1517 723 1582 olam
738 1517 873 1581 hostibus
889 1515 1044 1591 uoluisse,
1062 1535 1100 1578 ue
1116 1534 1188 1577 casu
1205 1514 1253 1577 in·

126 1620 289 1704 prudentes
304 1638 377 1681 suae
393 1638 486 1682 naues
501 1619 532 1682 in
548 1619 675 1683 classem
692 1620 932 1684 aduersariorum
947 1616 1129 1691 inciderent,
1148 1635 1250 1698 neque

26 1725 29 1728 ’
125 1741 191 1786 eam
212 1740 276 1783 rem
299 1740 352 1783 eos
376 1719 508 1785 uoluisse
530 1721 629 1800 scire,
655 1724 703 1804 qui
725 1723 758 1785 in
781 1719 933 1806 praesidiis
954 1717 1051 1781 relicti
1073 1716 1120 1779 sui
1134 1715 1249 1780 milites

125 1823 318 1895 fuissentne
335 1822 364 1884 bi
380 1834 501 1907 propter
516 1844 638 1887 suorum
653 1825 832 1907 paucitatem
849 1832 880 1887 et
894 1820 1022 1884 bostium
1033 1818 1250 1883 multitudinem
1275 1828 1306 1882 ts

69 1923 111 1996 12
125 1935 209 1989 metu
232 1925 405 1987 delicerent.
436 1922 562 1988 Interim
584 1946 650 1989 cum
673 1926 732 1989 iam
748 1924 864 1991 Caesar
878 1943 1055 2008 progressus
1070 1931 1152 1985 esset
1167 1942 1184 1985 a
1200 1941 1251 1985 ca·

125 2027 198 2090 stris
221 2026 343 2089 circiter
365 2027 444 2091 milia
467 2047 609 2110 passuum
624 2039 678 2105 111,
704 2049 758 2112 per
773 2027 977 2111 speculatores
994 2036 1025 2088 et
1040 2035 1249 2088 antecessores

126 2127 242 2211 equites
264 2128 420 2193 nurrtiatur
443 2131 471 2194 ei
494 2131 595 2214 copias
610 2131 739 2194 bostium
755 2132 828 2194 baut
841 2131 931 2212 louge
945 2128 983 2191 ab
997 2147 1066 2191 sese
1083 2127 1172 2191 uisas.
1205 2122 1249 2186 Et

89 2230 248 2296 2bercule
264 2251 330 2295 cum
346 2250 382 2295 eo
398 2232 501 2296 nuntio
518 2233 614 2318 puluis
629 2235 737 2316 ingens
753 2231 886 2315 conspici
902 2241 1024 2314 coeptus
1040 2241 1096 2294 est.
1133 2225 1197 2292 blac
1212 2246 1249 2290 re

126 2334 247 2417 cognita
263 2329 381 2397 Caesar
396 2336 536 2398 celeriter
549 2336 633 2399 iubet
648 2335 809 2418 equitatum
825 2334 1017 2411 uniuersum,
1035 2333 1116 2395 cuius
1133 2330 1250 2413 copiam
1271 2338 1305 2394 2⁰

125 2435 228 2498 babuit
248 2435 278 2496 in
294 2436 462 2515 praesentia
478 2459 538 2500 uon
554 2459 710 2520 maguam,
736 2449 768 2500 et
782 2437 974 2519 sagittarios,
999 2455 1124 2517 quorum
1139 2453 1248 2516 paruus

123 2555 277 2611 uumerus,
290 2554 330 2598 ex
347 2539 454 2600 castris
470 2539 611 2603 arcessiri
626 2551 716 2622 atque
731 2539 889 2602 ordinatior
906 2538 992 2620 sigua
1006 2557 1040 2600 se
1056 2538 1164 2600 leuiter
1175 2555 1246 2598 con·

90 2634 230 2719 bsequiq
256 2636 319 2720 ipse
342 2640 518 2705 antecedere
542 2662 607 2704 oum
632 2642 734 2725 paucis
758 2642 891 2704 armatis.
923 2637 1045 2722 lamque
1061 2660 1127 2702 cum
1144 2637 1249 2722 procul

125 2739 221 2803 bostis
243 2741 375 2823 conspici
397 2753 517 2825 posset,
541 2743 649 2807 milites
672 2744 702 2807 iu
725 2765 827 2828 campo
850 2744 931 2806 iubet
952 2742 1065 2823 galeari
1081 2743 1166 2804 etad
1181 2761 1248 2804 eam

124 2861 254 2926 pugnam
269 2844 369 2926 parari
380 2868 389 2922 3
401 2866 525 2926 quorum
541 2847 661 2909 omuino
677 2866 817 2909 uumerus
835 2846 892 2908 luit
905 2854 984 2908 xxx
998 2845 1162 2907 cohortium
1179 2864 1248 2905 curn
1271 2852 1304 2907 tt

66 2941 108 3012 ld
122 2945 274 3030 equitibus
291 2957 393 3025 ecce,
411 2947 574 3029 sagittariis
592 2959 644 3010 ct.
677 2947 790 3011 Hostes
807 2947 945 3024 interint,
963 2966 1083 3029 quorum
1099 2946 1161 3006 dux
1177 2954 1246 3006 erat

122 3043 276 3110 Labienus
299 3060 329 3111 et
352 3049 408 3112 duo
424 3046 559 3127 Pactoli,
582 3051 677 3114 aciem
693 3050 825 3134 dirigunt
839 3050 966 3113 mirabili
982 3047 1167 3131 longitudine
1182 3067 1246 3109 nou

122 3147 273 3230 peditum,
298 3151 351 3213 sed
367 3152 497 3233 equitum
514 3154 679 3217 conlertam
695 3162 727 3216 et
740 3153 820 3217 inter
835 3172 887 3216 eos
903 3151 978 3216 leuis
994 3159 1164 3215 armaturae
1178 3146 1246 3212 Nu·

123 3248 217 3311 midas
241 3260 272 3312 et
287 3252 461 3332 sagittarios
484 3255 598 3337 pedites
612 3256 857 3339 interposuerant
872 3266 903 3319 et
916 3254 958 3316 ita
974 3253 1244 3329 condensauerant,

123 3360 156 3412 ut
179 3350 282 3435 procul
297 3347 475 3418 Caesariani
496 3358 649 3441 pedestres
672 3359 771 3443 copias
795 3356 1031 3433 arbitrarentur,
1055 3355 1194 3418 dextrum
1210 3375 1246 3418 ac
1270 3364 1303 3416 tt

231 3582 244 3633 1
260 3582 301 3633 bic
314 3600 338 3633 c.
466 3588 671 3653 adquiescebant
683 3606 710 3641 a.
838 3587 993 3654 2lrou1ines]
1008 3603 1095 3638 ornnes
1109 3589 1133 3636 b.

123 3658 225 3710 becclo
238 3661 288 3727 (a).
394 3665 409 3714 t
423 3665 448 3713 in
462 3666 539 3716 litore
552 3674 664 3718 armatos
676 3684 702 3730 c,
718 3674 832 3718 armatos
846 3668 870 3718 in
884 3668 960 3718 litore
972 3666 1032 3717 cdd.
1137 3664 1247 3715 7udue-

122 3738 259 3790 uientisn.
372 3749 550 3807 expectaroa.
661 3745 923 3811 dequitntumqueb.
1027 3739 1245 3805 toppitumom.

123 3815 149 3866 b.
256 3816 508 3885 ltinprudcntesu.
618 3821 813 3887 ltquiom.n.
919 3822 950 3872 15
965 3818 1033 3870 nebi
1047 3831 1105 3882 ego,
1122 3816 1246 3869 uibilat

122 3889 324 3952 oputiuilrild.
431 3893 655 3959 limilpussa.
762 3897 909 3949 attacta.
1016 3895 1047 3949 21
1064 3908 1114 3943 nou
1126 3906 1246 3956 magnam

122 3980 176 4020 om·
191 3968 216 4017 b·
320 3971 353 4025 22
364 3972 487 4022 arcessiri
500 3987 517 4023 u
531 3973 556 4034 b,
570 3975 670 4025 arcessi
683 3989 711 4025 u.
816 3975 914 4030 2lcaru
927 3991 945 4026 α
959 3975 973 4025 b
987 3974 1045 4026 eod.
1061 3972 1123 4026 Vra.
1137 3970 1153 4022 3
1166 3970 1244 4035 dete,

122 4062 176 4098 ont.
190 4044 277 4098 Aldus
290 4062 317 4096 u.
428 4052 638 4105 25cumom.b.
749 4053 962 4106 maccam.
1071 4047 1246 4112 sagittariisc

124 4125 149 4190 b,
163 4133 190 4176 at
202 4121 347 4186 sagittariis
360 4138 388 4174 u.
459 4141 489 4177 cc
505 4127 710 4194 Oudendorpc'us
718 4147 728 4193 ,·
741 4130 766 4181 ei
779 4145 802 4194 c,
817 4137 843 4180 et
856 4132 897 4180 ab
909 4130 1020 4196 reliqui.
1127 4123 1246 4175 hostibus

121 4214 148 4252 a.
279 4199 313 4255 27
325 4200 430 4252 Pacidei
443 4218 460 4253 α
474 4205 488 4253 d
502 4205 546 4257 dd
560 4206 628 4258 dett.
642 4210 662 4257 ι’.
676 4223 700 4256 a.
715 4207 839 4258 Pacideii.
969 4207 1083 4258 mirabili
1096 4221 1149 4257 ont.
1162 4221 1179 4255 a
1192 4205 1207 4254 b
1221 4219 1245 4255 c.

231 4280 416 4347 longitudinem
429 4297 446 4333 u
457 4283 474 4333 b
487 4299 510 4336 c.
616 4285 649 4338 30
660 4286 780 4338 dextram
792 4301 810 4337 a
824 4286 839 4336 b
851 4286 868 4338 3
880 4285 959 4352 dote,
974 4294 1000 4338 et
1012 4287 1133 4337 deutrum
1145 4298 1173 4333 u.
