2692 4688
468 185 609 257 uoltu.
624 186 669 255 Ill
692 183 917 256 cava-5.
1250 185 1313 256 tte

131 363 248 427 relictis
263 360 421 444 eruptione
438 361 515 425 fucta
530 362 624 426 isdem
641 361 820 438 itineribus,
844 362 950 444 quibus
973 380 1010 424 eo
1031 361 1254 444 peruenissent,

132 463 314 528 adsalutem
330 464 558 526 contenderent.
605 462 717 528 Maiori
740 476 840 529 tamen
864 463 941 548 parti
958 464 1068 547 placuit
1083 464 1138 527 hoo
1153 473 1291 533 recem

131 577 204 631 nato
219 567 257 630 nd
273 577 441 630 extremum
457 565 583 629 consilio
606 567 725 631 interim
741 568 786 632 rei
802 577 942 631 euentum
959 566 1092 649 experiri
1107 577 1139 630 et
1153 577 1256 632 casua

135 669 307 734 defendere.
340 666 433 731 llreui
448 669 546 752 spatio
561 669 738 746 interiecto,
763 670 817 732 uix
831 670 917 733 otiis
932 668 1035 742 rebus,
1053 688 1126 750 quas
1142 669 1292 741 consti-4

94 785 111 836 ⁵
136 773 278 848 tuissent,
294 771 488 834 conlocandis
504 781 594 852 atque
610 772 852 836 administrandis
870 781 986 855 tempus
1002 772 1137 848 deretur,
1155 772 1257 837 hostes

133 896 174 940 ex
196 873 336 938 omnibus
356 873 491 956 partibus
514 873 603 958 signo
625 875 693 937 dato
716 875 896 948 decurrere,
919 874 1032 957 lapides
1053 894 1203 964 gaesaque
1224 874 1257 939 in

132 976 245 1042 unllurn
260 976 411 1040 conicere.
445 973 555 1039 Nostri
570 976 665 1060 primo
680 977 806 1060 integris
821 977 938 1040 uiribus
954 961 1291 1060 tertfte‘r'iepugmrau

132 1100 231 1164 neqnc
244 1079 339 1143 ullum
354 1080 466 1142 fresne
488 1079 578 1142 telum
594 1098 636 1141 ex
651 1079 717 1141 loco
733 1079 889 1163 superiore
904 1078 1043 1156 mittere,
1068 1090 1101 1142 ut
1122 1096 1256 1164 quaeque

132 1203 204 1268 para
218 1192 386 1246 castrorum
401 1181 512 1244 nudata
527 1179 735 1245 defensoribus
750 1181 845 1266 premi
859 1180 1027 1258 uidebatur,
1045 1200 1081 1244 eo
1096 1200 1257 1246 occurrere

72 1298 108 1350 to
133 1298 165 1350 et
178 1284 326 1348 auxilium
342 1285 434 1361 ferre,
451 1284 505 1347 sed
522 1282 578 1346 boc
593 1283 745 1366 superari,
769 1282 846 1366 quod
862 1283 1056 1347 diuturnitate
1072 1303 1189 1368 pugnae
1203 1281 1291 1347 lto-3

134 1398 199 1451 stes
212 1385 325 1450 defessi
339 1386 454 1469 proelio
470 1384 676 1462 excedebant,
700 1385 751 1448 alii
766 1385 891 1471 integris
907 1387 1022 1450 uiribus
1038 1385 1254 1466 succedebants

132 1510 257 1574 quarum
272 1509 373 1552 rerum
390 1509 409 1550 a
431 1488 543 1552 nostris
557 1499 677 1573 propter
692 1488 872 1572 paucitatem
889 1488 953 1553 ieri
970 1489 1044 1552 nibil
1058 1499 1193 1572 poterat,
1219 1485 1292 1552 ael

133 1613 193 1657 non
208 1591 297 1654 modo
313 1591 431 1654 defesso
446 1611 487 1654 ex
502 1612 599 1676 pugne
614 1591 796 1667 excedendi,
813 1593 866 1655 sed
882 1613 921 1654 ne
936 1591 1040 1655 saucio
1055 1592 1173 1678 quidem
1188 1590 1255 1655 eius

131 1693 204 1769 luci,
221 1693 272 1757 ubi
286 1693 476 1772 constiterat,
493 1694 681 1777 relinquendi
692 1695 783 1758 acsui
797 1694 960 1778 recipiendi
977 1695 1103 1757 facultas
1113 1694 1251 1758 dabatur.

77 1807 109 1859 15
134 1792 211 1860 Cum
226 1795 285 1859 iam
301 1796 428 1879 amplius
443 1795 525 1860 boris
541 1816 597 1859 sex
613 1797 805 1860 continenter
820 1806 1014 1880 pugnaretur,
1032 1817 1067 1858 ac
1082 1816 1142 1857 uon
1158 1794 1291 1864 columb

131 1898 230 1972 uires,
246 1897 302 1962 sed
316 1898 407 1962 etium
418 1899 479 1962 tela
494 1909 615 1963 nostros
631 1900 805 1975 deficerent,
822 1911 912 1982 utque
927 1899 1029 1963 hostes
1044 1897 1145 1961 acrius
1160 1896 1256 1961 insu·

131 2009 205 2064 rent
217 1998 508 2083 languidioribusque
533 2002 644 2064 nostris
669 2002 778 2064 uallum
796 2003 932 2065 scindere
948 2011 979 2065 et
994 2004 1090 2064 fossas
1106 1999 1256 2083 complere

136 2101 325 2184 coepissent,
352 2124 460 2186 resque
476 2114 559 2168 esset
573 2105 632 2166 iam
648 2104 685 2167 ad
702 2114 868 2168 extremum
884 2104 1025 2188 perducta
1042 2124 1162 2175 cusum,
1193 2099 1254 2166 Pu·
1270 2100 1292 2168 2

133 2202 214 2268 blius
230 2201 355 2269 Sextio
368 2200 511 2282 Baculus,
529 2206 614 2292 primi
631 2206 682 2290 pili
698 2206 854 2283 centurio,
883 2226 968 2289 quem
983 2203 1120 2268 Neruico
1141 2202 1255 2285 proelio

79 2317 111 2369 tu
134 2305 337 2391 compluribus
350 2310 517 2372 confectum
534 2309 710 2373 uulneribus
727 2310 870 2387 diximus,
888 2318 919 2371 et
933 2307 1003 2370 item
1019 2302 1255 2368 GuiusVolusc·

134 2429 204 2486 nus,
221 2408 359 2474 tribunus
374 2410 511 2489 militum,
530 2413 578 2475 uir
594 2422 626 2475 et
640 2413 757 2476 consilii
772 2411 873 2495 magni
888 2421 919 2474 et
935 2408 1066 2484 uirtutis,
1083 2407 1119 2470 ad
1130 2403 1256 2470 Gulbum

136 2510 300 2595 ado-th
314 2522 404 2595 atque
418 2534 508 2577 uuam
524 2534 591 2578 esse
606 2536 689 2599 spem
705 2515 809 2579 salutis
826 2516 945 2592 docent,
963 2514 987 2576 si
1003 2511 1161 2595 eruptione
1176 2510 1256 2572 facta

135 2624 305 2679 extremum
322 2615 466 2679 auxilium
482 2618 705 2700 experirentur.
751 2615 857 2702 ltaque
880 2615 1055 2680 conuocatis
1071 2606 1291 2678 centurioni-3

135 2713 188 2781 bns
203 2717 348 2782 celeriter
361 2717 471 2783 milites
486 2720 631 2784 certiores
648 2720 730 2798 fecit,
754 2720 906 2804 paulisper
919 2719 1154 2782 intermitterent
1167 2732 1255 2798 proe-

87 2826 116 2880 tt
134 2817 205 2884 lium
225 2840 264 2886 uc
287 2821 491 2887 tantummodo
514 2822 575 2887 tele
593 2822 686 2887 missu
707 2821 881 2907 exciperent
904 2841 997 2904 seque
1011 2839 1053 2882 ex
1067 2817 1170 2881 labore
1183 2816 1254 2880 reu-

244 3027 355 3079 lisdem
367 3028 462 3097 DEJ’,
477 3029 576 3081 hisdem
588 3031 644 3083 AB
656 3030 687 3082 θ.
810 3029 867 3082 bet
879 3044 932 3079 om.
946 3028 981 3078 A.
1102 3025 1118 3075 1
1133 3023 1164 3074 iis
1178 3022 1218 3074 Cf
1229 3027 1256 3073 et

138 3117 187 3152 ree.
200 3118 239 3154 en.
254 3105 292 3168 B,
308 3120 361 3156 om.
374 3106 400 3156 A
406 3107 503 3167 Bos,
518 3107 559 3158 bis
571 3122 601 3158 u.
745 3109 760 3158 b
774 3104 951 3166 (conlocandis
964 3103 999 3168 B)
1012 3101 1182 3167 conloqundis
1195 3115 1255 3151 cum

135 3185 235 3244 puncto
247 3183 298 3231 sub
310 3197 327 3231 u
341 3183 375 3234 A.
483 3185 498 3236 d
512 3184 667 3244 decurrere]
679 3183 704 3233 in
719 3184 798 3250 pedes
811 3181 875 3232 odd.
893 3182 935 3232 C?
947 3185 974 3230 et
986 3195 1037 3229 ree.
1046 3181 1087 3244 br,
1103 3179 1136 3230 B.

137 3270 265 3324 caesaque
279 3258 334 3308 AB
349 3262 385 3323 (τέ
397 3275 413 3324 g
424 3274 478 3310 sec.
492 3275 529 3311 m.
543 3263 573 3310 r'n
585 3260 691 3326 marg.)
704 3261 743 3324 C,·
763 3258 941 3324 tequueDE,
955 3257 1049 3322 telus,
1064 3255 1152 3307 hastos
1164 3255 1219 3306 tela
1227 3255 1251 3306 1.

139 3329 264 3385 drusium
278 3349 353 3387 raros
367 3352 414 3402 per
425 3337 522 3388 uallum
535 3345 741 3404 propugnatores
753 3337 826 3386 saxis
840 3335 951 3402 telisque
965 3340 1085 3384 onerant.
1170 3332 1257 3384 inal-

137 3407 186 3460 len
198 3411 225 3462 d.
347 3414 450 3466 coicere
462 3416 497 3466 B.
636 3416 835 3492 proppgpares.
964 3414 979 3467 8
992 3420 1022 3462 ut
1033 3428 1135 3478 qunque
1147 3410 1216 3471 DE,
1230 3418 1258 3462 et

137 3494 420 3561 quaecumqnebcds.
531 3495 757 3547 decucurrereb.
881 3494 996 3545 ldostes
1009 3510 1045 3544 m.
1057 3509 1102 3560 pr.
1116 3492 1148 3543 B.

136 3570 164 3621 tt
179 3570 292 3638 proelio]
306 3586 364 3622 eum
376 3572 460 3639 procl.
474 3577 527 3624 int.
541 3588 614 3623 uere.
631 3575 662 3626 C.
749 3573 891 3623 succebuut
903 3588 939 3622 m.
952 3587 996 3637 pr.
1011 3571 1043 3622 B.
1144 3571 1175 3622 ld
1189 3568 1257 3637 eine]

137 3648 290 3711 etd,eco.
397 3649 430 3701 tt
445 3649 597 3718 recipiendi]
611 3650 745 3716 parciendi
761 3650 785 3699 b.
902 3646 1256 3713 lbsexA(B)E,·vr(J),

137 3729 184 3790 pur·
193 3732 260 3777 onte
274 3726 345 3778 boris
355 3731 443 3792 ponit.
621 3728 651 3780 lb
665 3737 768 3779 nostros
779 3728 908 3778 Heinsius
913 3765 921 3791 ,
938 3727 1034 3777 nostris
1048 3726 1125 3776 codd.
1141 3725 1204 3777 Vra.
1218 3726 1260 3793 11,

137 3801 1258 3873 tu‚t.V,³3,1.t.er·n.11,tt,tzapauVa1.ttan.V‚taerumnosa-

135 3881 198 3933 dum
211 3883 317 3933 estnisi
329 3884 417 3935 uinum
431 3885 506 3937 nobis
519 3885 658 3937 defuisset.
763 3884 925 3951 lietlucs.
1032 3881 1130 3934 fossam
1145 3883 1182 3938 A.

137 3957 168 4010 18
178 3964 245 4010 onte
258 3961 385 4026 perducta
397 3962 461 4014 add.
475 3964 604 4021 deducta,
624 3961 672 4013 red
684 3961 787 4013 duobus
797 3965 908 4028 punctio
919 3964 1071 4026 suppositis
1077 3999 1086 4024 ,
1100 3962 1133 4013 tt.

135 4036 241 4090 Publius
255 4039 294 4104 B,
315 4039 344 4090 P.
359 4057 386 4091 u.
541 4042 572 4093 111
588 4040 699 4092 baculus
715 4040 810 4091 Oresio
822 4040 982 4106 appellatur
995 4038 1134 4091 Pecuniae.

137 4117 171 4170 2⁰
183 4114 265 4167 (iuius
278 4116 336 4168 AB
346 4116 446 4181 CM,
462 4117 492 4170 c.
507 4117 554 4185 (J)
568 4133 596 4168 u.
751 4118 782 4168 21
798 4117 848 4167 uiri
862 4134 885 4167 c.
1056 4116 1091 4170 2²
1103 4117 1262 4181 (udoerraut

139 4193 194 4245 AB
204 4195 227 4246 C
235 4195 247 4258 )
263 4200 403 4246 recurrunt
415 4195 441 4246 d.
615 4193 741 4245 docerent
753 4208 812 4244 cum
822 4197 934 4261 puneu'a
948 4196 997 4246 rub
1010 4211 1038 4245 re
1050 4193 1082 4243 B.

140 4270 252 4325 retecti
267 4271 297 4322 0.
