2684 4694
529 189 796 259 curvus-8.
997 214 1000 221 ·
1216 190 1280 260 utu

102 364 158 428 bus
174 362 320 439 exclusis,
337 383 412 445 quae
427 362 464 425 ab
479 363 544 447 ipso
559 363 752 441 tenebantur,
768 383 862 446 aquae
871 382 1007 447 magnam
1015 362 1075 427 uim
1090 384 1132 428 ex
1147 365 1222 429 mari

102 468 178 532 rotis
193 488 229 531 ac
244 465 512 530 machinationibus
527 466 697 550 exprimere
713 466 885 529 contendit:
904 464 980 529 bane
995 464 1070 529 locis
1085 466 1222 550 superio·

103 571 187 635 ribus
210 568 335 633 fundere
357 569 389 631 iu
410 580 524 652 partem
540 564 683 634 Caesaris
705 589 766 631 non
788 566 1015 631 intermittebat.
1062 560 1161 646 Quam
1184 568 1257 633 ott

100 693 221 739 causam
236 671 345 739 salsior
367 670 455 754 paulo
477 682 597 755 praeter
617 669 861 736 cousuetudinem
885 689 962 751 aqua
984 667 1160 731 trahebatur
1182 690 1223 735 ex

63 789 78 840 t
102 775 247 861 proximis
263 773 406 837 aediliciis
421 794 615 856 magnamque
630 771 797 837 hominihus
813 771 1037 835 admirationem
1046 769 1218 853 praebebat,
1318 801 1324 810 =

102 899 189 961 quam
205 876 243 941 ob
258 897 322 941 rem
337 877 368 940 id
383 876 561 954 accidisset,
589 896 645 939 nee
659 876 734 938 satis
749 873 806 937 sibi
821 873 876 955 ipsi
893 871 1072 950 eredebant,
1097 894 1164 937 num
1186 893 1220 939 se
1235 871 1255 937 3

99 980 259 1043 inferiores
275 978 405 1043 eiusdem
421 978 542 1062 generis
557 997 592 1041 ae
607 977 723 1063 saporis
738 996 815 1059 aquo
830 975 965 1039 dicerem
976 975 1033 1052 uti,
1049 985 1138 1057 atque
1151 987 1221 1042 autc

100 1066 318 1158 consuessent,
337 1081 487 1164 uulgoque
500 1081 580 1144 inter
593 1100 628 1144 se
643 1078 838 1143 conferebant
852 1088 883 1141 et
897 1076 1101 1160 degustando,
1125 1099 1219 1160 quau·

101 1194 163 1245 tum
178 1183 258 1247 iuter
273 1203 306 1246 se
321 1182 476 1247 differrent
490 1202 597 1265 aquae,
615 1182 845 1267 cognoscebant.
870 1178 973 1245 Paruo
988 1200 1062 1244 uero
1078 1179 1219 1264 temporis
1234 1181 1255 1244 4

43 1295 78 1350 lt
100 1285 198 1370 spatio
214 1285 289 1349 haee
311 1285 432 1368 propior
445 1285 505 1349 bibi
521 1285 642 1349 omuino
657 1306 717 1349 uon
733 1294 869 1368 poterat,
891 1283 943 1346 illa
965 1282 1091 1346 interior
1113 1303 1219 1346 eorru-

98 1388 178 1471 ptior
192 1387 250 1450 iam
265 1387 432 1469 celsiorque
448 1387 666 1470 reperiebatur.
712 1381 781 1467 Quo
804 1387 883 1449 lacto
904 1384 1088 1449 dubitatione
1102 1385 1219 1450 sublata
1233 1387 1255 1455 'i

97 1499 198 1553 tantus
212 1489 339 1553 incessit
354 1489 455 1568 timor,
473 1500 505 1552 ut
518 1479 555 1554 ad
570 1500 740 1554 extremum
756 1509 858 1553 casum
874 1486 996 1572 periculi
1013 1506 1117 1550 omnes
1127 1488 1219 1553 dedu·

99 1591 140 1655 eti
155 1591 347 1670 uiderentur,
371 1602 460 1674 atque
484 1592 533 1655 alii
556 1592 667 1657 morari
682 1587 846 1656 Caesarem
862 1591 1016 1666 dicerent,
1039 1588 1110 1670 qrun
1125 1610 1219 1655 naues

99 1694 302 1760 conscendere
316 1695 452 1772 iuberet,
475 1694 525 1759 alii
548 1695 642 1759 multo
663 1693 785 1777 grauius
808 1692 1040 1756 extimescerent
1064 1691 1217 1775 [casum],

43 1803 75 1856 tt
98 1795 175 1876 quod
198 1816 295 1879 neque
316 1797 409 1861 celari
424 1795 627 1859 Alexandrini
652 1807 775 1878 possent
795 1796 827 1859 in
842 1793 1014 1878 apparauda
1035 1794 1125 1876 luga,
1151 1813 1219 1858 cum

99 1907 158 1961 tam
174 1919 269 1981 paruo
284 1899 381 1980 spatio
397 1897 545 1961 distarent
558 1897 595 1961 ab
609 1897 694 1980 ipsis,
713 1918 810 1980 neque
824 1897 885 1961 illis
899 1894 1113 1960 inminentibus
1129 1906 1219 1979 utque

99 1997 325 2079 insequentibus
341 1998 416 2062 ullus
432 2000 463 2062 iu
479 2018 572 2061 naues
587 2009 725 2081 receptus
740 2000 871 2063 daretur.
903 1997 981 2063 Erat
995 2009 1093 2062 autem
1108 1996 1253 2083 magua2

98 2098 254 2163 multitudo
264 2099 476 2183 oppidanorum
491 2101 523 2164 in
538 2110 623 2185 parte
633 2096 789 2178 Caesaris,
807 2120 893 2182 quam
910 2100 1068 2164 domiciliis
1083 2101 1217 2185 ipsorum

98 2221 158 2264 uon
172 2211 327 2279 mouerat,
350 2203 428 2284 quod
453 2222 489 2265 ea
511 2222 545 2266 se
560 2202 675 2265 fidelem
691 2201 787 2285 palam
804 2202 916 2264 uostris
931 2222 999 2265 esse
1014 2201 1172 2266 simulabat
1187 2212 1219 2267 et

39 2313 74 2368 2⁰
97 2303 261 2367 desciuisse
275 2323 294 2365 a
308 2304 371 2368 suis
388 2304 562 2369 uidebatura
580 2315 613 2368 ut
627 2304 699 2368 mibi
714 2303 893 2368 defendendi
905 2314 1007 2368 esseut
1014 2302 1218 2371 Alexandrini

96 2424 194 2487 neque
210 2404 329 2469 fallaces
346 2427 414 2471 esse
430 2428 526 2490 neque
542 2407 705 2485 temerarii,
722 2406 874 2489 multaque
889 2405 987 2469 oratio
1004 2406 1114 2469 lmstra
1129 2406 1218 2471 absu-

96 2518 247 2586 meretur3
273 2528 338 2571 eum
360 2530 433 2574 uero
450 2532 510 2573 uuo
525 2522 659 2595 tempore
674 2519 704 2573 et
720 2509 802 2572 natio
818 2529 922 2572 eorum
938 2519 969 2572 et
983 2519 1090 2572 natura
1105 2530 1217 2593 coguo-
1231 2508 1251 2574 3

96 2619 216 2688 suatur,
240 2610 421 2693 aptissimum
445 2632 513 2676 esse
529 2613 585 2676 hoc
599 2633 694 2696 genus
711 2612 747 2676 ad
763 2611 959 2696 proditionem
976 2611 1111 2675 dubitare
1128 2632 1216 2676 nemo

96 2723 208 2796 potest.
227 2708 344 2778 Caesar
359 2736 483 2778 suorum
498 2715 634 2779 timorem
651 2714 855 2779 consolatione
871 2724 902 2777 et
915 2714 1032 2776 ratione
1046 2713 1210 2778 minuebat.
1227 2713 1251 2785 8

39 2824 74 2877 tt
96 2811 176 2877 Nam
193 2817 290 2898 puteis
305 2818 395 2881 fossis
412 2839 517 2901 aquam
534 2818 649 2882 dulcem
663 2817 789 2901 reperiri
806 2835 894 2899 posse
902 2813 1086 2877 adfirmabat.
1105 2812 1216 2880 Omnia

96 2914 184 2979 litora
199 2919 378 2984 naturaliter
392 2941 489 3004 aquae
505 2920 600 2984 dulcis
615 2939 709 2984 uenas
725 2918 845 2983 babere.
891 2913 977 2998 Quod
999 2915 1027 2978 si
1048 2915 1109 2978 aha
1132 2917 1251 2984 esset2

94 3017 192 3083 litoris
206 3019 350 3104 Aegyptii
366 3033 474 3086 natura
488 3034 577 3105 atque
592 3023 723 3086 omnium
735 3021 930 3102 reliquorum,
948 3030 1058 3096 minen,
1076 3018 1216 3099 qnoniam

94 3140 178 3183 mure
192 3120 287 3184 libere
304 3132 463 3201 tenerent,
486 3144 582 3206 neque
606 3124 709 3187 hostes
733 3121 858 3185 classem
875 3120 1038 3198 habereut,
1064 3119 1216 3205 prohiberi

202 3248 336 3299 inausum
348 3263 365 3298 n
374 3249 398 3313 b,
414 3265 468 3300 reru
481 3264 509 3301 u.
615 3250 698 3302 brem
711 3250 762 3312 ab,
777 3263 879 3299 eausam
892 3264 920 3298 a.
1025 3246 1040 3298 7
1053 3247 1212 3314 digerente,

95 3324 246 3389 digererent
257 3327 281 3375 b.
386 3335 464 3378 antea
479 3329 502 3378 d.
608 3329 807 3380 8cnusueseeut
819 3343 878 3377 cnm
890 3331 992 3392 puncto
1005 3328 1054 3377 snb
1065 3327 1212 3380 alterurn.

203 3403 218 3453 9
232 3400 354 3452 different
366 3419 391 3453 a.
533 3403 561 3454 ll
578 3404 627 3455 ium
640 3421 694 3456 om.
710 3407 733 3455 b.
868 3404 1065 3470 repperiebatur
1077 3420 1104 3455 u.

94 3479 260 3531 lliuberent
271 3495 297 3529 α.
402 3480 508 3543 grauius
523 3479 610 3545 codd,
625 3483 773 3545 grauiorem
785 3479 816 3531 P.
831 3478 970 3531 dlunutr'ur
984 3497 1011 3531 u.
1124 3496 1214 3535 cusum

92 3557 133 3609 M.
147 3557 262 3620 [ineptit
272 3570 355 3605 nuncu
369 3556 478 3607 inclusi.
494 3557 523 3608 P.
540 3557 599 3609 tet.
737 3558 767 3608 15
781 3556 952 3607 Alexandrini
963 3573 1011 3621 no,
1024 3557 1212 3611 Alexandrinis

96 3633 232 3698 ‘reliquit
337 3633 471 3700 possiutu.
577 3633 692 3686 lbillin.
799 3633 1017 3684 inminentibusn.
1119 3634 1212 3687 lllnou

93 3719 203 3762 nouerat
215 3726 242 3761 a.
347 3710 381 3765 20
394 3719 422 3760 ut
434 3710 495 3760 mibi
509 3727 525 3761 a
539 3716 567 3762 et
578 3711 677 3777 reliqui
683 3710 818 3776 plerique,
833 3715 862 3759 ut
874 3713 896 3762 si
910 3710 972 3760 mibi
984 3710 1015 3760 P.
1027 3708 1171 3763 Manutius
1182 3728 1211 3764 u.

199 3790 230 3845 21
247 3805 330 3856 neque
351 3787 461 3840 lulluces
479 3788 555 3840 codd.
564 3827 574 3852 ,
594 3789 660 3855 quod
680 3803 762 3854 neque
782 3786 891 3838 fallaces
905 3803 922 3837 u
936 3785 1044 3851 (lanilen
1059 3786 1101 3851 b).

92 3881 152 3917 esse
165 3882 224 3931 ogo,
240 3874 330 3918 essent
343 3864 419 3916 codd.
558 3865 680 3916 temerari
693 3879 719 3914 a.
856 3863 987 3929 multoque
1000 3865 1071 3928 abe,
1086 3866 1167 3918 multa
1179 3883 1206 3920 u.

199 3940 232 3996 23
246 3941 364 3993 dubitare
378 3957 451 3992 uerno
465 3956 481 3990 u
494 3941 647 4006 Stephanus
653 3978 662 4004 ,
684 3956 757 3991 uerno
771 3940 890 3992 dubitare
903 3940 1027 4005 reliquae
1039 3940 1100 3993 edd.

90 4021 125 4072 at
137 4017 327 4084 consolatione]
340 4019 481 4070 collatione
495 4020 537 4070 bc.
641 4020 673 4073 25
686 4025 780 4086 puteus
793 4035 820 4070 a.
927 4019 1039 4085 reperiri
1051 4036 1128 4087 posse
1140 4038 1157 4073 a
1169 4023 1209 4088 (ia

92 4097 177 4163 repp.)
190 4095 354 4162 Stephanus,
371 4110 447 4163 posse
459 4095 569 4164 reperiri
581 4095 701 4162 reliquae
714 4094 774 4147 edd.
907 4093 1061 4146 adfirmabat
1071 4113 1099 4149 u.

92 4175 177 4224 omnia
189 4191 216 4240 n,
231 4174 315 4225 omnia
328 4175 396 4227 enirn
409 4174 469 4226 edd.
571 4175 605 4232 nt
617 4175 727 4243 Aegypti
740 4191 757 4225 a
771 4181 845 4227 ‘maa
859 4172 933 4241 μά)
1024 4177 1059 4231 28
1072 4177 1208 4245 habereut]

91 4256 212 4302 tenerent
223 4266 249 4317 n,
263 4268 317 4303 om.
332 4254 356 4304 d.
461 4252 597 4320 probibere
609 4267 626 4302 a
638 4251 662 4302 b.

973 4331 1038 4398 tu·
