2692 4688
559 192 830 263 carv'ru-s.
1243 174 1315 270 ἰιι

132 366 295 432 structuris
316 385 353 430 ao
374 364 539 428 fornicibus
561 367 756 432 eontinentur
770 376 907 449 metaque
928 377 1000 430 suut
1012 366 1123 433 rudere
1136 381 1190 434 aut
1203 392 1254 457 pa·

132 469 285 533 uimentis.
318 464 435 531 Caesar
449 467 580 531 maxime
595 468 743 547 studebat,
761 478 806 547 ut,
829 488 915 551 quam
930 469 1173 552 angustissimam
1188 494 1255 558 par·
1271 473 1292 540 4

132 581 195 636 tem
211 569 310 652 oppidi
324 567 409 652 palus
424 589 442 632 a
456 568 581 632 meridie
595 570 755 634 interiectu
768 569 934 648 efficiebat,
959 571 1036 635 bane
1058 570 1198 655 operibus
1211 576 1257 639 ui-

132 672 262 755 neisque
277 670 402 755 agendis
417 670 454 734 ab
469 669 583 753 reliqua
598 681 683 755 purte
698 672 781 736 urbis
796 671 992 751 excluderet,
1016 672 1087 736 illud
1102 686 1254 759 spectans,
1271 677 1291 743 5

95 784 112 839 t
136 775 276 860 primum,
293 783 338 850 ut,
356 793 421 836 eum
436 772 469 835 in
484 771 556 836 duas
572 784 674 857 partes
689 783 772 839 esset
786 774 858 839 urbs
873 773 988 850 diuisa,
1013 774 1094 838 acies
1111 797 1169 841 uuo
1184 799 1257 844 eon·

131 877 203 942 siba
218 886 307 958 atque
322 874 448 958 imperio
463 874 743 953 administraretur,
767 876 893 953 deiude,
920 885 955 939 ut
967 874 1172 942 laborantibus
1186 900 1255 945 saa·

131 978 215 1044 eurri
238 987 328 1060 atque
349 997 391 1041 ex
404 977 499 1041 altera
514 977 613 1062 oppidi
628 986 713 1062 parte
727 978 873 1043 auxilium
888 977 963 1043 ferri
978 989 1097 1061 posset,
1119 980 1255 1065 inprimis
1269 979 1292 1046 6

131 1100 224 1158 sero,
249 1088 284 1142 ut
304 1099 383 1161 aqua
405 1078 571 1162 pabuloque
587 1079 773 1159 abundaret,
797 1100 922 1163 quarum
937 1079 1064 1143 alterium
1077 1080 1123 1145 rei
1139 1084 1255 1167 eopiam

133 1181 286 1265 exiguam,
303 1181 428 1245 alterius
443 1180 552 1245 nullam
568 1182 691 1247 omnino
706 1183 876 1247 facultatem
892 1180 1038 1261 amensa,
1055 1184 1132 1265 quad
1143 1195 1256 1249 utrun-

78 1292 112 1347 tt
133 1302 191 1368 que
204 1282 290 1368 large
311 1284 398 1368 palus
419 1282 563 1367 praebere
587 1293 717 1368 poterat.
761 1282 872 1368 Neque
893 1304 967 1348 uero
981 1284 1199 1351 Alexandrinis
1220 1287 1289 1357 iud

133 1384 273 1465 gerendis
294 1385 425 1469 negotiis
449 1386 601 1450 concutio
621 1386 680 1450 ulla
701 1395 755 1451 aut
775 1406 861 1450 mora
884 1385 1082 1450 inferebatur.
1128 1385 1209 1452 Nam
1222 1389 1255 1455 in

133 1504 239 1551 omues
253 1498 367 1571 partes,
384 1507 438 1571 per
453 1507 528 1574 quas
543 1487 617 1551 dues
631 1486 763 1574 Aegypti
777 1507 961 1573 regnumque
977 1488 1118 1572 pertinet,
1137 1489 1256 1574 legatos

132 1588 409 1672 uunquisitoresque
425 1588 555 1654 delectus
570 1588 796 1654 babeudieausa
809 1590 967 1670 miseruut,
984 1610 1183 1676 magnusque
1199 1613 1253 1656 nu·

131 1708 246 1754 merum
261 1691 293 1755 in
308 1691 446 1774 oppidum
462 1691 590 1754 telorum
604 1701 693 1773 atque
709 1700 926 1755 tormentorum
942 1703 1151 1757 conuexerant
1161 1703 1192 1756 et
1205 1694 1253 1758 in·

79 1801 109 1855 tr
132 1791 346 1858 numerabilem
361 1792 578 1856 multitudinem
594 1792 794 1856 adduxerant.
824 1789 893 1856 Nee
909 1792 1006 1856 minus
1020 1793 1052 1856 in
1067 1795 1141 1858 urbe
1156 1794 1289 1859 maxi-2

131 1914 200 1958 mae
215 1915 366 1958 armorum
380 1904 467 1959 erant
481 1895 636 1958 institutae
652 1895 799 1958 officinae.
844 1893 961 1959 Sernes
982 1906 1140 1978 praeterea
1162 1897 1253 1979 pube·

132 2016 185 2059 res
207 2004 415 2077 armanerant3
446 1996 552 2079 quibus
574 1995 685 2059 domiui
708 1995 918 2079 locupletiores
938 1997 1049 2060 uictum
1073 1998 1253 2063 cotidianum

131 2097 370 2182 stipendiumque
383 2098 578 2183 praebebant.
616 2096 683 2160 llae
704 2096 891 2161 multitudiue
913 2097 1056 2180 disposita
1071 2100 1253 2164 munitiones
1269 2099 1289 2164 3

130 2209 314 2264 remotarum
329 2201 457 2284 partium
474 2200 654 2278 tuebantur3
672 2209 833 2263 ueteranus
849 2197 988 2261 cobortes
1005 2219 1113 2263 uacuas
1128 2199 1159 2262 in
1175 2203 1252 2263 cete·

78 2310 109 2364 tt
129 2300 270 2367 berrimis
285 2301 368 2366 urbis
384 2301 461 2366 loeis
476 2302 636 2381 habebant,
655 2311 698 2380 ut,
716 2320 900 2385 quacumque
915 2300 1039 2384 regione
1055 2311 1251 2386 pugnaretur,

131 2402 260 2488 integris
280 2404 394 2469 uiribus
416 2404 453 2468 ad
475 2405 622 2469 auxilium
642 2405 798 2468 terendum
814 2402 922 2488 opponi
938 2413 1072 2488 possent.
1105 2399 1252 2467 Omnibus
1269 2401 1290 2468 4

129 2504 189 2569 uiis
205 2516 295 2590 atque
308 2507 474 2592 angiportis
491 2506 635 2590 triplicem
651 2505 762 2571 uallum
778 2506 1059 2587 obduxerantlerat
1072 2517 1252 2589 auternqut·

130 2606 217 2672 drato
232 2619 389 2675 extructus
405 2629 482 2672 saxo
498 2627 593 2691 neque
609 2608 706 2672 miuus
722 2619 769 2672 XL
793 2609 883 2693 pedes
909 2609 1076 2673 altitudinis
1092 2608 1249 2690 babebat),

130 2729 262 2795 quaeque
277 2723 379 2795 partes
396 2711 477 2775 urbis
491 2711 651 2774 interiores
668 2721 773 2788 erant,
798 2711 852 2774 has
875 2709 1030 2773 altissimis
1053 2710 1185 2773 turribus
1201 2710 1252 2773 de·

78 2818 107 2873 tt
129 2831 236 2876 norum
250 2813 449 2877 tabulatorum
467 2814 649 2877 munierant.
685 2808 848 2876 Praeterea
863 2811 937 2875 alias
953 2808 1166 2873 ambulatorius
1182 2810 1250 2872 toti·
1266 2807 1287 2871 5

130 2913 195 2978 dem
212 2914 410 2980 tabulatorum
426 2917 615 2980 confixerant
629 2913 830 2996 subiectisque
847 2934 898 2976 eas
913 2913 988 2976 rotis
1004 2909 1123 2974 iuriibus
1138 2910 1252 2973 iumen-

130 3015 231 3100 tisque
245 3017 371 3082 obiectis
393 3017 517 3082 directis
539 3017 646 3101 plateis
667 3017 701 3081 iu
716 3035 928 3098 quamcumque
943 3023 1010 3077 erat
1025 3012 1121 3075 uisum
1138 3021 1253 3095 partem

129 3117 301 3182 mouebant.
332 3118 414 3186 Vrbs
431 3120 614 3184 fertilissima
631 3129 663 3180 et
676 3115 884 3200 copiosissima
899 3115 1028 3178 omnium
1044 3135 1144 3179 rerum
1163 3113 1289 3198 appa-3

130 3228 217 3283 ratus
232 3222 423 3307 suggerebat.
462 3221 524 3306 lpsi
546 3220 682 3285 homiues
704 3218 939 3303 ingeniosissimi
963 3227 1051 3300 utque
1073 3217 1250 3296 acutissimi,

78 3329 107 3383 to
129 3341 205 3407 quae
219 3343 237 3388 a
252 3325 365 3388 nostris
381 3325 446 3389 lieri
463 3325 612 3402 uiderant,
630 3343 666 3387 en
681 3321 805 3387 solertia
821 3319 1004 3398 efficiebant,
1028 3330 1060 3384 ut
1076 3319 1169 3383 nostri
1185 3319 1251 3382 illu·

240 3489 250 3542 l
266 3489 434 3541 instructuris
450 3491 474 3541 b.
605 3504 635 3539 sc
650 3487 793 3539 fornicibus
806 3502 822 3536 a
838 3487 909 3536 ιιιιιι.
925 3486 959 3550 d',
973 3494 1051 3552 utque
1064 3484 1208 3536 fornicibus
1222 3501 1250 3537 ιι.

237 3567 294 3634 sut]
308 3582 337 3617 se
351 3568 377 3618 b.
499 3569 651 3632 depectens
665 3565 847 3626 Vuseornnur,
861 3570 1019 3628 exspectans
1032 3563 1110 3613 codd.
1125 3563 1197 3628 (esp.
1210 3565 1251 3625 ι).

236 3645 372 3697 diuiduas
391 3652 480 3711 partes
501 3653 602 3695 assetur
615 3644 783 3709 Stephanus,
804 3646 876 3691 esset
896 3639 921 3689 in
940 3640 1005 3688 duas
1023 3648 1111 3704 partes
1128 3641 1252 3703 reliquos

128 3721 190 3773 edd.
303 3725 377 3775 urbis
392 3725 416 3773 d.
516 3723 566 3774 lin
580 3723 670 3790 primis
683 3723 732 3786 (a).
835 3718 866 3769 ltl
879 3717 951 3780 large
965 3716 1038 3782 palus
1051 3730 1078 3778 a,
1093 3714 1167 3782 palus
1180 3717 1252 3781 large

128 3801 191 3852 edd·
314 3804 345 3856 tt
359 3805 423 3854 dues
436 3818 490 3852 om.
506 3802 530 3852 b.
635 3799 775 3869 Aegyptia
790 3799 871 3846 ‘mem
885 3800 993 3846 tontum
1006 3808 1059 3844 aea
1072 3793 1187 3861 omaer',
1201 3796 1252 3849 Ae·

128 3880 211 3949 gyptti
223 3878 335 3948 lipsius
346 3898 375 3932 ιι.
480 3895 585 3943 regnum
601 3880 626 3929 b.
739 3877 770 3928 13
784 3875 895 3925 dilectus
909 3871 949 3937 (a)
960 3873 985 3923 b.
1094 3873 1124 3924 tt
1137 3881 1250 3926 semoto·

126 3971 183 4008 rum
196 3973 223 4008 ιι.
336 3959 370 4014 20
383 3972 535 4023 quacunque
548 3956 600 4021 (a).
711 3954 742 4007 21
758 3951 849 4019 opponi
863 3958 969 4018 possent
981 3950 1076 4015 atad,
1091 3959 1249 4018 opportunae

127 4041 219 4087 suast
230 4050 258 4085 ιι.
365 4034 398 4087 2³
412 4040 548 4083 extructus
560 4048 587 4083 ι.
709 4031 801 4096 pedum
815 4029 840 4079 b.
957 4026 991 4080 25
1004 4028 1209 4081 communierunt
1223 4031 1248 4081 d.

233 4109 345 4167 2deonl
343 4125 436 4160 sssss
440 4111 483 4160 tb.
588 4106 798 4171 lidereetisaj.
904 4105 1140 4172 quamcunque(a).

127 4196 202 4241 erant
212 4203 240 4240 a.
347 4188 381 4241 tt
394 4185 522 4249 ingeniosi
535 4200 553 4235 a
567 4183 640 4234 ‘rara
655 4182 689 4233 d'.
804 4180 837 4233 3⁰
850 4195 866 4231 a
879 4183 1044 4248 nostrissgo,
1059 4197 1074 4234 s
1088 4180 1247 4233 nobisoodd.

125 4268 158 4320 Ρ.
169 4269 210 4322 tt.
317 4265 439 4318 sollertia
450 4280 478 4318 a.

142 4364 281 4427 cunque
292 4364 401 4427 Nipperd.
1035 4340 1078 4406 ⁴0
1208 4416 1211 4425 ‚
