2692 4688
521 92 843 161 ..sps-

119 294 198 339 muns
213 273 244 336 in
259 270 308 335 ed.
326 267 405 334 Ven.
423 289 452 332 a.
473 264 553 331 tter
569 265 685 350 positos
701 264 832 329 uidetur.
872 260 1036 347 Sequentia
1057 266 1098 330 ita
1122 268 1245 333 cuntur·

119 377 225 440 manda
241 373 389 438 arbitror:
416 370 540 453 ‘qnippe
564 368 614 451 qui
636 369 666 431 iu
688 367 737 431 itia
761 386 794 431 re
815 367 871 431 sibi
896 367 1077 447 confideret,
1100 369 1242 453 primunr,

119 477 196 561 quod
210 475 346 540 audierat
361 472 476 536 Romae
491 472 625 556 legiones
641 481 802 534 ueteranus
823 471 982 534 dissentire
1004 472 1144 554 usquein
1161 471 1246 537 Airi-

118 600 184 643 cam
199 574 426 642 uelletransire'
435 585 505 638 cett.
526 571 560 637 ln
572 574 708 635 omnibus
717 574 802 635 codd.
813 583 935 656 praeter
943 568 1050 638 Cuinc.
1060 586 1091 637 et
1099 576 1245 657 quosdam

119 682 285 748 deteriores
301 679 359 762 legi
376 679 495 741 uidetur
507 676 625 759 ‘quippe
639 676 728 757 quis'.
747 672 863 738 Deinde
879 676 978 740 editur
994 677 1036 739 ‘in
1053 677 1171 740 iliorum
1188 677 1245 741 sibi

118 785 283 849 confideret
297 781 473 856 multidine,
491 781 568 860 quod
583 779 726 861 scriptum
743 789 790 840 est
801 779 831 840 in
843 775 925 841 Seni.
936 777 1042 844 Cuiuc.
1054 777 1121 842 Pet.
1129 776 1245 859 Neru,

118 886 168 971 qui
183 887 242 949 duo
265 884 405 968 postremi
429 892 527 944 tamen
547 891 617 943 ‘nou
634 878 761 943 illornm'
778 881 931 945 exhibent.
973 879 1007 944 {n
1024 878 1113 944 Laid.
1130 903 1179 966 pr.
1196 894 1248 947 est

120 987 239 1072 ‘quippe
254 988 319 1069 quis
335 985 364 1046 in
380 985 497 1049 iliorum
522 984 578 1047 nuc
598 982 653 1045 sibi
677 983 863 1046 confideret'.
899 980 935 1045 ln
957 980 1028 1047 Par.
1047 1005 1112 1047 sec.
1135 985 1248 1069 tegitur

120 1088 313 1173 ‘quippequis
330 1088 360 1149 in
376 1087 493 1151 iliorum
510 1086 565 1149 sibi
574 1086 759 1161 confiterer,
772 1085 907 1166 idemque
916 1086 946 1148 in
956 1084 1035 1149 Lon.
1046 1084 1243 1153 DoruLeid.

118 1212 182 1257 aec.
199 1192 267 1256 cod.
286 1187 404 1265 Cim-e„
424 1189 479 1252 uisi
496 1189 571 1269 qnod
589 1189 619 1251 in
635 1189 694 1251 iltis
711 1187 823 1250 duobus
839 1197 886 1251 est
904 1188 1023 1271 ‘quippe
1038 1189 1088 1273 qui
1105 1190 1194 1267 uou',
1212 1191 1246 1255 in

119 1296 166 1359 bis
190 1295 314 1377 ‘quippe
330 1294 378 1374 qni
396 1293 424 1353 in
442 1291 553 1353 nutio'.
584 1289 768 1372 Scripturam
786 1288 856 1352 Pur.
875 1310 938 1352 sec.
957 1292 1090 1353 codicem
1105 1292 1248 1379 nrcbety·

117 1418 186 1481 pnur
203 1396 319 1458 reterre
334 1416 399 1456 cum
417 1415 458 1457 ex
472 1413 621 1455 coruscusu
638 1393 817 1455 deteriorum
835 1392 921 1455 codd.
939 1403 1000 1455 tum
1016 1414 1057 1457 ex
1072 1394 1249 1480 discrepan-

119 1499 159 1562 tia
176 1497 356 1579 reliquorum
374 1495 516 1557 bonorum
534 1495 729 1578 perspicitur,
753 1513 829 1575 quae
852 1495 962 1558 indicio
985 1505 1032 1559 est
1053 1506 1084 1559 et
1101 1498 1248 1563 ‘multitu-

118 1599 199 1663 diue’
207 1598 326 1662 et‘bde'
334 1598 522 1661 librariorum
533 1596 736 1681 supplementa
745 1617 824 1660 esse.
844 1596 890 1661 Ea
899 1599 992 1682 igitur
1005 1598 1051 1661 bic
1066 1600 1247 1685 ineptarum

119 1701 186 1785 quid
204 1701 426 1764 demonstrem?
461 1698 536 1762 Mibi
551 1700 621 1762 ittnd
639 1698 746 1762 ‘illore’
763 1699 819 1775 (itn
835 1701 912 1763 enim
930 1703 993 1764 iere
1010 1701 1153 1767 ‘illorum'
1168 1704 1248 1769 suri·

118 1805 199 1869 bitur
213 1805 244 1867 iu
260 1804 363 1883 codd)
380 1812 476 1865 ortum
493 1823 560 1866 esse
576 1802 672 1865 uisum
688 1812 736 1865 est
750 1822 790 1865 en
808 1802 870 1865 ‘itia
885 1805 945 1866 re‘:
973 1825 1032 1867 non
1048 1824 1184 1890 repugno
1199 1816 1248 1871 ta-

119 1928 206 1983 men,
225 1928 282 1989 quo
298 1905 396 1968 minus
412 1902 586 1968 uocabulum
603 1905 755 1969 excidisse
770 1915 802 1968 et
817 1905 888 1967 baec
904 1905 988 1968 uerbi
1005 1927 1094 1971 causa
1111 1908 1154 1971 ita
1170 1910 1248 1973 aeni·

118 2020 168 2094 pta
184 2008 276 2073 fuisse
292 2009 468 2073 uideantur:
488 2009 548 2089 ‘qui
565 2008 595 2070 iu
611 2008 728 2071 illorum
744 2008 876 2090 pernicie
892 2009 947 2072 sibi
963 2011 1149 2074 confideret‘.
1182 2012 1248 2075 Ad·

117 2112 282 2199 iuuguutur
297 2111 389 2186 baec,
413 2121 446 2174 nt
467 2110 537 2172 mibi
560 2110 675 2191 quidem
697 2111 880 2175 emendanda
901 2111 966 2173 uisa
988 2122 1076 2174 sunt:
1104 2112 1245 2193 ‘deinde

119 2217 195 2299 quod
213 2216 341 2279 triennio
357 2216 387 2277 in
405 2213 508 2276 Africa
534 2232 606 2275 suos
628 2212 738 2275 milites
758 2212 976 2276 cousuetudine
991 2223 1126 2277 retentus
1141 2214 1248 2281 tideies

118 2318 175 2381 sibi
198 2319 257 2381 inm
282 2316 448 2391 effecisset,
480 2314 610 2377 munima
630 2324 729 2377 autem
753 2314 866 2378 auxilia
897 2315 1020 2380 baberet
1041 2313 1246 2383 Numidarum

119 2419 248 2501 equitum
265 2418 399 2499 leuisque
415 2427 597 2493 armaturae,
615 2427 772 2500 praeterea
788 2438 828 2480 ex
846 2419 912 2503 iuga
929 2418 1101 2503 proelioque
1116 2416 1247 2507 Pompe·
1290 2424 1298 2437 “

117 2520 188 2584 iano
205 2517 406 2603 [Labienus]‚
432 2540 505 2601 quos
525 2539 627 2581 secum
643 2540 660 2581 a
677 2516 838 2583 Brundisio
854 2530 1113 2604 transportauerat
1128 2523 1248 2607 equites

117 2620 287 2687 Germnnm
295 2620 459 2704 Gallosque
474 2621 573 2705 ibique
589 2634 692 2705 postes
707 2622 901 2707 exbybridis,
920 2623 1068 2689 libertinis
1084 2628 1246 2711 seruisque

116 2728 348 2810 conscripserat.
368 2735 552 2801 armauerat,
570 2724 612 2786 uti
629 2726 764 2787 frenatos
781 2725 1000 2790 constituerat'.
1046 2725 1175 2792 Labieni
1191 2750 1246 2795 uc-

117 2851 185 2893 men
207 2830 334 2892 deletum
357 2836 424 2890 erat
443 2827 474 2890 in
496 2828 542 2889 ed.
567 2824 647 2889 Ven.
674 2849 703 2890 n.
729 2825 831 2905 14823
863 2829 985 2892 reduxit
1012 2825 1246 2915 Oudendorpins

117 2952 222 2996 omnes
238 2933 468 2995 coddsecutus.
487 2925 547 2990 {nun
564 2930 655 2992 uuerbe
673 2938 840 3013 ‘praeterea
855 2950 893 2991 en
911 2929 1245 3017 iuga’cett.aanperiu-

116 3034 197 3099 ribos
213 3045 401 3117 separantur,
414 3044 444 3095 et
459 3033 697 3096 totaenuntintio
709 3032 749 3094 itu
764 3046 942 3097 enarratura
961 3030 1115 3096 Labienus
1127 3036 1245 3117 equites

116 3148 306 3210 armauernt‚
332 3154 405 3216 quos
428 3156 529 3198 secum
553 3146 809 3219 transportauerut
823 3135 922 3217 ibique
937 3147 1040 3218 postea
1056 3138 1246 3221 conscripse·

116 3239 186 3303 rat'.
218 3235 333 3299 Verum
350 3236 406 3299 boc
422 3238 511 3300 modo
535 3238 635 3322 inepte
650 3235 806 3301 Labienus
822 3258 864 3301 ex
880 3239 948 3321 iuga
964 3238 1136 3321 proelioque
1151 3236 1245 3303 Pen-

116 3342 222 3427 peiano
239 3340 354 3421 equites
370 3359 504 3403 armasse
520 3339 690 3403 diceretur:
709 3362 776 3403 nam
792 3342 920 3423 ‘equites
935 3362 974 3403 eu
986 3343 1053 3425 iuga
1069 3340 1245 3424 proelioque

117 3440 308 3525 Pompeiano'
316 3440 506 3525 interpretari
521 3462 579 3503 non
592 3462 759 3523 possumus,
777 3463 843 3505 cum
858 3442 972 3525 equites
989 3444 1019 3505 in
1036 3442 1245 3508 enuntiatione

116 3545 246 3609 relatiua
268 3543 356 3628 positi
381 3544 452 3606 siut.
499 3544 644 3627 Apertum
668 3556 715 3608 est
738 3545 830 3628 igitur
852 3545 924 3608 baec
948 3566 1013 3608 curn
1036 3543 1244 3627 superioribus

117 3648 217 3711 uerbis
233 3646 440 3729 coniungenda
455 3664 535 3722 csse,
553 3648 797 3728 quemadmodum
815 3647 884 3723 ieci,
902 3658 935 3709 nt
952 3645 1112 3710 ‘baberet'
1129 3646 1244 3732 cegita-

117 3751 198 3815 tione
214 3759 380 3833 reputator.
412 3746 489 3810 Tum
514 3758 615 3811 autem
639 3760 750 3813 certum
776 3759 821 3812 est
837 3747 966 3812 Lnbieni
982 3769 1091 3811 nomen
1109 3749 1157 3812 bic
1173 3748 1245 3832 peni

117 3874 176 3918 non
194 3872 293 3936 posse,
311 3872 377 3913 cum
392 3859 453 3913 tota
471 3849 544 3913 baec
560 3852 657 3915 oratio
673 3852 766 3936 ipsius
781 3849 908 3915 Labieni
925 3851 977 3915 sit.
1006 3851 1050 3913 At
1064 3870 1156 3934 snpra
1171 3870 1245 3915 cuu-

115 3959 231 4021 iectura
247 3964 359 4016 tantum
377 3951 480 4013 contisi
497 3949 662 4018 Labienum
685 3976 738 4039 pro
754 3952 826 4017 {uba
847 3955 1010 4037 posuimus.
1056 3948 1245 4017 Fecimuaid

116 4058 232 4143 quidem
249 4056 415 4119 certissima
432 4055 617 4119 coniectura.
650 4055 691 4120 Et
707 4068 825 4134 tamen,
852 4056 969 4119 etiamsi
992 4054 1148 4138 superiora
1164 4054 1244 4119 atine

116 4164 231 4226 locutus
247 4171 348 4236 esset,
374 4158 421 4222 iric
437 4155 564 4221 Labieni
588 4180 694 4223 nomen
717 4170 800 4223 certe
815 4168 882 4241 post
897 4157 1057 4220 retatiumn
1073 4158 1243 4240 ponendum
