2692 4688
481 184 805 252 ...122-

83 365 138 447 66,
156 364 174 429 1
194 366 332 450 ‘imperat
345 371 431 446 ports
446 359 609 424 decumana
625 357 760 442 legiones
775 378 811 422 se
823 368 984 423 ueteranas
999 358 1107 441 seqni'.
1134 356 1213 442 Qui-

83 469 140 533 bus
155 479 253 532 sutem
275 465 350 529 locis
373 462 564 528 aecusatiuus
587 480 653 524 eum
676 461 777 525 setino
799 460 948 525 inlinitiuo
971 460 1107 546 ponitur,
1132 463 1212 542 apud

85 567 177 636 Caes.
195 570 224 633 b.
242 562 462 644 ciu.111,ts‚
485 563 508 629 2
529 571 579 627 ‘eo
594 574 707 647 purtem
725 563 845 627 nauium
860 564 1016 649 longorum
1032 564 1213 641 conuenire,

85 675 266 737 frumentum
283 678 537 749 commentumque
553 666 732 748 comportari
748 666 889 750 imperst'
913 677 944 731 et
964 667 993 730 b.
1011 666 1080 730 sn.
1105 666 1166 746 ll,
1191 667 1216 734 2

88 777 139 840 ‘de
152 773 279 839 nauibus
294 772 422 857 imperet
437 789 540 833 omncs
556 768 659 853 egredi
673 779 762 851 stquc
777 779 909 833 armatos
920 769 951 832 in
967 769 1070 832 littore
1077 770 1215 853 reliquos

87 877 283 943 aduenientes
298 874 409 936 milites
430 870 622 954 expeotsre’‚
647 889 700 934 eos
715 871 758 935 ita
772 884 962 955 comparatos
977 892 1047 936 csso
1060 872 1213 953 uidemus,

87 989 121 1043 ut
134 979 214 1042 alter
228 975 415 1052 infinitiuus‚
444 973 494 1056 qui
516 972 666 1056 pnssiunnr
688 973 812 1037 lormam
829 974 935 1051 habet,
967 975 1137 1060 proximu·
1157 976 1216 1039 im·

87 1080 209 1165 persndi
225 1078 318 1142 uerbo
333 1078 429 1141 loenm
445 1085 567 1153 teneat,
591 1075 708 1139 antinus
730 1076 921 1162 neglegentia
941 1077 1068 1160 quadam
1084 1077 1216 1161 scripto·

87 1184 130 1248 ris
145 1192 275 1268 ponatur
289 1191 343 1244 aut
361 1179 413 1243 illo
436 1177 528 1241 nerto
549 1194 584 1241 sc
605 1198 729 1241 usurum
752 1200 813 1242 non
835 1179 1036 1264 praeuidentia
1057 1190 1111 1243 aut
1125 1198 1214 1243 usam

88 1304 232 1349 essenon
248 1282 442 1348 attendentis.
489 1276 633 1345 Ceterum
648 1282 727 1364 quod
742 1283 818 1367 apud
834 1281 967 1346 Hirtium
991 1280 1214 1365 ‘equitatuque'

88 1388 187 1472 posui,
204 1388 336 1450 datiuum
351 1404 399 1448 me
414 1383 547 1466 intellegi
564 1383 642 1448 uelle
659 1385 713 1449 nix
728 1396 786 1461 est,
803 1387 881 1467 qnod
896 1404 1046 1448 moneam.

175 1485 214 1554 C.
232 1486 293 1565 28,
315 1487 337 1549 2
359 1488 432 1550 hacc
454 1485 638 1549 edebanturs
665 1482 779 1551 ‘Cuius
795 1488 962 1571 praeceptis
978 1497 1011 1550 ut
1024 1506 1076 1551 res
1090 1506 1218 1571 geresa-

90 1601 158 1667 tnr,
181 1586 220 1672 Q.
237 1590 327 1654 Atius
344 1588 446 1656 Vnrus
471 1590 639 1672 praelectus
661 1590 810 1672 equitum,
833 1589 995 1675 singularis
1017 1600 1050 1653 ot
1069 1588 1161 1654 animi
1184 1598 1218 1655 ct

90 1693 267 1777 prudentiae
283 1692 349 1769 uir,
374 1712 446 1756 snos
471 1691 610 1755 hortatur
631 1712 796 1776 agmenque
812 1691 942 1755 hostium
957 1702 1137 1757 consecutus
1152 1703 1219 1757 tna·-

90 1814 155 1859 ruas
171 1796 277 1880 partim
300 1795 416 1858 idoneis
437 1793 513 1857 locis
529 1794 677 1878 disponit,
701 1795 808 1878 partim
825 1794 958 1876 equitnm
973 1794 1117 1879 proelium
1134 1814 1219 1859 conn-

91 1898 205 1961 mittit‘.
237 1897 296 1961 Hie
311 1907 448 1961 extrema
463 1915 529 1959 eam
545 1907 660 1960 tantum
676 1896 858 1961 sententiam
873 1896 1051 1974 admittunt,
1068 1906 1101 1959 ut
1113 1893 1219 1962 Vana

91 2011 230 2082 equestre
246 2000 390 2082 proelium
407 1998 594 2062 commisisse
609 1998 737 2063 dicatur.
769 1995 804 2061 ld
827 2009 927 2062 antem
948 2009 981 2063 ct
999 1999 1099 2084 putide
1114 1998 1219 2063 admo·

92 2101 161 2165 dum
177 2101 365 2177 declaratur,
391 2123 457 2165 enm
482 2101 578 2165 nullos
600 2102 701 2187 copias
716 2100 774 2163 nisi
789 2110 947 2183 equestres
961 2123 1064 2166 secum
1079 2101 1218 2178 habent,

91 2307 199 2393 purtim
215 2308 331 2373 idoneis
347 2308 421 2372 locis
437 2306 580 2390 disponit,
598 2317 682 2391 porto
698 2307 831 2394 equitum
846 2307 990 2389 proelium
1006 2306 1188 2371 committit‘.

180 2407 219 2473 C.
237 2409 289 2486 42,
312 2410 332 2473 4
348 2412 379 2474 in
397 2410 510 2473 ‘multis
525 2409 624 2473 oodd.‘
641 2406 722 2475 oon.
738 2409 780 2471 ita
796 2411 940 2492 scriptum
956 2419 1021 2473 est:
1046 2406 1122 2472 ‘Res
1137 2408 1219 2473 enim

94 2511 258 2596 gerebatur
272 2521 303 2573 et
316 2512 441 2576 excelso
457 2513 524 2575 loeo
541 2512 618 2573 etin
632 2520 794 2594 conspectu
809 2512 964 2575 exereitus
980 2512 1088 2575 nostri.
1120 2509 1166 2575 ltu
1186 2522 1222 2576 ιιι

94 2615 219 2698 quisque
241 2623 359 2697 poterat
379 2614 510 2677 maxime
532 2612 677 2695 insignis,
702 2633 761 2695 quo
783 2613 884 2677 notior
905 2614 1101 2697 testatiorque
1122 2614 1220 2679 uirtus

94 2725 178 2779 esset
192 2715 276 2793 eins,
301 2715 368 2780 telis
392 2714 521 2779 hostium
545 2715 739 2797 flammaeque
761 2736 797 2780 sa
819 2714 995 2796 odercbnt'q
1018 2717 1051 2779 in
1072 2714 1144 2780 Par.
1169 2736 1217 2801 pr.

94 2828 126 2883 ct
141 2817 223 2883 ‘sex'
244 2818 330 2882 codd.
349 2815 556 2903 Oudendorpii
573 2818 626 2881 ‘ut’
642 2827 714 2883 onte
730 2817 889 2901 ‘quisque'‚
907 2819 938 2882 in
953 2816 1044 2904 Egm.
1071 2816 1220 2903 ‘poterat’

95 2923 241 2987 omissum
256 2932 313 2985 est.
346 2917 522 3004 interpolati
538 2922 682 2986 haetenus
698 2921 890 3006 discrepant,
914 2921 991 3005 qnod
1006 2921 1092 2985 iniis
1107 2920 1221 3005 legitan·

96 3025 153 3089 ‘ita
175 3046 261 3109 quom
286 3022 434 3106 quisqnc’.
468 3019 680 3088 ‘Offerebam'
697 3046 739 3088 cx
759 3024 861 3109 paucis
884 3024 1085 3089 deterioribus
1106 3023 1219 3090 editur.

95 3125 155 3193 Sed
174 3129 307 3193 codicum
323 3127 472 3209 scriptura
487 3137 590 3210 sparte
606 3128 680 3191 laiss
695 3137 753 3190 cst.
793 3129 854 3189 Aut
869 3126 948 3190 cuim
975 3127 1131 3190 dicendum
1152 3136 1223 3191 erat

98 3237 153 3293 ‘ut
167 3231 292 3312 quisque
308 3240 426 3314 poterat
440 3231 571 3296 maxime
586 3230 761 3316 insigniter,
787 3229 855 3292 telis
871 3250 905 3292 se
919 3228 1088 3306 offerebas,
1105 3242 1156 3292 aut
1174 3237 1221 3293 ‘nt

96 3327 1222 3416 quisquepotcrst‚maximeiusignemtelisseollerebst’.Secundum‘scx‘

96 3435 183 3496 codd.
195 3432 290 3508 out,
308 3435 469 3515 iuterqnos
486 3437 613 3519 optimos
625 3455 692 3498 esse
708 3454 874 3497 consensus
885 3431 956 3497 Par.
967 3456 1012 3517 pr.
1031 3436 1129 3511 docet,
1148 3434 1224 3499 haas

95 3535 138 3598 ito
153 3534 327 3599 emendaniz
347 3534 404 3598 ‘lto
420 3536 558 3619 quisque,
574 3547 682 3599 uterst
692 3537 822 3598 maxime
838 3537 978 3620 insignis,
995 3558 1053 3620 qno
1067 3536 1224 3600 notiorte·

97 3637 264 3720 statiorqne
272 3639 369 3701 uirtus
378 3650 461 3702 esset
475 3641 553 3718 cius,
572 3641 640 3703 telis
655 3640 782 3703 bostium
795 3639 989 3722 llnmmnequc
1004 3660 1038 3705 ac
1053 3638 1223 3703 offerebat'.

183 3738 286 3803 Verbo
302 3761 331 3803 c.
348 3741 402 3814 48,
420 3741 440 3803 3
456 3742 496 3805 ito
514 3743 720 3807 constituenda
736 3740 929 3805 existimaui:
950 3741 1140 3806 ‘Nouissime
1154 3760 1224 3805 cnm

100 3840 308 3906 uehementius
339 3844 590 3918 contenduntur,
624 3866 660 3908 so
685 3841 857 3909 Volusenus
887 3846 981 3929 ipsius
1012 3843 1226 3927 intercipiendi

100 3938 229 4007 Commii
246 3945 407 4028 eupiditate
423 3947 605 4029 pertinacius
618 3967 685 4011 eum
699 3968 765 4011 oum
781 3949 882 4031 paneis
894 3951 1048 4012 insecutus
1064 3957 1157 4025 esset,
1174 3946 1227 4011 itte

98 4058 198 4111 nutem
220 4048 291 4132 iuga
311 4048 480 4113 uehementi
502 4046 688 4114 Volusenum
710 4051 901 4136 produxisset
925 4051 1063 4135 longius,
1086 4048 1227 4113 inimicas

98 4149 213 4214 homini
228 4171 351 4214 snorum
367 4153 491 4215 innonat
505 4152 591 4217 fidem
611 4164 701 4236 atque
716 4155 881 4232 auxilinm,
907 4176 946 4218 ne
960 4174 1017 4217 sua
1030 4153 1159 4216 uulnera
1173 4168 1228 4234 per

102 4253 189 4319 ddcm
204 4253 344 4339 imposita
359 4265 536 4339 poterentur
549 4255 705 4341 impunita,
722 4276 931 4342 conuersoqna
945 4278 1023 4341 equo
1035 4277 1070 4322 se
1084 4276 1104 4320 a
1118 4254 1229 4320 octcais
