2692 4688
494 185 818 254 ...203-

92 363 240 428 dellexurn
255 372 320 439 est,
338 361 463 444 primum
478 359 548 422 iude
570 358 704 423 auerbis
729 359 793 422 ‘bis
808 358 932 441 copiis'‚
957 379 1033 441 quse
1055 361 1218 424 secundom

91 464 209 528 initiunt
226 464 295 526 ‘bac
308 484 362 546 spe
375 471 465 547 atque
480 461 605 525 audacia
621 462 821 525 inflammatus
836 456 1006 524 Labienos’
1029 463 1112 545 sequi
1129 463 1221 526 debc-

92 564 142 629 bat
159 565 359 643 ‘decertauit'3
377 586 482 629 uerum
498 563 656 629 interiecta
672 573 743 626 suut
758 563 848 626 baec:
868 570 948 646 ‘post
962 562 1039 626 diern
1057 561 1112 641 vl,
1129 585 1219 647 quam

91 668 226 732 Africam
242 668 362 752 attigit',
380 668 465 750 qnasi
481 677 658 749 sequeretur
674 661 802 728 ‘Caesar
818 665 1007 743 decertauit'‚
1024 667 1077 729 sed
1094 687 1129 729 ea
1146 689 1221 751 quo-

92 791 151 853 que
168 772 261 834 torma
277 771 382 832 relicta
399 780 548 853 postremo
564 768 683 850 ponitur
700 769 894 830 ‘decertatum
911 770 979 830 est'.
1012 765 1099 850 Quod
1115 782 1219 835 antem

92 872 123 935 in
138 872 226 935 codd.
243 873 353 954 legitur
371 881 449 956 ‘post
464 873 540 935 diens
557 867 613 947 ΙΙΙ,
631 892 717 951 quam
733 870 866 934 Africam
883 870 1010 954 astigis,
1028 883 1111 936 recte
1127 868 1221 937 Ciac·

92 975 196 1037 conius
212 975 288 1036 diem
304 984 423 1037 sextum
439 974 606 1055 ponendum
623 973 776 1036 iudicauit.
808 970 888 1034 Nam
905 993 946 1035 ex
960 994 988 1035 c.
1008 971 1044 1051 1,
1067 973 1220 1041 2scimus

92 1072 275 1152 Caesarem,
304 1097 369 1139 cum
386 1097 414 1138 n.
433 1076 462 1138 d.
480 1073 526 1139 Vl
543 1071 610 1138 Cal.
628 1072 695 1138 lan.
713 1073 852 1159 Lilybaei
869 1094 961 1138 naues
978 1076 1218 1155 conscendisset,

91 1189 159 1262 post
182 1179 258 1241 diens
274 1189 411 1261 quactum
427 1179 457 1241 in
474 1189 663 1260 conspectum
682 1178 802 1240 Africae
819 1177 957 1252 uenisse,
983 1178 1039 1240 boc
1062 1191 1106 1241 est
1130 1199 1161 1242 ι.
1185 1179 1217 1244 d.

91 1277 139 1344 ΙΙΙ
155 1276 222 1343 Cal.
241 1277 306 1344 lan.
339 1280 386 1343 Ab
402 1303 438 1344 eo
461 1280 553 1367 igitur
567 1281 614 1344 die
630 1302 724 1362 usque
740 1279 832 1362 pridie
848 1277 931 1341 Non.
949 1275 1012 1343 lan.
1032 1301 1092 1343 non
1107 1281 1220 1345 tertius

92 1382 157 1446 dies
173 1393 258 1460 erat,
274 1385 326 1447 sed
343 1392 461 1446 sextus.
495 1380 634 1465 imperite
655 1384 691 1446 de
708 1384 762 1445 bae
777 1402 811 1444 re
826 1381 971 1444 dubitauit
986 1378 1220 1467 Oudendorpins

92 1485 257 1567 statuitque
273 1485 367 1569 pridie
390 1485 506 1546 demum
523 1482 591 1547 Cal.
609 1481 673 1546 lan.
691 1480 854 1547 Caesarem
870 1484 900 1546 in
925 1494 1035 1547 terram
1059 1504 1219 1569 egressum

92 1608 177 1663 esse,
200 1587 306 1650 deinde
322 1598 427 1650 contra
443 1585 646 1649 Rornanorum
663 1588 909 1651 consuetudinem
925 1598 1107 1671 postremum
1123 1587 1217 1667 diem,

91 1691 185 1775 pridie
200 1688 284 1753 Non.
302 1685 383 1767 lam,
400 1699 611 1752 connumerat
629 1709 725 1772 neque
741 1700 837 1753 tamen
853 1690 986 1766 batres,
1005 1690 1057 1754 sed
1074 1700 1221 1773 quattuor

91 1794 156 1858 dies
171 1791 273 1856 edicit.
306 1789 419 1855 Verum
436 1791 539 1854 endem
556 1791 621 1868 die,
647 1813 704 1873 qno
726 1793 756 1854 in
772 1802 963 1875 conspectum
979 1792 1102 1855 Africae
1118 1792 1218 1867 uenit,

92 1915 248 1980 egressum
265 1914 331 1957 esse
348 1890 532 1967 Caesarem,
550 1912 591 1955 ex
606 1896 723 1956 ratione
738 1895 919 1977 reliquorum
936 1896 1070 1972 dierum,
1093 1895 1145 1977 qui
1160 1914 1218 1958 no·

92 1998 145 2061 tati
162 2008 244 2073 sunt,
262 2006 375 2059 certum
393 2005 450 2058 est.
482 1990 560 2058 Cum
576 1995 654 2057 enirn
671 1997 771 2078 copias
787 1999 823 2061 ad
840 2000 1035 2061 Adrumetum
1056 1996 1218 2081 exposuis-

91 2110 157 2177 set,
182 2100 222 2163 ibi
246 2121 303 2162 una
319 2107 406 2162 nocte
422 2109 510 2180 atque
526 2099 573 2161 die
591 2099 645 2162 luit
660 2100 712 2177 (5,
740 2097 783 2180 l).
817 2097 863 2163 lta
884 2101 962 2163 enim
984 2100 1055 2162 dicit
1069 2099 1216 2183 scriptor,

90 2223 151 2266 noo
167 2224 227 2265 urso
242 2202 290 2265 die
305 2211 336 2265 et
352 2211 451 2275 nocte,
470 2212 503 2263 ut
518 2199 746 2284 Oudendorpius
762 2204 866 2265 relect.
891 2199 942 2265 Ex
959 2201 1009 2266 illo
1026 2201 1132 2264 ordine
1147 2220 1218 2284 per·

89 2305 212 2389 spicitor
226 2315 344 2367 noctem
360 2323 429 2367 esse
443 2303 575 2367 eiusdem
592 2304 661 2381 dici,
680 2325 738 2386 quo
754 2324 895 2385 egressus
911 2315 995 2381 erat,
1021 2304 1098 2366 diens
1114 2313 1217 2367 sumn

91 2429 132 2471 ex
146 2406 360 2470 consuetudine
377 2426 429 2489 pro
446 2404 492 2466 die
508 2425 542 2467 ao
558 2417 646 2468 nocte
662 2406 742 2489 poni.
774 2403 847 2467 lnde
863 2408 955 2468 mouit
977 2414 1008 2468 et
1031 2408 1135 2469 eodem
1151 2406 1214 2482 dic,

90 2531 148 2591 quo
164 2518 314 2579 mouerat,
338 2505 501 2589 Ruspinam
518 2507 670 2589 peruenit,
687 2509 735 2590 qui
752 2509 816 2571 dies
833 2509 887 2570 luit
903 2504 970 2572 Cal.
988 2506 1055 2571 lan.
1074 2506 1134 2585 (6,
1156 2507 1213 2591 R).

90 2612 131 2674 Α.
149 2610 178 2673 d.
198 2605 240 2671 lV
256 2607 339 2671 Non.
359 2605 423 2670 lan.
442 2630 458 2671 a
474 2607 609 2694 Ruspina
624 2608 745 2695 Leptim
768 2612 919 2694 proiectus
943 2621 989 2673 est
1012 2621 1042 2674 et
1056 2607 1103 2674 ΙΙΙ
1123 2607 1212 2675 Non.

88 2712 253 2796 Ruspinam
271 2711 359 2774 rediit
375 2708 422 2792 (9,
437 2711 481 2789 l).
507 2709 571 2774 Sub
589 2733 744 2796 uesperum
761 2715 824 2776 eius
841 2714 899 2777 diei
916 2734 1008 2777 naues
1024 2713 1213 2790 conscendit,

89 2825 122 2881 ut
136 2817 199 2880 suis
215 2815 359 2890 nauibus,
377 2834 452 2896 quae
469 2815 677 2890 deerrassent‚
695 2826 887 2879 succurreret
902 2813 984 2896 (10,
1002 2815 1061 2897 2),
1085 2835 1214 2899 cumque

88 2930 206 2983 noctem
223 2920 255 2982 in
271 2917 396 2980 nauibus
411 2917 663 2999 consumpsisset,
681 2919 735 2979 sub
752 2919 846 2981 lucem
864 2940 976 2996 naues,
1001 2919 1036 2982 de
1052 2918 1160 3000 quibas
1175 2918 1215 2982 tt·

88 3021 198 3095 mebat,
215 3018 499 3097 aduenerunt<11‚
526 3019 577 3100 l).
609 3016 713 3101 ltaque
729 3020 868 3084 militibus
885 3022 1031 3104 expositis
1048 3023 1214 3086 frumenta·

87 3135 148 3187 tuns
166 3129 317 3208 protectus
333 3134 390 3199 cst,
407 3121 438 3185 in
452 3143 546 3204 eoque
558 3122 665 3187 itinere
677 3124 732 3186 boo
744 3125 899 3207 proelium,
918 3125 1024 3205 dequo
1039 3145 1066 3185 c.
1083 3121 1213 3187 tt-tb

86 3229 228 3300 retertur,
247 3225 366 3287 accidit.
400 3221 465 3287 Sex
480 3225 573 3306 igitur
587 3224 651 3288 dies
668 3238 807 3289 accurate
824 3236 943 3290 notatos
959 3226 1113 3292 babemus.

171 3323 210 3390 C.
228 3326 282 3403 26,
299 3324 377 3389 tica
393 3324 554 3390 edebatur:
582 3324 722 3390 ‘interim
739 3328 853 3391 nobiles
870 3329 1004 3393 homines
1020 3351 1061 3393 ex
1076 3330 1141 3394 suis
1157 3352 1211 3416 op-

85 3431 160 3515 pidis
176 3431 332 3512 perfugere
350 3437 381 3490 et
396 3428 426 3490 in
443 3438 541 3490 eastra
558 3425 700 3493 Caesaris
715 3431 857 3495 deuenire
872 3432 953 3496 etde
969 3432 1209 3497 aduersariorum

84 3534 151 3596 eius
167 3531 344 3594 crudelitate
366 3529 586 3614 acerbitateque
607 3552 839 3597 commemorare
855 3545 1029 3617 coeperunt.
1070 3531 1208 3616 Quorum

84 3634 215 3698 lacrimis
231 3633 427 3714 querellisque
444 3628 560 3697 Caesar
575 3648 758 3714 commotus,
784 3659 849 3699 curn
866 3648 953 3699 antes
971 3637 1162 3700 constitisset
1174 3639 1208 3701 in

83 3736 201 3799 statiuis
218 3735 339 3810 castris,
356 3745 470 3798 aestate
487 3736 561 3798 inita
576 3739 690 3800 cunetis
707 3740 799 3822 copiis
811 3740 991 3822 auxiliisque
1007 3740 1082 3803 actis
1098 3741 1207 3805 bellum

83 3858 148 3900 curn
164 3837 227 3898 suis
243 3836 424 3901 aduersariis
439 3857 546 3919 gerere
562 3840 712 3903 instituit'.
741 3839 800 3904 llic
816 3843 940 3923 priosum
960 3840 1057 3905 ‘actis’
1073 3842 1207 3926 ineptum

84 3951 131 4002 est
142 3939 353 4023 nequelegitnr
362 3938 419 4000 nisi
434 3939 462 3999 in
473 3941 670 4007 deterioribus
679 3945 780 4017 codd,
794 3942 920 4007 irrLeid.
933 3965 977 4027 pr.
990 3957 1037 4008 est
1048 3957 1207 4033 ‘aggrega-

82 4042 143 4121 tis’‚
158 4042 188 4105 in
199 4041 269 4105 Par.
281 4063 342 4105 sec.
352 4040 473 4107 etScal.
485 4046 605 4128 ‘agitis'.
620 4043 693 4108 lllud
705 4047 863 4110 temeraria
877 4048 1063 4111 correctione
1076 4048 1207 4132 positum

82 4165 148 4209 esse
165 4156 298 4229 apparet,
316 4169 357 4211 ex
373 4148 428 4211 boc
444 4144 583 4232 Scaliger
597 4159 679 4211 recte
694 4149 793 4212 effecit
806 4151 944 4213 ‘accitis'.
964 4150 993 4213 V
995 4171 1078 4214 ernnr
1092 4153 1117 4214 si
1127 4148 1206 4215 Cae·

81 4268 133 4312 sar
147 4249 262 4311 cunctis
284 4251 377 4334 copiis
397 4251 577 4334 auxiliisque
599 4252 704 4315 accitis
727 4263 842 4317 aestate
866 4254 982 4316 demum
1006 4256 1079 4318 inita
1095 4254 1205 4319 bellum
