2692 4688
82 195 146 266 336
483 189 541 258 bn
563 187 711 258 ussto
730 185 923 258 obunco

141 365 251 443 ueriti,
274 385 399 448 morum
420 384 512 446 agros
528 373 738 442 nexaucrant,
762 382 920 427 remanere
941 382 976 426 se
998 359 1076 447 apud
1097 381 1165 424 eum
1182 360 1261 426 nelle

141 469 296 534 dixerunt.
327 465 384 531 His
401 463 520 530 Caesar
535 465 702 530 libertatem
718 466 881 529 concessit.

82 572 124 644 lb
224 568 407 635 Germanico
422 567 498 632 bello
513 569 650 632 conlecto
669 568 769 631 multis
786 567 822 631 tle
837 566 936 631 causis
951 561 1069 630 Caesar
1081 565 1190 629 statuit
1202 563 1262 630 sibi

139 674 279 740 Rhenum
296 691 364 735 esse
379 670 612 748 transeundum
631 691 756 754 quarum
768 668 1066 744 illaluitiustissima,
1083 668 1174 751 quob,
1192 688 1261 731 cnm

139 777 256 842 uideret
272 772 442 838 Germanos
458 781 517 835 tam
533 773 619 836 lacile
634 772 762 856 impelli,
780 782 811 835 ut
825 771 856 834 in
873 769 1001 836 Galliam
1018 771 1177 848 uenirent,
1193 769 1258 835 suis
1279 781 1297 834 t

140 898 259 963 quoque
274 877 364 941 rebus
379 896 432 940 eos
447 875 554 939 timere
568 875 681 952 uoluit,
705 896 772 938 oum
788 874 995 959 intellegerent
1011 884 1041 938 et
1056 893 1146 958 posse
1161 883 1195 937 et
1206 894 1263 938 an·

102 981 125 1047 2
140 982 212 1046 dere
226 978 325 1064 populi
340 976 470 1041 Romani
486 978 652 1041 exercitum
667 975 806 1041 Rhenum
823 977 966 1041 transire.
999 976 1141 1041 Accessit
1154 976 1259 1057 etiam,

140 1085 218 1168 quod
241 1082 294 1146 illa
315 1102 385 1164 pars
400 1080 549 1164 equitatus
569 1078 729 1164 Vsipetum
751 1091 782 1144 et
801 1078 1041 1155 Tencterorum,
1065 1098 1151 1161 quam
1166 1098 1263 1162 supra

140 1184 371 1250 commemoraui
393 1182 554 1268 praedandi
576 1183 834 1266 frumentandique
857 1202 947 1245 carisa
967 1178 1087 1244 Mosam
1110 1179 1260 1245 transisse

141 1309 237 1372 neque
252 1287 365 1371 proelio
381 1286 570 1363 interfuisse,
589 1295 657 1369 post
671 1286 771 1368 lugam
786 1305 905 1349 snorum
922 1304 957 1347 se
971 1293 1057 1346 trans
1071 1281 1213 1347 Rhenum
1226 1284 1262 1348 in
1284 1291 1309 1347 tt

104 1389 125 1455 3
140 1392 215 1456 bnes
224 1387 456 1471 Sugambrorum
471 1398 628 1471 receperat
642 1408 733 1471 seque
749 1409 813 1450 cum
830 1387 867 1450 iis
882 1385 1093 1449 coniunxerat.
1117 1383 1167 1448 At
1181 1404 1261 1468 qnos

140 1513 206 1555 cum
223 1488 339 1555 Caesar
355 1491 474 1552 nuntios
490 1489 640 1567 misisset,
659 1490 709 1572 qni
726 1490 932 1574 postularent,
949 1509 1022 1567 eos,
1046 1487 1097 1573 qni
1112 1487 1169 1553 sibi
1184 1484 1263 1553 Gal

104 1593 257 1675 lliaeqne
273 1591 380 1654 bellum
402 1591 596 1667 intulissent,
621 1590 679 1654 sibi
694 1591 857 1670 dederent,
880 1591 1121 1676 responderunta
1137 1586 1260 1673 -Popnli

140 1693 269 1759 Romani
285 1692 442 1777 imperium
457 1691 596 1755 Rhenum
612 1692 717 1756 linires
742 1693 769 1756 si
791 1715 825 1757 se
840 1694 936 1758 inuito
951 1691 1121 1758 Germanus
1136 1692 1170 1757 in
1184 1688 1261 1757 Gat-

139 1797 209 1861 liam
224 1796 356 1861 transire
372 1816 433 1857 non
448 1814 572 1877 aequum
589 1795 798 1873 existimaret,
815 1798 932 1860 cursui
947 1796 1105 1880 quicquam
1120 1812 1190 1860 esse
1203 1793 1262 1859 in·
1283 1805 1309 1859 tt

103 1897 124 1964 5
139 1899 213 1985 perii
229 1908 282 1963 aut
296 1897 452 1980 potestatis
470 1906 554 1959 hans
569 1895 709 1961 Rhenum
724 1897 910 1982 postularet?
924 1898 995 1963 Vbii
1011 1907 1123 1976 antem,
1140 1897 1190 1981 qni
1205 1896 1260 1963 nni

138 2022 179 2066 ex
192 1999 437 2064 Transrhenanis
452 1999 488 2062 ad
504 1995 667 2064 Caesarem
682 1999 799 2084 legatos
815 2002 976 2079 miserant,
1000 2001 1163 2065 amicitiam
1177 2000 1261 2065 iwe-

138 2114 220 2182 rant,
237 2102 356 2167 obsides
372 2101 532 2178 dederant,
550 2122 731 2187 magnopere
746 2103 891 2181 orabant,
915 2113 950 2167 ut
963 2103 1021 2167 sibi
1036 2103 1182 2168 auxilinm
1197 2102 1259 2168 ler-

102 2203 124 2270 ti
138 2215 197 2281 ret,
214 2205 291 2289 quotl
306 2204 443 2289 grauiter
456 2205 494 2269 ab
510 2201 621 2270 Saeuis
636 2215 862 2289 premerentor3
887 2206 947 2284 nel,
965 2205 991 2269 si
1005 2207 1036 2271 it
1049 2208 1150 2271 iacere
1164 2224 1259 2267 oeen-

138 2307 308 2394 patiunibus
335 2308 516 2392 reipublicae
544 2307 770 2392 prohiberetur,
805 2309 972 2372 exercitum
1006 2307 1091 2372 modu
1115 2303 1257 2370 Rhenum
1279 2315 1309 2371 ²(

137 2419 375 2495 transportaret:
404 2409 433 2472 it
449 2409 506 2473 sibi
522 2411 567 2472 od
580 2410 727 2473 auxilium
743 2431 885 2494 spemque
900 2409 1007 2492 reliqui
1023 2408 1164 2495 temporis
1178 2405 1257 2472 satis

101 2510 282 2576 7luturum.
326 2509 458 2574 Tantum
480 2530 548 2575 esso
571 2532 680 2575 nomen
701 2522 791 2595 atque
813 2512 984 2598 opinionem
1005 2513 1073 2577 eins
1100 2511 1257 2578 marciam

136 2611 293 2675 Ariouisto
315 2612 400 2694 pulso
423 2623 454 2676 et
476 2613 532 2676 boo
554 2615 718 2678 nouissimo
741 2616 856 2699 proelio
879 2618 959 2679 lacto
980 2615 1070 2679 etiam
1084 2615 1122 2679 stl
1137 2613 1258 2679 ultimas

138 2711 359 2779 Germanorum
375 2714 526 2796 nationes,
543 2718 587 2781 uti
602 2719 741 2803 opinione
756 2728 787 2781 et
801 2718 931 2781 amicitia
946 2715 1187 2803 populiRomani
1200 2716 1258 2781 tari

101 2815 123 2883 8
138 2838 206 2883 esse
221 2817 348 2903 possint.
378 2815 513 2883 Nauium
529 2842 665 2903 magnam
682 2822 796 2905 copiam
812 2820 848 2885 ad
863 2819 1129 2906 transportantlnm
1139 2818 1260 2884 exerci-
1279 2828 1309 2886 at

80 2919 121 2991 l'l
137 2931 199 2985 tum
214 2919 444 3005 pollicebantur.
461 2916 632 2988 Caesarhis
647 2924 684 2987 de
699 2924 811 3003 causis,
829 2921 1156 3007 qnascommemorani,
1172 2919 1259 2985 Rbe-

137 3044 208 3087 num
224 3024 356 3089 transire
371 3024 566 3105 decreueratq
591 3025 643 3090 secl
666 3025 793 3089 nauibus
813 3026 945 3089 transire
960 3043 1058 3108 neque
1071 3024 1146 3089 satis
1161 3034 1258 3113 tntnrq

137 3144 205 3190 essa
220 3126 433 3207 arbitrabatur,
450 3146 547 3211 neque
560 3148 634 3193 snae
649 3148 747 3212 neque
761 3128 860 3213 populi
874 3126 1004 3192 Romani
1019 3125 1172 3213 dignitatis
1186 3144 1259 3191 esse

101 3224 299 3292 hstatuehat.
337 3226 461 3313 ltaque,
478 3231 536 3294 etsi
551 3251 665 3296 summa
680 3230 834 3295 difficultas
850 3231 979 3296 faciendi
993 3230 1094 3316 pontis
1109 3248 1259 3315 propone-

243 3408 359 3474 tntiss.
463 3413 478 3463 l
492 3427 551 3462 esse
563 3426 616 3464 om.
629 3430 666 3465 m.
676 3429 721 3478 pr.
736 3415 760 3464 h.
865 3414 880 3463 5
894 3414 918 3464 in
932 3429 985 3465 om.
999 3412 1036 3463 11.
1158 3408 1259 3479 esan:

136 3493 266 3538 eterornsn
279 3487 304 3537 B
314 3488 384 3551 cm·
398 3486 602 3542 'l'cnetberornn
615 3491 685 3555 As,
700 3490 902 3543 Tenctherorum
907 3493 938 3559 j.
1035 3490 1210 3544 heremanni
1220 3490 1257 3545 A.

246 3562 275 3615 ll
297 3562 498 3625 Sugambrorum
515 3568 572 3618 AB
580 3568 635 3619 CB
644 3569 735 3633 Esar
751 3583 796 3635 sp.
817 3569 944 3620 Orestam
962 3567 1014 3633 Vr,
1033 3568 1051 3620 9
1059 3567 1187 3634 plerique
1203 3564 1259 3617 n·-

136 3642 278 3705 usmmps'
289 3645 316 3691 ct
326 3640 479 3706 Portcnsa'r,
496 3643 689 3708 Sigambrorum
703 3661 730 3696 u.
835 3644 880 3712 ils]
894 3645 1030 3713 populiss.
1156 3642 1190 3700 12
1201 3654 1261 3695 cn

136 3733 188 3768 am.
203 3732 232 3769 u.
337 3719 368 3772 lh
382 3723 518 3787 quicquam
531 3723 565 3774 B.
694 3724 725 3776 lb
737 3721 788 3774 Vbi
800 3723 834 3775 B.
975 3724 1006 3776 17
1019 3722 1121 3789 legatos
1133 3737 1188 3775 on.
1200 3720 1258 3789 01,

136 3801 201 3846 anta
212 3796 245 3847 sal
257 3796 395 3849 Caesarem
405 3805 488 3864 ponit
501 3802 526 3852 b.
667 3801 699 3854 ta
712 3818 726 3853 a
739 3801 833 3855 Sneuis
844 3803 910 3855 DE.
1049 3802 1083 3857 20
1097 3801 1259 3870 reipublicae

135 3885 152 3919 a
161 3871 286 3937 bedas,
307 3876 393 3940 populi
406 3875 514 3927 llomaoi
526 3879 552 3928 A
557 3878 643 3931 BCE
657 3879 773 3929 ‘ratcrt’.
905 3880 937 3933 2l
952 3879 984 3928 ml
997 3878 1142 3945 suppleuit
1150 3878 1255 3943 Aram,

135 3964 189 4001 om.
202 3950 228 4000 A
237 3950 291 4001 110
300 3950 544 4019 DEs‘plars'qua'.
648 3960 682 4011 22
696 3954 799 4024 nonen]
813 3956 879 4024 apud
893 3972 939 4008 eos
951 3955 1015 4007 add.
1028 3971 1046 4007 o
1055 3956 1118 4007 bed
1125 3972 1150 4009 c.

134 4025 192 4077 eins
205 4025 347 4092 exereitus]
360 4030 493 4080 exereitus
507 4031 613 4084 Romani
626 4049 643 4083 a
652 4034 744 4085 hodo.
849 4034 882 4089 23
894 4034 1031 4085 Ariouisto
1043 4048 1080 4085 m.
1092 4048 1137 4101 pr.
1150 4034 1185 4087 B.

136 4106 169 4161 2⁵
182 4105 216 4156 ul
229 4107 456 4172 transportandum
469 4106 585 4163 Rhenum
598 4112 742 4164 exereitum
756 4113 780 4164 b.
888 4112 923 4169 27
934 4118 1000 4163 sate
1013 4128 1096 4180 neqne
1108 4112 1173 4167 aad.
1188 4129 1217 4167 ss
1230 4114 1257 4169 h.

244 4182 367 4250 aspona
380 4201 438 4237 esse
451 4203 505 4238 om.
518 4188 576 4239 Bb.
743 4177 938 4245 arbitrabantur
948 4196 1097 4246 utacum.
1111 4193 1144 4245 B.

137 4261 170 4317 22
184 4260 298 4315 lactendi
309 4262 336 4313 A
344 4261 392 4329 (B)
402 4264 518 4331 ΟΜ]
526 4265 620 4334 ‘mss.‘,
634 4265 749 4319 laelandi
762 4284 790 4321 a.
