2692 4688
475 208 928 291 Commii-4⁰⁴4&-
1263 210 1328 283 stt

146 395 275 464 uterque
290 382 426 467 legiones
441 384 557 450 redueit
571 384 603 450 in
618 394 732 449 eastra.
762 381 812 449 Eo
824 382 914 449 biduo
930 378 1047 449 Cemar
1067 404 1134 447 euru
1159 384 1268 468 equiti·
1281 384 1325 471 ss

146 488 205 554 lius
226 496 355 564 occec,
383 506 459 568 quos
482 486 539 551 sibi
562 486 713 570 praesidio
734 486 916 570 reliquerat,
943 484 975 549 iu
997 496 1096 551 eastre
1117 488 1267 569 punenii.

145 587 243 667 Pons,
260 588 309 671 qui
327 590 610 673 luerattempeatate
624 589 823 671 interruptus,
841 607 935 671 paene
945 597 1013 653 erat
1026 588 1172 655 relectus:
1190 589 1269 655 hune
1305 622 1309 631 ·

148 702 237 761 noete
251 689 355 774 periei
370 689 469 753 iussit.
506 687 577 774 lpse
592 690 713 774 cognita
729 690 863 753 loeorum
880 699 987 753 naum
1003 688 1085 772 penti
1100 691 1304 775 uestrisque2

109 808 126 859 t
148 790 299 880 praesidio
314 812 373 857 sex
387 792 521 857 cohortis
535 791 657 875 reliquit
671 791 868 875 atqueomnin
882 791 1134 874 impedimentaet
1144 804 1269 877 postero

148 898 195 962 die
209 894 349 961 omnium
370 895 465 977 eopiia
489 893 597 978 tripliei
618 894 765 959 instrueta
787 894 854 959 aeia
874 894 911 961 ed
928 892 1055 959 llerdnm
1071 894 1269 976 proieiseitur
1304 968 1307 973 ,

146 1008 179 1063 et
191 997 248 1063 sule
263 997 373 1063 eastris
389 997 509 1061 Afranii
523 996 662 1063 consuete·
679 1007 712 1061 et
730 995 773 1063 ili
794 996 944 1079 paulisper
957 994 1013 1059 sub
1028 996 1121 1061 armis
1135 986 1269 1065 moratus

147 1100 338 1181 [unitaeque
359 1099 427 1163 loeo
450 1098 599 1183 pugnandi
620 1108 809 1180 potestatem.
843 1095 1001 1161 Potestate
1022 1097 1102 1163 laeta
1121 1099 1269 1169 Afranius
1298 1180 1301 1185 ¹

147 1201 250 1284 oopins
264 1200 365 1267 edueit
378 1211 408 1265 et
423 1201 455 1264 iu
470 1200 568 1265 medio
583 1199 660 1265 eollo
673 1200 728 1264 sub
743 1199 852 1264 eastris
867 1200 1038 1263 constituit.
1073 1194 1202 1280 Caesar,
1219 1201 1269 1267 eti
1282 1200 1303 1266 3

90 1311 125 1367 td
147 1301 291 1385 eognnuit
303 1322 359 1386 per
370 1300 530 1367 Afranium
546 1312 648 1379 sture,
671 1320 731 1383 qun
754 1301 852 1365 minua
867 1302 982 1383 proelio
997 1302 1207 1383 dimicaretur,
1229 1304 1268 1371 nl

148 1403 259 1469 induis
272 1403 422 1469 rudieibus
444 1403 556 1469 mentia
577 1403 760 1471 intermissis
779 1403 902 1467 eireiter
917 1404 1055 1486 passibus
1070 1416 1154 1470 cccc
1169 1416 1270 1471 eastra

148 1506 250 1571 faeere
257 1505 413 1571 eonstituit
428 1515 471 1582 et,
488 1525 527 1569 ue
541 1505 672 1588 inopere
687 1504 824 1571 leniendo
839 1504 950 1569 milites
963 1506 1121 1590 repentine
1137 1506 1303 1579 hostiensi

146 1607 271 1673 inrum
286 1617 519 1676 exterrerentur
529 1617 620 1690 atque
634 1624 727 1690 opere
739 1605 984 1689 prohiberemur,
1002 1608 1081 1673 unlle
1096 1608 1267 1677 munitius·
1286 1662 1290 1667 .

149 1709 219 1785 tuit,
234 1710 313 1792 quod
327 1709 461 1777 emisere
476 1720 507 1773 et
522 1709 624 1792 proeul
639 1709 734 1775 uideri
750 1728 875 1799 neeesse
889 1720 972 1785 erat‚·
984 1710 1038 1773 sed
1053 1730 1071 1773 a
1087 1711 1268 1777 ironteenn·

92 1820 125 1874 ts
148 1820 196 1875 tra
211 1809 327 1879 maten
343 1811 448 1895 udum
462 1820 513 1877 xv
526 1812 639 1876 lessam
655 1811 720 1877 fieri
734 1811 835 1876 iussit.
875 1808 979 1877 Prius
992 1822 1025 1875 et
1038 1812 1170 1877 seeundo
1185 1814 1268 1877 anien

147 1913 181 1977 iu
195 1912 308 1989 erutis,
324 1922 359 1977 et
371 1913 409 1976 alt
422 1912 508 1979 initio
522 1913 687 1979 eonstitute
702 1922 786 1991 erat,
804 1913 1016 1996 permnnelrnt3
1040 1923 1108 1997 pest
1123 1914 1178 1979 um
1192 1933 1269 1998 opus

148 2013 181 2078 in
197 2012 314 2079 oeeulte
327 2032 347 2079 e
361 2024 396 2079 tu
410 2014 476 2081 anie
492 2013 593 2079 debut.
624 2011 679 2079 sm
693 2034 783 2079 onrue
805 2015 887 2098 prius
910 2026 958 2081 est
972 2016 1154 2099 perfeetum,
1180 2016 1303 2101 quena5

148 2115 376 2201 intellegeretur
395 2115 433 2181 alr
455 2115 584 2181 Afranio
607 2126 706 2205 eastra
722 2116 843 2183 muniri.
890 2113 954 2181 suo
977 2138 1136 2200 uesperum
1152 2115 1305 2185 Caesarii

146 2217 231 2285 intre
244 2218 322 2285 uene
337 2218 447 2285 loseern
470 2219 606 2302 legiones
626 2218 746 2287 redueit
765 2229 855 2301 atque
875 2217 918 2281 iti
939 2218 995 2281 nub
1017 2218 1109 2281 armis
1131 2220 1270 2304 proxima

88 2330 125 2387 2⁰
147 2330 238 2387 noete
257 2320 456 2403 nonquieseit.
497 2318 627 2387 Postero
647 2321 698 2387 die
719 2340 836 2385 omnem
860 2320 1028 2385 exereitum
1049 2319 1130 2384 intra
1151 2320 1266 2385 lessam
1279 2320 1325 2393 42

149 2422 285 2489 mounes
297 2433 340 2501 et,
356 2424 434 2510 quod
449 2423 568 2508 lougius
583 2434 649 2489 erat
663 2443 757 2508 agger
770 2423 936 2507 petendus,
956 2421 986 2487 iu
1001 2422 1171 2506 praeseutia
1184 2422 1269 2489 riuni-

146 2523 207 2589 leru
221 2524 370 2591 radonem
387 2524 486 2608 operis
500 2527 633 2591 instituit
653 2527 830 2612 singulaque
845 2527 940 2590 latera
955 2536 1122 2592 eastrnnun
1137 2525 1267 2611 siugulis

146 2625 284 2693 attribuit
297 2626 466 2711 legionibus
489 2629 649 2693 munienda
671 2630 827 2712 lenesque
841 2630 880 2692 ad
895 2629 1017 2693 eandem
1035 2629 1270 2712 magnitudinem

146 2730 248 2813 periei
264 2728 366 2806 iulet3
389 2729 522 2813 reliquus
545 2729 680 2815 legiones
700 2731 733 2795 in
753 2731 846 2795 mmis
861 2730 1017 2815 expeditas
1031 2741 1137 2795 eontra
1152 2730 1269 2795 lunsteun

90 2840 125 2894 st
148 2830 315 2897 eonstituit.
346 2828 493 2897 Atmnim
508 2829 707 2916 Petreiusque
729 2834 861 2898 terrendi
888 2852 979 2897 eausa
994 2842 1085 2913 atque
1100 2832 1199 2914 operis
1214 2832 1305 2895 iun-2

147 2932 286 3017 pedientli
301 2933 404 3016 eopian
417 2954 490 2999 suaa
506 2936 542 2999 ad
564 2934 681 3001 infimas
696 2936 807 3001 montis
823 2935 940 3001 radiees
957 2934 1121 3017 produeuut
1136 2942 1168 2995 et
1181 2952 1269 3015 pree·

148 3034 191 3099 lio
204 3034 375 3113 lacessunt,
391 3054 489 3118 neque
503 3036 616 3103 ideireo
630 3035 749 3105 Cnesnr
763 3057 837 3120 opus
852 3036 1025 3101 intermittit
1038 3035 1167 3098 eonfisus
1182 3053 1269 3119 prae·
1284 3032 1304 3098 3

149 3136 226 3201 sidio
240 3137 390 3222 legionum
407 3138 496 3201 trium
512 3148 544 3201 et
558 3140 721 3202 munitione
738 3140 847 3202 iussae.
890 3133 937 3201 llli
953 3158 1013 3200 non
1029 3137 1078 3200 diu
1095 3136 1268 3200 commorati
1283 3136 1305 3201 4

150 3257 207 3301 nee
227 3237 347 3322 lougius
369 3238 407 3303 ab
428 3240 530 3305 inimo
553 3241 632 3306 nolle
653 3240 805 3325 progressi
829 3238 930 3324 eopiao
945 3240 976 3303 in
992 3250 1092 3305 eastra
1107 3240 1265 3305 reducunt.

89 3349 124 3402 3⁰
147 3338 257 3405 Tertio
272 3341 320 3405 die
336 3335 453 3405 Caesar
468 3343 548 3406 uullo
562 3353 664 3407 eastre
679 3344 859 3418 eommunit3
879 3342 1008 3425 reliquas
1023 3342 1175 3417 eohortes‚
1192 3361 1269 3424 quas
1284 3340 1303 3405 5

147 3440 181 3504 in
196 3443 398 3525 superioribus
414 3444 524 3508 eastris
544 3444 725 3528 reliqueret,
749 3445 1016 3528 impedimentaque
1039 3443 1076 3507 nd
1096 3462 1131 3506 so
1153 3442 1267 3506 trudnei

255 3579 336 3635 hibi
347 3581 447 3642 Aldus,
461 3580 497 3631 ili
509 3581 586 3632 ned.
696 3582 713 3634 d
726 3596 791 3648 pene
803 3596 829 3633 u.
948 3583 964 3633 l
978 3588 1052 3631 noete
1065 3581 1132 3643 ede,
1148 3587 1225 3631 noete
1238 3595 1267 3633 u.

255 3656 273 3707 ὅ
285 3671 318 3707 ex
330 3658 443 3708 solertis
456 3674 482 3721 n,
498 3674 513 3708 x
527 3659 642 3708 soltertis
656 3659 680 3709 d.
844 3658 954 3725 reliquid
967 3673 985 3708 a
997 3662 1026 3708 et
1036 3657 1144 3723 reliquit
1156 3658 1231 3709 ‘seren
1242 3657 1269 3713 θ’

147 3730 208 3783 edd·
220 3736 288 3784 unte
302 3732 401 3784 Gradu.
413 3740 528 3799 praeter
539 3734 648 3798 Stepd„
663 3735 789 3800 relinquit
799 3734 890 3800 Stepd.
906 3734 1007 3787 Grues.
1020 3746 1048 3783 u.
1176 3732 1269 3785 dante

148 3810 267 3862 amnibus
280 3811 343 3862 odd.
359 3828 415 3863 eum
430 3815 456 3865 t·
563 3815 595 3871 lu
607 3830 719 3880 perone
733 3830 750 3864 n
765 3816 837 3864 ‘urse
853 3813 888 3866 δ’.
996 3813 1024 3866 ll
1039 3811 1147 3864 infirmis
1159 3828 1186 3864 a.

150 3888 182 3943 li
195 3888 316 3940 lemnado
328 3891 378 3953 nd,
393 3907 447 3942 non
461 3891 593 3942 laniendo.
731 3893 762 3945 ld
776 3893 945 3958 prohibentur
956 3908 984 3944 n.
1112 3894 1204 3945 utetuit
1215 3908 1232 3947 u
1242 3895 1267 3947 b.

258 3969 290 4020 tt
303 3977 395 4020 centra
407 3971 505 4034 Aldus,
520 3978 606 4021 eastra
620 3978 711 4020 eontra
725 3985 742 4020 u
756 3971 831 4020 ‘men
842 3971 985 4037 pleriqus'.
1104 3970 1135 4022 16
1149 3978 1209 4036 post
1219 3972 1268 4023 lton

147 4045 173 4097 l.
279 4046 500 4113 llarur]xurull.
606 4047 757 4114 ldCuesur]
772 4054 1049 4101 cenomannicum.
1152 4050 1269 4116 ilpran-

147 4123 259 4173 sentiam
271 4123 318 4174 ie.
457 4128 490 4183 25
504 4124 692 4191 Petroniusque
703 4131 768 4177 unte
779 4140 850 4178 eurr.
864 4141 892 4177 e.
1018 4125 1118 4177 terendi
1132 4141 1159 4175 n.

147 4199 180 4253 2⁶
193 4215 255 4251 suas
269 4201 358 4267 eopins
371 4203 397 4253 ὁ.
497 4202 531 4255 27
543 4202 682 4253 intermisit
691 4217 714 4253 r.
820 4204 854 4257 tt
866 4203 966 4255 indrmn
978 4208 1159 4255 nutrcem.

147 4276 181 4327 30
194 4292 258 4344 qens
271 4293 325 4329 om.
340 4294 367 4328 o.

1053 4356 1118 4420 33·
