2692 4688
85 188 152 257 324
481 186 539 254 DE
562 185 707 256 tutto
729 185 922 257 caturco

141 361 244 449 gentia
258 368 429 424 nostrorum
443 359 518 424 nihil
533 359 580 425 his
594 359 684 426 rebus
699 362 801 446 profici
817 381 905 444 posse
919 358 1156 440 intellexerunt,
1178 360 1263 445 legs·

142 475 191 528 tos
207 464 242 528 ad
258 457 403 545 Crassum
425 463 548 528 mittunt
566 484 659 547 seque
680 464 712 527 iu
734 464 915 527 deditionem
930 473 963 526 ut
976 462 1120 547 recipiat,
1144 473 1261 547 petunt.

85 565 130 638 22
144 562 212 648 Qua
227 586 261 630 re
276 565 434 650 impetrata
450 586 532 629 arma
550 565 668 630 tradere
682 565 755 629 iussi
772 566 896 629 iaciunt.
915 565 1015 649 Atque
1030 565 1060 627 iu
1077 585 1112 629 ea
1124 563 1264 628 reomni·

141 689 191 733 um
207 677 380 731 nostrorum
394 667 518 732 intentis
534 668 640 732 animis
656 668 716 731 alia
730 690 771 732 ex
786 679 871 751 parte
886 668 983 752 oppidi
992 669 1195 742 Adiatunnus,
1212 666 1265 751 qui

140 791 286 836 summam
300 770 417 854 imperii
432 769 570 845 tenebat,
594 792 661 835 cum
676 782 719 834 Dc
734 771 871 849 deuotis,
894 791 969 853 quos
984 770 1026 834 illi
1041 769 1192 833 sottorioo
1208 789 1261 854 ap·
1283 780 1299 833 t

104 872 127 940 2
140 875 270 960 peltant,
295 893 420 956 quorum
436 872 511 938 haec
526 883 574 937 est
588 873 743 953 condicio,
767 885 801 937 ut
822 873 959 938 omnibus
974 872 1006 935 in
1022 873 1084 935 uita
1099 871 1264 937 commodis

139 996 201 1040 una
215 997 282 1039 cum
296 975 335 1039 iis
350 977 500 1055 fruantur,
517 996 643 1058 quorum
658 996 693 1039 se
708 975 857 1040 amicitiae
873 975 1059 1053 dediderint,
1086 974 1114 1038 si
1129 975 1200 1061 quid
1215 974 1263 1039 his

141 1098 197 1165 per
210 1079 270 1142 uim
286 1079 422 1157 accidat,
447 1088 500 1142 aut
521 1078 648 1142 eundem
670 1100 772 1142 casum
794 1100 852 1142 una
876 1081 975 1143 ferant
996 1087 1048 1140 aut
1062 1075 1120 1141 sibi
1135 1087 1263 1141 mortem

106 1178 127 1246 3
141 1182 352 1260 consciscant3
370 1203 465 1265 neque
478 1181 574 1245 adhuc
583 1181 734 1245 hominum
742 1183 883 1246 memoria
892 1191 1029 1265 repertus
1038 1180 1260 1263 estquisquam,

140 1283 244 1368 quiec
259 1284 438 1363 interiecto,
464 1284 549 1347 cuius
564 1305 597 1347 sc
613 1284 762 1349 amicitiae
778 1285 970 1361 deuouisset,
995 1282 1070 1346 mori
1085 1291 1262 1348 recusareta
1286 1291 1321 1346 te

104 1383 208 1450 dcam
218 1385 463 1450 hisAdiatuonus
479 1387 663 1470 eruptionem
679 1388 780 1451 facere
792 1385 1059 1450 conatusclamore
1073 1384 1111 1449 ab
1125 1403 1162 1449 ea
1177 1393 1264 1468 parto

141 1489 317 1552 munitionis
332 1488 461 1566 subiato,
480 1509 545 1550 oum
561 1487 597 1550 ad
613 1509 695 1551 arma
711 1489 820 1553 milites
836 1487 1082 1566 concurrissent,
1100 1487 1263 1550 uehemen-

140 1600 248 1673 terque
264 1589 304 1653 iti
320 1599 481 1674 pugnatum
498 1601 591 1666 esset,
609 1589 748 1674 repulsus
763 1591 794 1654 io
809 1591 944 1674 oppidum
961 1601 1080 1667 tamen,
1097 1588 1142 1651 uti
1157 1587 1262 1652 eadem

82 1691 130 1764 28
146 1692 305 1757 deditionis
321 1692 498 1756 condicione
514 1702 660 1770 uteretur,
684 1693 721 1754 ab
738 1688 851 1756 Crasso
866 1692 1048 1775 impetrauit.
1088 1689 1195 1755 Armis
1209 1689 1263 1754 ob-

140 1790 315 1878 sidibusque
330 1794 463 1879 acceptis
479 1791 613 1858 Crassus
628 1794 660 1858 in
677 1797 750 1858 fines
767 1793 925 1858 Vocatium
942 1806 972 1858 ct
986 1793 1178 1858 Tarusatium
1193 1812 1264 1879 pro·
1285 1802 1319 1857 rt

104 1895 237 1962 2seotus
253 1908 311 1961 est.
352 1895 430 1960 Tum
454 1918 528 1961 uero
542 1890 661 1960 barbari
679 1898 837 1975 commoti,
862 1898 938 1980 quod
954 1897 1090 1980 oppidum
1106 1906 1139 1959 et
1152 1905 1264 1961 natura

140 1999 201 2064 loci
216 2010 248 2063 et
263 1999 503 2064 manumunitum
512 2001 615 2084 paucis
631 1999 745 2080 diebus,
763 2001 868 2083 quibus
884 2021 919 2063 eo
935 2009 1057 2063 uentum
1072 2008 1149 2076 erat,
1166 2018 1263 2083 expu-

142 2112 264 2187 gnatum
281 2113 497 2187 cognocerent,
514 2102 629 2187 legatos
645 2122 762 2187 quoque
778 2124 898 2166 uersum
908 2102 1069 2179 dimittere,
1086 2100 1260 2179 coniurare,

106 2202 127 2270 3
142 2204 262 2269 obsides
276 2205 356 2270 inter
371 2225 405 2270 se
420 2206 510 2284 dare,
532 2205 633 2291 copias
648 2226 755 2289 parare
770 2215 946 2289 coeperunt.
992 2200 1156 2266 Mittuntur
1168 2201 1259 2267 etiam

141 2309 178 2373 ad
194 2329 247 2373 eas
263 2308 402 2373 ciuitates
424 2308 537 2393 legati,
566 2327 643 2391 quae
665 2318 738 2372 suot
758 2307 908 2372 citerioris
924 2304 1086 2390 Hispaniae
1106 2304 1260 2370 finitumae
1281 2314 1318 2369 tt

105 2411 127 2475 d
141 2409 341 2494 Aquitaniae:
363 2411 431 2474 inde
446 2410 557 2474 auxilia
573 2410 721 2493 ducesque
737 2421 941 2474 arcessuntur.
980 2407 1117 2490 Quorum
1130 2407 1263 2472 aduentu

140 2533 250 2597 magna
265 2534 332 2576 cum
348 2513 528 2576 auctoritate
543 2521 574 2574 et
588 2533 697 2598 magna
712 2534 777 2575 oum
793 2514 943 2576 hominum
952 2512 1140 2577 multitudine
1154 2509 1264 2576 bellum

107 2611 251 2697 figerere
266 2623 425 2678 conantur.
469 2611 572 2679 Duces
588 2635 660 2679 uero
675 2613 697 2679 ii
713 2615 900 2699 deliguntur,
925 2615 976 2698 qui
991 2634 1132 2678 unacum
1148 2609 1261 2695 Quinto

249 2786 373 2838 dictanti
386 2785 463 2837 enini
478 2785 510 2838 C.
632 2788 699 2838 alias
713 2787 737 2838 d.
857 2787 1022 2838 Adiatunnus
1034 2785 1168 2850 Atat,
1183 2784 1263 2836 Adia·

142 2873 237 2917 tuueus
252 2865 274 2917 0
281 2883 290 2927 ,·
303 2864 490 2915 Adeatuannus
503 2880 517 2914 ο
522 2864 548 2929 s
555 2869 584 2915 et
593 2865 741 2915 seeundum
753 2866 871 2931 exempl.
885 2865 967 2917 Fotr.
980 2864 1013 2929 d,
1027 2861 1262 2915 sam-tamnus

141 2945 170 2993 et
179 2941 327 2992 secundum
341 2940 409 2993 ooo.
424 2940 442 2990 d
453 2940 576 3005 idemque
588 2941 633 2992 uod
642 2941 814 2992 Adiutumnus
827 2958 850 2993 o.
870 2941 1005 2993 Nicotaus
1014 2941 1202 2993 Dameam
1213 2953 1260 3006 ep.

140 3022 241 3073 Athen.
256 3021 309 3084 Vr,
323 3020 374 3074 2⁴⁹
389 3021 403 3070 d
413 3013 577 3086 Ἀδιάτομον
588 3016 636 3072 τὸν
650 3020 705 3070 τῶν
715 3018 863 3071 Σωτιανῶν
873 3016 984 3088 βασιλέα
996 3018 1126 3085 appodiat.

142 3101 158 3151 δ
170 3114 228 3150 eum
240 3115 294 3150 eso.
308 3113 345 3149 οι.
357 3114 419 3165 sup.
433 3113 505 3149 uere.
518 3098 550 3150 B.
665 3100 796 3150 sexcentis
808 3100 863 3163 (B).
1002 3102 1068 3149 aute
1080 3096 1184 3149 deuoti!
1196 3093 1260 3148 edd·

142 3175 279 3227 conductis
290 3175 327 3225 ΙΙ.
439 3175 612 3240 soldenicus:
626 3170 797 3245 σιλοδούρους
809 3176 903 3228 editur
914 3191 959 3241 ap.
972 3176 1143 3227 Athenaeum
1156 3188 1193 3224 ec
1205 3175 1262 3241 epd-

55 3256 61 3267 '
141 3255 213 3303 tana
226 3256 255 3300 at
264 3251 411 3302 Eustochio
419 3288 427 3315 ,
442 3255 492 3317 qui
503 3267 561 3303 eam
572 3255 712 3317 sequitur,-
724 3260 808 3304 anteo
821 3258 881 3303 orat
894 3246 1073 3306 osdodoo'sous·
1173 3250 1189 3303 d
1202 3265 1264 3301 een·

140 3329 274 3392 titium).
378 3331 641 3396 utAumoujo.
752 3331 1099 3384 ienmhiseoddmtedd.
1204 3344 1263 3398 pet·-

142 3407 264 3459 iruentur
277 3407 303 3458 d.
408 3409 468 3474 quid
481 3410 564 3472 tiss,·
579 3409 639 3475 quid
653 3411 677 3462 it
688 3411 727 3473 Ε,
741 3411 801 3477 quid
815 3412 863 3461 dns
877 3426 937 3460 oum
949 3410 1054 3462 duobus
1064 3413 1177 3477 punctis
1188 3409 1262 3460 sudu

142 3485 183 3547 A,
199 3484 259 3550 quid
273 3484 307 3534 iis
320 3483 366 3548 (B)
378 3500 406 3535 u.
510 3488 527 3539 8
539 3501 588 3535 unu
602 3501 655 3537 om.
671 3487 696 3536 d.
809 3485 1013 3553 tcousclseent]
1027 3487 1157 3539 aduoeent
1168 3486 1214 3538 uei
1225 3487 1266 3538 in·

142 3560 230 3612 terant
240 3575 292 3626 pro
304 3575 364 3611 uar.
380 3562 442 3613 lect.
456 3579 509 3615 see.
522 3580 559 3614 m.
573 3566 608 3615 A.
763 3565 795 3617 10
808 3573 917 3616 mortem
931 3575 1066 3617 recusaret
1078 3566 1153 3632 des.

143 3641 172 3692 li
188 3640 228 3691 his
241 3640 266 3690 A
273 3639 369 3705 DEs,
384 3641 434 3691 tiis
449 3643 486 3706 C,
501 3643 533 3694 iis
546 3644 591 3706 (B)
601 3659 629 3694 u.
766 3644 931 3695 Adiatunnus
944 3647 990 3695 dic
1002 3649 1084 3696 atium
1099 3645 1139 3708 0,·
1152 3643 1266 3695 Seleuci-

142 3715 252 3768 des-ines·
263 3721 290 3765 ut
302 3716 326 3766 B
338 3722 475 3783 utsupra.
583 3721 612 3770 ta
626 3719 790 3781 munitionis]
802 3722 945 3787 eruptionis
960 3722 1009 3772 td.
1129 3721 1161 3773 tt
1173 3721 1264 3772 condi·

142 3791 213 3843 tione
225 3792 282 3858 (B).
389 3795 421 3846 ab
434 3793 531 3846 Crasso
544 3796 570 3845 A
578 3795 624 3860 (B)
636 3796 735 3860 CDB,·
749 3811 764 3848 a
777 3797 874 3848 Crasso
880 3800 914 3865 s,
930 3802 980 3863 pur·
990 3800 1057 3849 tuso
1065 3804 1130 3864 post
1140 3799 1265 3866 impetra·

143 3869 182 3919 uit
193 3873 282 3932 pouit.
440 3872 471 3924 15
485 3869 619 3923 Vocetium
633 3872 652 3923 d
664 3879 692 3925 at
701 3874 808 3940 syllaba
822 3890 852 3924 cu
865 3877 1031 3940 supraec.s,·
1044 3874 1195 3926 Vocatirutu
1207 3873 1234 3925 A
1239 3872 1264 3924 B

141 3944 214 4006 6¹1),
229 3942 403 3996 Voeatuarum
418 3947 447 3998 t.
591 3949 621 4000 rt
634 3965 735 4016 quoque
748 3950 868 4001 Alton
880 3968 908 4015 e,
924 3969 1027 4019 quoquo
1043 3954 1084 4004 C?
1087 3955 1113 4019 s
1121 3957 1149 4002 et
1159 3966 1211 4002 sse.
1224 3964 1263 4001 n.

142 4024 175 4076 tt.
191 4023 221 4074 Ρ.
235 4022 277 4074 71.
419 4038 521 4075 uersum
535 4025 591 4077 Ac
601 4027 657 4079 011
667 4029 702 4092 Ε,
718 4045 810 4080 uersus
823 4030 871 4097 es.
999 4033 1033 4087 2⁰
1046 4031 1126 4097 legati
1138 4045 1264 4098 supr-ese.

142 4098 218 4149 md
324 4097 534 4150 dmmmdd
639 4103 907 4157 tummmmd
1044 4105 1266 4176 mmmmm]

143 4172 295 4314 ἳιῑὸτίωο
307 4172 344 4224 1).
448 4173 644 4230 2duerohiB.
747 4181 892 4245 diliguntur
903 4197 940 4232 m.
948 4197 995 4249 pr.
1009 4185 1043 4235 B.
1167 4181 1266 4249 Quinto

174 4265 272 4313 ,.u.
