2692 4688
486 210 626 283 com.
643 211 770 285 retr.
783 214 901 285 2-5.
1244 214 1311 293 Η

125 399 219 473 atque
239 405 365 465 eorum,
389 385 440 468 qni
460 396 579 452 nctems
597 386 773 455 inimicitias
795 407 862 451 com
881 382 1015 453 Caesare
1035 387 1197 472 gerebant,
1220 392 1253 457 in
1303 427 1310 441 =

125 500 267 559 nutum
282 498 450 572 eogunturp
468 509 593 572 quorum
609 489 734 555 uooibns
748 500 780 555 et
795 509 943 555 concursu
950 499 1104 556 terrentur
1110 491 1252 559 indrrnio·
1267 493 1288 559 b

124 612 190 672 res,
206 592 290 659 dubii
303 591 539 669 confirmantur,
560 591 712 677 plerisque
726 611 801 657 uero
814 591 909 657 libere
923 592 1104 659 decernendi
1119 605 1253 678 potestas

126 695 267 781 eripitur.
297 689 592 759 Pollicetan.Pieo
607 713 717 758 censor
731 712 800 757 sese
814 692 923 757 iturum
938 693 975 757 ad
984 688 1163 774 Caesarem,
1179 697 1251 763 item
1266 695 1288 762 b

89 810 107 863 t
129 795 173 863 L.
188 795 323 865 floreius
338 806 479 880 praetor,
503 794 553 878 qni
579 795 617 859 de
632 795 679 860 bis
694 793 786 860 rebus
800 812 867 859 eum
882 794 1025 860 decante
1050 817 1108 862 sex
1130 799 1194 864 dies
1216 801 1253 865 ad

127 919 196 969 eum
210 919 276 966 mut
290 898 506 965 conficiendam
525 896 614 982 spatii
629 897 793 981 postulant.
831 894 984 963 Dicuntur
1004 898 1094 964 etiam
1117 899 1155 964 ab
1176 901 1287 967 non-7

129 1001 222 1069 nullis
235 1000 421 1078 sententiae,
438 1008 472 1062 nt
484 999 578 1083 legati
593 1000 630 1063 ad
639 995 806 1065 Caesarem
820 1001 988 1080 mittantur,
1006 1002 1056 1084 qui
1064 1002 1252 1069 uoluntatem

127 1114 255 1171 numus
268 1103 300 1169 ei
315 1111 494 1187 proponunt
524 1097 670 1167 Omnibus
686 1103 733 1167 bis
747 1102 919 1181 resistitur,
941 1103 1140 1188 omnibusque
1153 1106 1250 1171 oratio
1265 1106 1289 1179 4

128 1205 278 1284 consulis,
295 1201 466 1289 Scipionis,
483 1196 611 1267 Catonia
627 1204 798 1288 opponitur.
830 1201 978 1270 Catonem
993 1216 1113 1272 ueteres
1127 1206 1288 1276 inimici-2

78 1319 107 1374 rt
128 1308 191 1375 tine
206 1303 350 1376 Caessris
364 1304 494 1370 incitant
507 1315 539 1370 et
553 1305 639 1370 dolor
652 1307 804 1393 repulsae.
824 1305 975 1374 Lentulus
990 1308 1070 1373 aeris
1085 1309 1175 1374 alieni
1190 1331 1253 1375 nra·

128 1408 288 1494 gnitndine
301 1418 334 1475 et
346 1428 398 1492 spe
407 1407 562 1473 exercitos
576 1427 612 1471 ac
627 1408 848 1492 prouinciarum
858 1419 890 1473 et
899 1429 1003 1492 regum
1012 1410 1253 1494 appellandorum

128 1510 339 1596 largitionibus
352 1520 493 1575 mouetur
505 1529 597 1593 seque
611 1512 737 1575 alterum
753 1512 818 1575 iore
830 1507 945 1575 Sullam
960 1511 1041 1576 inter
1055 1532 1126 1576 snos
1140 1513 1252 1599 glorie·

129 1624 196 1691 tor,
213 1614 250 1680 ad
265 1632 354 1696 quern
367 1633 484 1677 summa
498 1611 616 1697 imperii
630 1614 746 1677 redeat.
789 1609 962 1696 Scipionem
977 1616 1080 1679 eadem
1096 1634 1166 1700 spes
1181 1638 1250 1701 pro-
1265 1617 1286 1682 3

129 1715 247 1781 unciae
261 1725 354 1799 atque
366 1713 554 1780 exercituum
568 1713 710 1797 impellit,
733 1734 809 1797 qnos
825 1735 859 1781 se
874 1737 929 1799 pro
944 1717 1167 1782 necessitudine
1183 1740 1251 1803 par·

78 1826 107 1881 tt
129 1816 253 1882 titutum
268 1837 336 1883 enm
350 1812 494 1900 Pompeio
510 1815 685 1894 arbitratur,
701 1815 790 1881 simul
803 1816 981 1881 iudiciorum
993 1827 1103 1897 metus,
1119 1819 1251 1889 adulatio

128 1927 220 2000 atque
235 1917 400 1984 ostentatio
412 1918 459 1983 sai
475 1929 506 1983 et
521 1919 702 2003 potentium,
720 1918 769 2000 qni
783 1917 815 1983 in
829 1919 982 2003 republica
996 1919 1173 2006 iudiciisque
1188 1934 1250 1991 turn

128 2018 289 2103 plurimum
304 2018 465 2104 pellebant.
495 2017 566 2105 Ipse
579 2016 741 2104 Pompeius
756 2019 793 2085 ab
808 2019 938 2084 inimicis
948 2016 1092 2088 Caesaris
1107 2024 1285 2093 incitatnsi

128 2132 163 2187 et
176 2121 257 2204 quot
271 2121 420 2188 neminem
441 2123 587 2206 dignitate
608 2141 710 2185 seeum
733 2120 898 2202 exaequari
920 2122 1040 2188 uolebat
1055 2134 1148 2189 totum
1163 2148 1197 2192 se
1212 2129 1249 2194 sb

128 2222 196 2289 dus
210 2222 344 2289 amicitia
351 2233 507 2291 auerteret
519 2233 626 2289 etcum
634 2221 842 2287 commonibus
856 2221 986 2287 inimicis
999 2222 1031 2287 in
1046 2227 1172 2306 gratiam
1183 2229 1250 2295 red·

78 2333 106 2389 tt
127 2323 226 2403 ierat,
248 2344 375 2409 qnorum
397 2325 463 2410 ipse
485 2327 647 2391 maximam
663 2334 779 2410 partem
792 2323 844 2388 illo
866 2324 1028 2390 adfinitatis
1051 2336 1184 2411 tempore
1203 2330 1250 2396 in·

127 2425 274 2493 iunxerat
282 2422 428 2505 (Σιωπῆς
445 2426 535 2493 simul
548 2428 673 2493 iniooria
687 2428 812 2491 duarum
827 2425 976 2510 legionum
992 2439 1156 2513 permotus,
1175 2453 1249 2516 qous
1264 2435 1285 2502 b

127 2526 167 2593 ab
181 2527 394 2595 itinereAsiae
404 2527 576 2616 Syriaeque
591 2531 627 2595 ad
644 2551 729 2597 suam
744 2530 907 2613 potentium
923 2531 1162 2618 dominatumque
1177 2558 1250 2602 con·

127 2641 279 2710 uerterat,
300 2651 366 2696 reru
385 2631 424 2696 ad
445 2653 530 2697 arma
544 2632 649 2697 deduci
663 2633 815 2697 studebat.
859 2631 916 2719 llis
940 2633 976 2698 de
998 2636 1097 2701 causis
1119 2643 1286 2724 agunturb

126 2734 228 2799 cunia
240 2733 350 2817 raptim
364 2745 454 2821 etque
470 2734 601 2800 turbate.
620 2732 690 2800 Nec
705 2730 979 2801 docendiCaesaris
995 2737 1169 2820 propinquis
1184 2742 1249 2806 eins

78 2844 104 2899 tt
124 2834 254 2920 spatium
268 2837 375 2915 dator,
400 2858 457 2902 nec
478 2838 608 2902 tribunis
629 2837 726 2922 plebis
746 2838 794 2903 sui
818 2837 943 2921 periculi
957 2837 1136 2921 deprecandi
1152 2859 1249 2924 neque

127 2936 220 3005 etiam
234 2938 364 3002 extremi
379 2939 455 3004 iuris
468 2939 689 3005 intercessione
702 2940 863 3018 retinendi,
881 2940 958 3022 qnod
968 2936 1009 3003 L.
1021 2936 1105 3004 Sulla
1120 2939 1249 3025 relique·

127 3050 195 3118 rat,
218 3041 345 3105 facultas
361 3040 519 3120 tribuitur,
542 3043 594 3105 sed
610 3042 646 3104 de
661 3062 716 3104 sna
731 3042 829 3105 solute
844 3042 971 3125 septimo
987 3039 1035 3103 die
1050 3041 1183 3124 cogitare
1199 3047 1286 3113 co·2

127 3151 258 3227 guntur,
283 3142 363 3225 pund
384 3142 428 3207 illi
449 3142 699 3206 turbulentissimi
720 3141 926 3225 superioribus
942 3141 1124 3227 temporibus
1140 3144 1249 3211 tribuni

127 3241 222 3328 plebia
236 3253 297 3309 tht
319 3243 448 3328 denique
469 3266 573 3310 mense
596 3264 718 3309 suarum
738 3244 888 3309 actionum
910 3245 1062 3329 respicere
1083 3266 1119 3310 ao
1140 3246 1249 3314 timere

78 3353 104 3407 td
125 3353 322 3410 consuerant.
338 3342 520 3412 Decor-riter
533 3348 571 3411 ad
584 3347 657 3411 illud
671 3357 840 3412 extremum
856 3357 945 3430 atque
959 3349 1094 3413 ultimum
1109 3361 1248 3414 senatus·
1263 3349 1284 3416 3

238 3581 433 3638 lanlcitlasb.
559 3589 683 3640 literam
694 3602 732 3640 err.
743 3602 787 3655 pr.
801 3602 829 3638 a.
968 3588 1139 3654 θύομαι.

125 3659 145 3714 8
151 3662 304 3726 morano
317 3668 440 3729 spatiarer
452 3679 569 3716 mersum
582 3669 703 3717 cettan.
810 3663 842 3717 12
855 3661 953 3731 Syllam
965 3663 1017 3731 (a).
1140 3666 1172 3719 13
1185 3666 1249 3736 Sep·

126 3736 271 3803 pisaeae.
378 3741 601 3793 lbarbttrnbatnr
613 3743 637 3793 b.
743 3740 775 3793 ld
788 3741 929 3791 obtestatio
943 3741 967 3791 b.
1076 3745 1248 3806 potentomb.

148 3847 151 3851 -
235 3814 382 3884 republica]
396 3818 473 3868 rebus
485 3833 513 3869 o.
653 3817 685 3870 18
698 3818 826 3882 dignitate
838 3832 926 3869 seeum
938 3832 956 3868 a
967 3815 1028 3868 edd.
1042 3821 1106 3868 ante
1119 3834 1146 3884 u,
1160 3835 1249 3877 secum

125 3887 254 3954 dignitate
266 3895 326 3943 rios
337 3899 517 3947 “notatione
528 3910 556 3945 rr.
660 3895 696 3951 2⁰
706 3895 850 3946 adflnitatis
862 3910 891 3946 a.
995 3894 1026 3951 21
1037 3893 1247 3967 CaesariAldtte,

127 3961 356 4022 Gusara‘reass
459 3971 631 4041 moysem
745 3972 779 4025 2³
794 3973 882 4025 biisu.
998 3974 1033 4029 tt
1045 3975 1140 4041 ruptim
1152 3979 1248 4046 Aldus,

125 4043 221 4111 rupti·
233 4046 331 4101 abed.
435 4050 492 4102 eius
505 4067 559 4104 erra.
573 4053 597 4103 b.
702 4051 735 4104 tt
749 4050 789 4101 soi
799 4056 867 4117 poet
876 4050 988 4118 periculi
999 4055 1100 4118 repetit
1112 4070 1139 4108 a.

123 4119 160 4177 Μ
171 4121 244 4188 Sylla
257 4123 309 4191 (a).
328 4146 336 4161 ·
431 4127 466 4180 29
479 4136 571 4181 couno
584 4126 696 4194 denique
708 4140 798 4181 mense
807 4127 906 4193 Aldus,
920 4136 979 4180 octo
990 4128 1102 4199 deniqne
1113 4146 1218 4185 messes
1231 4147 1249 4183 e

126 4197 191 4251 ‘nei
201 4200 301 4330 etl-cestra¹
313 4207 335 4255 ι’.
348 4219 371 4256 e.
387 4219 487 4257 emese.
638 4203 756 4274 snam]
769 4207 902 4260 uniamur
914 4208 986 4260 abe.
1140 4210 1175 4264 30
1187 4224 1248 4261 eorr-

125 4289 204 4328 auera
233 4293 261 4329 a.
