2692 4688
494 211 638 281 GAPV'l'
652 210 803 282 36-19.
1207 208 1273 280 181

91 389 212 454 sinistra
235 397 320 471 parte
343 386 438 468 eampi
461 396 582 469 propter
606 404 690 449 mare
711 384 846 468 legiones
870 381 961 445 duoit.
1008 380 1066 444 llio
1093 384 1251 466 eampusl

95 489 223 554 mirabili
239 488 366 571 planicie
382 497 465 571 patet
478 487 557 551 milia
574 506 713 571 passuum
728 495 796 563 xit,
821 504 907 567 quem
930 483 1030 565 iugum
1053 483 1177 566 cingens
1197 506 1216 547 a

93 593 169 654 mari
191 601 289 653 ortum
311 609 408 672 neque
425 590 468 651 ita
483 589 647 671 praealtum
663 587 748 652 uelut
762 586 872 649 theatri
886 585 977 648 efficit
990 585 1133 668 speeiem.
1178 583 1215 649 ln

93 692 151 754 boo
165 693 241 777 ,iugo
264 691 356 754 eolles
371 700 442 753 sunt
456 689 570 754 exeelsi
586 691 690 773 pauoi,
713 689 744 752 in
760 687 866 771 quibus
881 685 1018 769 singulae
1034 696 1134 750 turres
1149 706 1215 771 spe·

60 806 76 856 t
99 793 243 875 eulaeque
262 792 399 876 singulae
415 802 590 874 perueteres
606 801 692 855 erant
707 789 888 864 eollooatae,
913 808 1037 871 quarum
1053 790 1130 870 apud
1146 789 1217 854 ulti·

94 917 172 958 mam
189 894 367 978 praesidium
392 902 423 956 et
443 892 534 958 statio
550 893 605 955 luit
620 889 781 976 Soipionis.
826 887 901 953 Post
917 887 1034 952 Caesar
1047 890 1083 952 ad
1099 892 1212 975 iugum,
1227 892 1273 963 88

94 997 204 1078 dequo
220 996 326 1072 docui,
351 996 485 1058 aseendit
498 1004 588 1076 atque
609 995 642 1056 in
657 1012 894 1075 unumquemque
917 990 1021 1055 collem
1046 1001 1215 1075 turremque

94 1096 219 1161 eastella
240 1098 340 1159 lacere
363 1095 461 1178 eoepit
475 1105 565 1177 atque
579 1114 616 1159 ea
630 1095 729 1158 minus
743 1094 893 1157 semihora
909 1093 1007 1156 efficit.
1052 1090 1215 1177 Postquam
1230 1094 1252 1160 2

94 1219 154 1262 non
177 1199 219 1261 ita
240 1199 330 1280 longe
351 1196 388 1260 ab
402 1197 505 1259 uitium
520 1196 595 1260 tolle
611 1197 747 1277 turrique
761 1195 826 1273 luit,
852 1215 927 1277 quae
943 1193 1077 1276 proxima
1095 1197 1150 1258 luit
1165 1217 1215 1260 oa-

37 1310 70 1363 tt
94 1300 167 1362 stris
190 1299 449 1374 aduersariorum,
474 1298 506 1361 in
521 1317 580 1380 qua
594 1297 681 1361 dooui
703 1316 771 1361 esse
793 1296 974 1381 praesidium
998 1296 1217 1380 stationemque

94 1398 311 1479 Numidarum,
337 1396 454 1464 Caesar
476 1401 629 1483 paulisper
650 1408 849 1464 eommoratus
872 1406 1086 1481 perspectaque
1109 1406 1217 1462 natura

96 1500 155 1564 loei
171 1503 304 1583 equitatu
318 1502 351 1564 in
365 1501 496 1565 statione
512 1500 657 1586 disposito
672 1500 837 1583 legionibus
853 1519 927 1583 opus
942 1498 1084 1561 adtribuit
1099 1498 1216 1563 brsobi·
1232 1500 1252 1565 3

97 1621 204 1684 umque
218 1602 315 1666 medio
329 1603 400 1688 iugo
415 1603 452 1667 ab
468 1623 505 1667 eo
520 1605 599 1681 loeo,
616 1604 654 1667 ad
669 1622 754 1685 quem
766 1610 956 1684 peruenerat,
974 1620 1068 1682 usque
1083 1601 1119 1664 ad
1136 1621 1216 1680 eum,

99 1704 177 1766 unde
193 1725 331 1787 egressus
348 1716 424 1781 erat,
448 1704 529 1768 iubet
544 1705 632 1787 dirigi
648 1725 683 1767 ae
698 1702 822 1766 muniri.
869 1697 956 1782 Quod
976 1712 1132 1786 postquam
1150 1700 1253 1770 sci-t

40 1812 73 1865 tt
94 1803 143 1886 pio
152 1801 367 1887 Labienusque
381 1807 670 1883 animaduerterunt,
688 1807 820 1887 equitatu
836 1803 915 1866 omni
931 1822 971 1865 ex
987 1805 1095 1866 eastris
1112 1805 1217 1870 edueto

95 1905 219 1986 aoieque
247 1906 378 1988 equestri
407 1906 554 1969 instruota
585 1924 603 1969 a
631 1907 694 1969 suis
723 1905 937 1969 munitionibus
963 1904 1085 1967 oiroiter
1113 1926 1218 1988 passus

96 2005 177 2066 mille
198 2005 432 2088 progrediuntur
453 2007 679 2091 pedestremque
702 2007 816 2090 sopiam
839 2007 869 2068 in
892 2007 1022 2070 secunda
1039 2006 1103 2070 aoie
1121 2008 1218 2072 minus

97 2115 181 2168 cccc
196 2126 303 2189 passus
318 2107 515 2170 constituunt.
547 2102 665 2172 Caesar
680 2109 710 2171 in
725 2129 815 2191 opere
831 2108 939 2171 milites
954 2109 1104 2171 adhortari
1121 2130 1217 2193 neque
1231 2110 1275 2181 39

99 2207 343 2271 aduersariorum
368 2209 462 2292 copiis
484 2210 611 2273 moueri.
656 2209 718 2274 lam
742 2231 806 2274 oum
829 2232 888 2273 nou
909 2210 1032 2293 amplius
1049 2231 1154 2293 passus
1170 2213 1254 2276 1102

42 2318 77 2374 21
99 2307 180 2371 iuter
194 2309 322 2373 bostium
344 2310 438 2374 aoiem
462 2330 592 2392 suasque
614 2312 794 2376 munitiones
815 2332 882 2376 esse
898 2311 1160 2375 animaduertisset
1173 2312 1219 2376 in·

99 2409 326 2492 tellexissetque
345 2412 381 2475 ad
397 2413 599 2496 impediendos
615 2414 724 2477 milites
739 2434 810 2477 suos
827 2424 857 2477 et
871 2413 908 2477 ab
924 2433 1015 2496 opere
1030 2412 1218 2497 depellendos

99 2510 216 2573 bostem
232 2513 353 2595 propius
367 2515 512 2578 accedere
529 2534 712 2599 necesseque
728 2514 852 2579 baberet
866 2515 999 2599 legiones
1014 2537 1031 2578 a
1047 2516 1219 2580 munitioni-

99 2613 154 2676 bus
171 2613 337 2693 dedueere,
362 2616 485 2699 imperat
503 2626 619 2681 turmae
634 2614 854 2702 Hispanorum,
879 2618 916 2680 ad
931 2619 1097 2701 proximum
1114 2619 1219 2681 collem

99 2735 224 2798 propere
241 2728 436 2781 ooeurrerent
449 2719 689 2801 praesidiumque
707 2719 777 2783 inde
792 2718 986 2782 deturbarent
1001 2720 1155 2800 locumque
1171 2739 1219 2781 oa·

40 2826 75 2880 21
99 2827 215 2898 pereat,
237 2819 399 2903 eodemque
415 2821 497 2885 iubet
511 2820 589 2884 leuis
603 2831 774 2884 armaturae
790 2841 898 2903 paucos
915 2820 1056 2900 consequi
1073 2819 1216 2881 subsidio.

100 2912 159 2997 Qui
181 2919 263 2984 missi
287 2922 426 2988 celeriter
440 2922 590 2987 Numidas
606 2924 704 2989 adorti
721 2925 825 3008 partim
843 2923 927 2985 uiuos
944 2920 1075 3005 capiunt,
1094 2919 1255 2984 nonnul-3

99 3017 144 3082 los
160 3021 275 3102 equites
292 3024 440 3104 fugientes
456 3027 752 3090 conuulnerauerunt
762 3027 917 3106 locumque
929 3030 999 3084 sunt
1010 3019 1107 3102 potiti.
1132 3019 1257 3086 Post-4

100 3140 187 3199 quam
203 3120 232 3182 id
248 3119 402 3187 Labienus
417 3125 646 3203 animaduertit,
671 3146 728 3207 quo
751 3125 880 3188 celerius
901 3124 939 3186 iis
954 3121 1098 3186 auxilium
1115 3124 1218 3201 tenes,

101 3239 142 3283 ex
157 3219 222 3284 acie
236 3220 383 3286 instructa
406 3225 555 3307 equitatus
571 3226 617 3288 sui
633 3247 724 3310 prope
740 3237 832 3289 totum
848 3225 986 3288 dextrum
1001 3246 1093 3289 soruu
1108 3228 1222 3290 auertit

207 3410 223 3461 2
235 3411 343 3477 planitie
357 3412 406 3476 (a).
513 3431 550 3465 xii
563 3430 580 3465 o
594 3415 609 3464 b
622 3431 646 3476 o,
659 3431 694 3466 xv
706 3432 733 3466 u.
747 3443 750 3449 ·
843 3416 950 3480 cingens
963 3432 1022 3482 ego,
1037 3418 1128 3479 ingens
1142 3416 1218 3470 oodd.

98 3485 127 3535 Ρ.
143 3485 204 3537 211.
317 3488 648 3556 bpostabe,postqutuu
661 3506 689 3540 at.
794 3492 1004 3560 lascessitus).
1109 3499 1221 3546 turrem·

100 3577 148 3628 qno
162 3562 273 3612 oostelln
287 3577 345 3627 ego,
361 3571 459 3614 turrem
473 3566 635 3632 castellaque
649 3567 663 3616 b
677 3571 705 3616 et
716 3582 785 3616 unam
798 3566 871 3630 det.,·
886 3576 973 3619 turres
987 3569 1147 3636 castellaque
1160 3587 1177 3621 a
1191 3588 1218 3624 u.

97 3639 127 3689 Ρ.
144 3639 204 3690 211.
311 3641 328 3691 8
341 3655 371 3690 eo
386 3641 401 3690 b
414 3657 437 3693 e.
543 3642 622 3695 efficit
634 3659 660 3706 a,
675 3643 764 3694 ollerit
778 3645 851 3694 ‘msa
866 3647 986 3696 omnes’t
1088 3653 1220 3714 postquam

98 3734 116 3768 a
130 3721 145 3770 b
158 3735 180 3783 o,
195 3727 222 3771 et
235 3727 368 3787 postquam
381 3736 409 3770 u.
516 3723 530 3774 9
544 3720 620 3789 quae]
634 3722 660 3772 in
673 3722 736 3773 add.
752 3739 778 3773 o.
886 3723 917 3775 lt)
930 3723 1049 3774 docuisse
1063 3726 1220 3791 praesidium

97 3809 124 3845 a.
268 3797 302 3865 11
312 3797 409 3847 Caesar
421 3813 437 3846 a
453 3798 526 3849 ‘mss
544 3797 652 3862 omnsr’,
667 3813 720 3849 om.
734 3814 805 3849 unus
818 3799 872 3849 det.
887 3815 914 3849 u.
1047 3808 1183 3867 perspecta
1195 3819 1219 3858 o.

209 3872 241 3924 12
254 3873 382 3924 adtribuit
394 3890 420 3924 a.
539 3876 569 3927 lb
584 3874 853 3926 animaduerterantu
868 3877 892 3927 1.
1010 3877 1042 3928 17
1055 3877 1136 3946 anille]
1150 3878 1180 3932 ot
1192 3897 1219 3936 u.

210 3950 242 4000 18
255 3965 315 4000 coeo
330 3968 422 4017 passus
436 3968 461 4017 o,
477 3966 568 4019 passus
581 3968 642 4004 uoco
654 3953 716 4005 odd.
855 3955 1017 4006 constituunt
1028 3971 1045 4006 a
1059 3956 1084 4021 1,
1099 3971 1114 4008 a
1127 3961 1220 4012 eastris

100 4029 155 4078 sois
168 4028 333 4079 constituunt
344 4046 371 4080 u.
484 4032 600 4083 adortari
613 4048 640 4083 a.
752 4033 783 4084 tt
792 4047 849 4097 eunt
862 4034 912 4085 iam
926 4036 949 4086 1.
1053 4051 1147 4103 passus
1160 4054 1220 4106 ego,

101 4119 172 4170 pass.
186 4120 220 4167 a,·
234 4119 354 4171 passuum
368 4121 395 4156 u.
500 4109 535 4161 22
548 4123 656 4160 neeesse
670 4108 779 4159 baberet
791 4125 807 4160 a
817 4110 841 4160 1.
946 4113 977 4163 21
988 4123 1156 4165 occurrerent
1167 4131 1184 4165 a
1195 4119 1218 4180 b,

102 4189 271 4233 accurrerent
284 4183 371 4237 Aldus
384 4198 410 4232 u.
536 4184 672 4235 turbarent
683 4199 710 4236 a.
824 4188 858 4240 27
871 4188 1008 4256 locumque
1020 4205 1035 4239 o
1049 4196 1076 4240 ot
1087 4207 1123 4241 m.
1134 4207 1180 4256 pr.
1195 4207 1218 4255 o,

104 4259 250 4325 locoqueu.
356 4263 389 4316 28
403 4261 442 4312 bis
455 4277 481 4312 α.
586 4263 619 4317 22
632 4263 747 4315 aduertit
760 4265 785 4317 1.
