2692 4688
509 224 832 293 ...905-

98 409 151 462 tur
164 417 220 461 nee
235 396 401 460 comminus
416 396 453 459 ad
469 416 574 461 manus
588 398 752 475 rediretur,
763 395 965 482 Caesarisque
980 401 1095 484 equites
1111 403 1225 469 iumen·

98 510 130 565 ta
145 521 185 563 cx
196 500 442 576 nauseareceuti,
460 499 522 576 siti,
541 501 697 584 languore,
714 501 876 584 paucitate,
894 503 1068 567 uulneribus
1080 504 1224 591 defatiga-

98 612 129 667 to
139 603 176 665 ad
192 602 410 686 insequendum
424 601 538 664 bostem
547 604 858 686 perseuerandumque
867 624 985 666 cursum
996 606 1124 670 tardiora
1136 609 1224 673 habe·

95 716 184 782 rent,
208 704 327 787 dieique
348 722 417 786 pars
434 702 545 786 exigue
560 704 617 766 iam
634 704 747 787 reliqua
763 716 862 782 esset,
890 706 1061 770 cohortibus
1076 710 1223 791 equitibus

96 807 290 872 circumdatis
306 804 498 883 cohortatur,
524 816 555 868 ut
578 826 638 868 uno
659 807 721 869 ictu
743 809 958 870 contenderent
979 830 1075 892 neque
1092 813 1225 877 remitte-

96 919 185 987 rent,
211 909 306 972 donee
330 908 408 970 ultra
431 907 549 971 ultimos
572 908 665 972 colles
689 909 791 971 hostes
817 912 1000 994 repulissent
1014 923 1104 994 atque
1119 933 1222 978 eorum

95 1022 200 1077 esunt
223 1009 339 1095 potiti'.
384 1007 421 1072 lu
443 1011 530 1072 codd.
555 1011 698 1094 scriptum
723 1023 770 1074 est
801 1012 995 1080 ‘cohortibus
1018 1016 1223 1100 equitibusque

95 1113 318 1180 circumdatis’.
358 1111 405 1176 Ea
426 1113 518 1176 uerba
541 1111 572 1174 in
589 1111 665 1175 banc
681 1123 794 1176 tantum
809 1117 988 1179 senteutiam
1005 1117 1139 1202 intellegi
1155 1140 1223 1202 pos·

95 1228 181 1296 sunt,
214 1227 249 1280 ut
271 1212 387 1279 Caeam
408 1213 466 1278 sibi
488 1215 629 1279 cobortes
651 1217 825 1299 equitesque
848 1219 964 1282 dicatur
979 1219 1220 1298 circumdedisse,

95 1322 170 1407 quod
186 1320 322 1403 ineptum
338 1328 395 1380 est.
428 1313 513 1398 Quae
536 1328 625 1380 autea
642 1319 677 1380 de
694 1319 906 1401 defatigatione
921 1323 1050 1405 equitum
1067 1323 1219 1405 leguntur,

95 1423 204 1507 aliquid
220 1442 238 1485 a
254 1416 389 1484 Caesare
405 1420 513 1482 laetum
531 1438 601 1481 esse
617 1421 841 1499 demonstrant,
866 1445 925 1506 quo
948 1424 1014 1487 huie
1034 1424 1221 1491 incommodo

95 1528 277 1591 tederetur.
300 1520 396 1586 Recte
411 1521 503 1604 igitur
516 1522 548 1585 iu
564 1523 611 1586 ed.
630 1519 808 1601 basileensi,
827 1546 883 1606 qua
901 1547 972 1591 usus
988 1538 1036 1590 est
1052 1525 1218 1607 Daehnius,

96 1628 207 1713 legitur
223 1625 409 1690 ‘cohortibus
425 1625 571 1706 equitibus
586 1625 806 1689 circumdatis'.
838 1626 916 1690 Nam
942 1650 1007 1692 cum
1032 1630 1148 1712 equites
1171 1651 1220 1695 es·

95 1741 161 1794 aeut
174 1730 213 1794 ad
228 1748 358 1814 pugnam
379 1727 515 1802 inutiles,
540 1726 578 1790 iis
595 1725 712 1791 Caesar
734 1728 873 1793 cohortes
896 1730 1109 1811 circumdedit,
1134 1744 1166 1796 ut
1189 1745 1221 1796 et

94 1831 148 1916 ipsi
163 1831 393 1917 requiescerent
407 1840 438 1892 et
452 1828 488 1891 ab
504 1828 632 1892 hostium
648 1830 759 1913 impetu
775 1831 1017 1896 defenderentur.

180 1931 326 2017 Sequitur
347 1954 375 1996 e.
396 1930 454 2009 19,
479 1934 556 2014 quod
578 1942 672 1994 totum
693 1941 740 1995 est
762 1934 1058 2015 perturbatissimum.
1097 1933 1218 2001 Initium

95 2037 141 2099 ita
155 2036 315 2098 constitui:
341 2032 480 2098 ‘interim
503 2054 538 2096 ea
561 2055 595 2096 re
619 2045 704 2116 gesta
720 2044 751 2097 et
766 2035 880 2116 proelio
897 2037 1040 2120 dirempto
1056 2060 1095 2102 ex
1112 2041 1219 2104 aduer-

95 2137 190 2201 sariis
206 2137 359 2219 perfugere
374 2137 475 2221 plures
492 2137 628 2199 exomni
644 2156 755 2219 genere
772 2136 933 2210 hominum,
951 2150 981 2201 et
1003 2151 1157 2222 practerea
1173 2144 1219 2206 in·

96 2239 226 2324 tercepti
242 2238 411 2324 [bostium]
428 2238 594 2320 complures
610 2239 725 2319 equites
741 2239 932 2319 peditesquc'.
968 2238 1164 2323 ‘Perfugae’,
1188 2254 1220 2306 ut

96 2344 213 2421 editur,
236 2343 376 2426 intercipi
399 2363 459 2404 nou
482 2350 638 2423 poteraut,
664 2340 722 2402 nisi
748 2341 797 2422 qui
820 2339 989 2405 aCuesure
1006 2344 1217 2425 perfugissent,

95 2448 172 2530 quod
189 2447 236 2510 bic
251 2447 382 2529 ineptum
399 2455 457 2508 est.
489 2440 584 2505 Recte
600 2439 715 2505 Gudius
739 2444 884 2522 coniecit,
910 2447 986 2527 qnod
1003 2446 1099 2528 posui.
1135 2445 1219 2511 ‘llo-

96 2549 196 2613 stiun’
210 2560 332 2626 autem,
349 2548 425 2632 quod
442 2547 554 2611 rectius
570 2547 676 2609 abesse
693 2542 904 2630 Oudendorpio
921 2548 1093 2627 uidebatur,
1117 2551 1218 2615 delen·

96 2652 161 2715 dum
177 2661 225 2716 est
241 2651 427 2715 necessario.
473 2646 582 2731 Neque
597 2648 676 2712 euim
692 2648 743 2711 alii
758 2670 845 2731 quam
862 2650 988 2715 hostium
1006 2654 1120 2734 equites
1136 2655 1218 2738 pedi·

96 2764 197 2838 tesque
211 2754 353 2836 intercipi
369 2762 525 2836 poteraut,
551 2762 582 2814 et
601 2751 673 2814 illud
696 2752 872 2814 uocabulum
895 2773 959 2814 eam
975 2755 1156 2816 sententiam
1173 2758 1219 2818 in-

97 2858 197 2935 ferret,
216 2857 304 2944 quasi
320 2857 354 2932 ii,
372 2856 420 2938 qui
436 2854 654 2938 perfugissent,
680 2854 779 2917 bostes
796 2876 854 2917 non
872 2857 1009 2918 fuissent.
1057 2854 1219 2937 Sequentia

96 2958 127 3021 in
142 2960 227 3024 codd.
246 2968 330 3022 recte
346 2957 388 3020 ita
403 2957 512 3040 scriptu
527 2966 613 3018 suut:
634 2953 698 3017 ‘Ex
710 2956 817 3038 quibus
833 2958 983 3040 cognitum
999 2969 1044 3020 est
1061 2958 1218 3022 consilium

97 3060 236 3139 bostium,
254 3082 307 3125 eos
325 3062 379 3124 buc
395 3071 493 3123 mente
510 3069 540 3121 et
554 3068 661 3120 concito
678 3059 809 3135 uenisse,
828 3059 870 3121 uti
887 3080 966 3121 nouo
979 3060 1219 3142 otqneiuusitato

98 3184 206 3247 genere
241 3163 348 3247 proclii
376 3163 488 3226 tirones
516 3159 673 3243 legionarii
710 3161 852 3242 paucique
883 3161 1045 3244 perturbati
1075 3159 1218 3226 Curionis

98 3267 235 3350 exemplo
258 3265 295 3328 ab
311 3266 443 3347 equitatu
460 3263 657 3326 circumuenti
672 3262 932 3345 opprimerentur'.
967 3262 1075 3328 Editur
1091 3265 1218 3331 ‘tirones

96 3367 309 3452 legiones-iique
325 3367 432 3450 peuci',
450 3365 536 3448 quusi
550 3364 665 3428 tirones
681 3385 741 3426 nou
759 3366 885 3428 fuissent
900 3367 1067 3451 legionarii.
1094 3366 1159 3430 Hoc
1175 3369 1218 3431 di-

95 3471 134 3535 tit
145 3471 291 3555 scriptor,
310 3470 411 3532 hostes
427 3467 606 3552 legionarios
622 3467 838 3529 circumuenire
856 3469 1005 3544 uoluisse,
1031 3470 1081 3552 qui
1102 3481 1131 3532 et
1148 3469 1219 3533 tiro·

96 3594 147 3638 taes
161 3583 267 3637 essent
290 3581 321 3634 et
342 3569 437 3651 pauci.
477 3567 642 3653 Excipiunt
665 3569 756 3632 baec:
786 3579 835 3633 ‘et
856 3571 898 3632 ita
913 3568 1078 3635 Labienum
1102 3574 1218 3638 dixisse

94 3696 145 3759 pro
167 3676 332 3745 contione,
365 3681 474 3734 tantam
500 3692 568 3735 sese
589 3672 803 3735 multitudinem
826 3673 1004 3737 arixiliorum
1035 3676 1218 3740 aduersariis

93 3777 409 3849 subministraturum,
423 3785 467 3836 ·ut
489 3775 578 3837 etiam
602 3776 752 3837 caedendo
774 3775 802 3836 in
827 3775 891 3858 ipsa
915 3777 1040 3840 uictoria
1065 3779 1218 3863 defatigati

94 3880 290 3944 uincerentur
304 3887 393 3958 atque
408 3898 425 3939 u
441 3877 502 3939 suis
518 3876 760 3958 superarentur'.
806 3875 867 3939 Pro
884 3875 1018 3942 Labieno
1033 3881 1064 3944 in
1081 3883 1217 3947 omuibus

94 3983 179 4045 codd.
211 3976 286 4042 Iuba
303 3980 424 4061 legitur,
443 3998 528 4060 quem
546 3988 606 4039 tum
623 3999 682 4040 non
699 3977 819 4042 affuisse
835 4000 876 4042 ex
891 4000 918 4043 e.
937 3980 978 4044 25
994 3995 1122 4047 constat.
1154 3982 1217 4047 La·

93 4081 171 4148 bieni
184 4091 289 4148 autem
303 4081 378 4146 lane
393 4081 557 4144 orationem
576 4082 667 4143 fuisse
683 4082 801 4159 docent,
819 4105 894 4165 quac
905 4086 933 4168 ξ.
944 4084 965 4147 6
978 4087 1128 4168 leguntur:
1150 4089 1216 4149 ‘bac

92 4207 144 4270 spe
159 4197 250 4269 atque
266 4185 391 4247 audacia
406 4184 606 4247 inflammatus
621 4180 782 4247 Labienus'
799 4197 871 4249 cett.
895 4185 985 4252 lubae
1000 4208 1109 4251 nomen
1125 4188 1215 4249 etium

93 4309 120 4351 e.
137 4286 192 4368 30,
209 4289 231 4353 2
245 4287 348 4370 inepte
362 4287 394 4350 in
409 4286 547 4350 omuibus
562 4285 645 4348 codd.
661 4285 806 4349 adiectum
823 4299 882 4351 est.
915 4286 973 4350 Hic
988 4286 1141 4351 Labienus
1156 4288 1217 4370 pri·
