2684 4694
65 207 129 273 1114
495 198 552 265 llll
575 197 719 266 BELLO
743 195 877 266 ctvtbt

124 377 217 464 pulsis
242 375 353 439 nullum
377 372 504 457 spatium
521 372 688 457 perterritis
703 373 775 435 dare
790 380 928 455 oportere
944 368 1123 434 existimans
1139 372 1256 438 milites

127 482 300 545 cohortatus
316 488 374 554 est,
393 487 426 539 ut
440 475 584 538 beneficio
604 477 740 539 fortuma
752 484 910 538 uterentur
922 483 1081 560 castraque
1097 496 1254 560 oppugna-

127 593 207 645 rent.
233 577 306 662 Qui,
318 578 375 643 etsi
391 599 497 662 magno
513 588 599 640 aestu
614 581 695 657 (nam
711 577 748 639 ad
764 575 919 639 meridiem
933 597 983 640 res
999 587 1064 641 erat
1077 577 1251 661 perducta),

88 685 111 748 2
127 694 226 747 tamen
241 683 278 745 ad
294 702 410 745 omnem
427 679 559 742 laborem
576 679 675 742 animo
691 677 788 762 parati
804 677 928 760 imperio
945 690 1120 762 paruerunt.
1139 678 1255 746 Castra

126 809 144 850 a
159 784 353 861 cohortibus,
370 804 447 866 quae
461 781 501 845 ibi
517 781 665 867 praesidio
681 791 767 845 erant
781 778 925 856 relictae,
943 781 1091 845 industrie
1106 782 1252 847 defende·
1276 798 1293 848 a

92 888 113 952 :t
127 888 247 961 bantur,
259 886 352 949 multo
367 886 456 948 etiam
472 887 574 949 acrius
590 881 785 948 a'fbraeibus
800 881 994 965 barbarisque
1008 884 1143 949 auxiliis.
1167 883 1256 949 Nam

129 990 178 1073 qui
202 1011 246 1053 ec
268 989 335 1053 acie
350 989 524 1070 refugerant
539 986 669 1065 milites,
694 997 725 1050 et
739 984 839 1048 animo
854 986 1010 1069 perterriti
1027 997 1057 1050 et
1070 987 1257 1053 lassitudine

129 1090 257 1156 conlecti
278 1090 378 1153 missis
394 1089 529 1173 plerique
545 1090 638 1152 armis
654 1087 807 1172 signisque
822 1087 1002 1152 militaribus
1017 1090 1111 1172 magis
1126 1091 1163 1154 de
1177 1090 1256 1154 reli-

94 1193 187 1277 4qua
211 1196 278 1277 fuga
302 1210 388 1274 quam
412 1191 449 1254 de
464 1202 630 1255 castrorum
646 1191 820 1254 defensione
836 1189 1020 1274 cogitabant.
1051 1190 1159 1275 Neque
1175 1214 1255 1257 uero

130 1295 260 1373 diutius,
284 1293 332 1376 qui
349 1295 380 1356 in
396 1294 476 1358 uallo
491 1294 707 1370 constiterant,
725 1292 941 1356 multitudinem
956 1295 1082 1357 telorum
1097 1294 1256 1361 sustinere
1283 1307 1316 1361 to

131 1408 308 1483 potuerunt,
326 1397 378 1461 sed
395 1396 525 1460 confecti
541 1394 714 1459 uulneribus
729 1394 826 1459 locum
841 1395 1037 1476 reliquerunt,
1054 1397 1255 1481 protinusque

133 1521 237 1565 omnes
253 1498 376 1562 ducibus
394 1499 440 1562 usi
457 1496 681 1562 centurionibus
699 1496 886 1579 tribunisque
902 1496 1025 1560 militum
1042 1496 1073 1560 in
1087 1497 1256 1563 altissimos

73 1602 119 1673 ild
131 1612 260 1677 montes,
277 1600 327 1681 qui
342 1600 378 1663 ad
395 1610 497 1663 eastra
511 1600 711 1683 pertinebant,
723 1599 933 1683 confugerunt.
956 1596 990 1661 ln
1006 1599 1115 1661 matris
1122 1596 1255 1683 Pompei

132 1703 237 1768 nidero
252 1702 338 1766 licuit
352 1701 485 1766 trichilas
501 1712 640 1781 sunaus,
658 1723 796 1787 magnum
812 1700 924 1784 argemi
937 1699 1050 1784 pondus
1061 1700 1249 1784 expositum,

132 1803 303 1870 recentibus
319 1803 479 1888 cespitibus
496 1804 689 1870 tabernacula
703 1814 869 1881 constrata,
883 1799 969 1867 Lucii
982 1802 1070 1866 etiam
1079 1798 1205 1866 Lentuli
1220 1814 1256 1867 et
1285 1817 1320 1870 ts

132 1909 343 1973 nonnullorum
359 1906 549 1970 tabernacula
565 1917 700 1991 protecta
716 1906 807 1972 edera
821 1905 973 1990 multaque
986 1915 1154 1989 praetcrea,
1170 1926 1254 1988 quae

131 2010 250 2074 nimium
267 2008 417 2073 luxuriam
434 2021 465 2074 et
480 2010 625 2074 uictoriae
636 2010 770 2074 fiduciam
784 2009 987 2094 designarent,
1001 2018 1033 2071 ut
1045 2007 1133 2072 facile
1144 2008 1255 2073 existi·

132 2112 206 2175 mari
223 2122 326 2195 posset
340 2111 416 2175 nibil
432 2134 483 2177 eos
499 2114 536 2176 de
552 2125 661 2178 euentu
678 2113 743 2177 eins
759 2113 817 2176 diei
834 2111 986 2189 timuisse,
1003 2110 1055 2193 qui
1070 2130 1130 2174 non
1145 2129 1254 2175 neces-

97 2216 119 2279 2
133 2215 230 2280 sarias
255 2215 468 2298 conquirerent
483 2217 663 2300 uoluptates.
695 2214 739 2278 Ar
754 2215 782 2278 bi
799 2214 968 2279 miserrimc
984 2235 1020 2278 ae
1035 2213 1252 2298 patientissimo

132 2318 269 2382 exercitu
285 2313 428 2381 Caesaris
449 2317 599 2382 luxuriem
620 2316 809 2393 obiciebant,
834 2317 882 2381 cui
898 2337 1018 2400 semper
1033 2319 1132 2381 omnia
1146 2317 1183 2380 ad
1200 2336 1254 2380 ne·
1276 2326 1310 2381 ²⁰

97 2418 298 2485 3oessarinm
328 2439 412 2482 usum
442 2420 620 2483 doluissent.
653 2417 832 2504 Pompeius,
861 2420 920 2483 iam
948 2440 1016 2483 cum
1037 2420 1118 2484 intra
1139 2418 1252 2483 uallum

132 2523 228 2585 nostri
246 2532 456 2599 uersarentur,
482 2543 589 2607 equum
603 2533 709 2586 nactus
725 2522 868 2587 detractis
883 2522 1049 2605 insignibus
1064 2521 1251 2606 imperatoris

132 2623 294 2687 decumana
316 2633 402 2706 porta
424 2645 458 2687 se
474 2645 513 2688 en
529 2626 636 2689 eastris
652 2626 741 2689 eiecit
756 2625 949 2710 protinusque
965 2645 1041 2707 equo
1056 2625 1148 2688 citato
1163 2621 1253 2686 Lari-

95 2725 195 2789 lsam
218 2727 381 2790 contendit.
411 2724 520 2809 Neque
542 2727 583 2790 ibi
604 2729 758 2805 constitit,
784 2728 836 2791 sed
852 2727 954 2790 eadem
971 2726 1124 2790 eeleritate
1139 2745 1251 2811 paucos

131 2849 203 2893 snos
219 2850 258 2893 ex
276 2829 345 2912 luga
359 2838 465 2893 nactus
478 2839 626 2892 nocturno
638 2831 745 2894 itinere
757 2851 817 2893 uon
832 2828 1157 2893 intermissocomitatn
1168 2828 1254 2910 equi·
1276 2838 1312 2894 25

136 2941 197 2995 tum
218 2942 296 2995 XXX
318 2932 354 2994 ad
377 2953 459 2996 mare
483 2933 621 3016 peruenit
642 2952 808 3014 nouemque
829 2933 1052 2996 frumentariam
1074 2928 1251 2994 conscendit

132 3054 240 3116 saepe,
259 3043 291 3096 ut
307 3034 472 3112 dicebatur,
490 3055 620 3118 querens
637 3045 749 3098 tantam
764 3054 798 3098 se
814 3035 982 3118 opinionem
999 3032 1149 3105 fefellisse,
1166 3040 1212 3107 nt,
1230 3050 1251 3093 a

132 3153 190 3214 quo
204 3154 316 3217 genera
334 3137 483 3200 bominum
500 3136 655 3200 uictoriam
672 3149 843 3222 sperasset,
859 3138 897 3201 ab
912 3157 950 3200 eo
965 3137 1052 3201 iuitio
1068 3137 1154 3218 fugae
1168 3133 1252 3197 facto

74 3235 120 3305 97
131 3254 226 3319 paene
249 3237 383 3319 proditus
405 3238 568 3302 uideretur.
602 3235 720 3303 Caesar
740 3242 848 3304 castris
865 3239 974 3324 potitus
989 3260 1007 3300 a
1024 3236 1163 3301 militibus
1178 3256 1253 3298 con-

129 3337 241 3414 tendit,
259 3358 296 3400 uc
313 3338 342 3399 in
359 3341 468 3422 praeda
483 3341 618 3425 occupati
634 3341 741 3424 reliqui
756 3342 866 3426 negotii
883 3341 1004 3426 gerendi
1021 3340 1190 3403 facultatem
1208 3337 1254 3400 di·
1278 3347 1312 3400 311

91 3438 294 3515 ¹2mitterent.
326 3436 394 3521 Qua
417 3463 451 3505 re
474 3442 631 3527 impetrata
653 3454 782 3507 montem
806 3465 896 3528 opere
917 3442 1144 3507 circummunire
1162 3439 1253 3503 insti-

130 3540 198 3603 tnit.
223 3538 409 3625 Pompeiani,
421 3545 495 3626 quod
513 3547 538 3609 is
555 3567 640 3610 mons
656 3556 723 3611 crat
737 3547 803 3611 sine
818 3568 907 3630 aqua,
920 3546 1004 3610 diffisi
1021 3546 1050 3609 ei
1065 3544 1130 3607 loco
1141 3543 1252 3605 relicto

239 3725 249 3777 l
266 3735 386 3793 oportere
399 3742 452 3778 om.
469 3729 493 3778 l.
614 3729 720 3781 ducatu
732 3729 803 3792 abc,
818 3735 893 3780 aesta
908 3726 1010 3792 fatigati
1022 3740 1049 3776 ιι.
1184 3720 1200 3774 7
1215 3737 1251 3773 ex

128 3803 272 3868 suppleuit
280 3805 448 3872 Stephanus.
590 3808 620 3859 13
634 3808 728 3859 montis
741 3820 813 3858 corr.
827 3821 854 3856 ιι.
993 3801 1096 3870 Pompei
1111 3816 1138 3851 o.

130 3879 161 3931 tt
173 3887 289 3933 structas
302 3883 466 3947 Salmasius,
482 3891 580 3936 stratas
593 3885 669 3936 codd.
779 3885 809 3936 lb
821 3883 898 3935 Lucii
911 3900 936 3948 a,
952 3885 983 3935 t..
997 3900 1023 3934 u.
1131 3881 1162 3932 ld
1171 3881 1253 3932 edera

127 3972 219 4009 omnes
232 3960 310 4011 codd.
321 3967 437 4026 praeter
448 3964 465 4016 2
477 3962 545 4014 dett.
652 3963 683 4015 11
696 3961 844 4014 existimari
857 3978 875 4012 a
887 3978 958 4013 ιιιιιιι
971 3962 1025 4013 det.
1041 3960 1079 4010 ‘et
1091 3958 1191 4023 dcliv,
1207 3974 1254 4010 aa·

126 4035 228 4087 edmari
241 4053 268 4086 u.
395 4038 425 4089 18
439 4054 484 4089 cos
496 4056 547 4091 om.
564 4042 588 4091 b.
711 4042 743 4094 ta
756 4041 947 4108 patientissimo
960 4040 1056 4102 Aldus,
1071 4038 1253 4105 potentissimo

127 4113 205 4165 codd.
310 4114 343 4168 20
356 4116 474 4165 exercitu
488 4119 562 4168 obe.
667 4119 701 4172 23
714 4118 847 4171 Larissam
860 4118 936 4184 (ιι)ιι.
1042 4120 1075 4169 25
1091 4117 1211 4184 equitatu
1225 4120 1252 4171 b.

233 4192 266 4244 21
280 4207 341 4260 sepe
355 4209 381 4243 o.
487 4196 638 4264 lipsaco.
755 4199 934 4250 bolonaci.
1051 4196 1255 4250 lleircummn-

126 4267 181 4318 nire
195 4284 212 4319 o
225 4273 252 4321 at
266 4268 377 4336 reliqui,
391 4270 610 4331 circumscribet
624 4273 691 4325 dett.
706 4289 733 4324 ιι.
840 4274 874 4330 32
887 4290 918 4325 eo
932 4275 991 4325 loco
1005 4274 1030 4325 b.
