2692 4688
487 208 808 273 -172—

84 392 161 451 teoto
178 388 321 451 subiecit:
343 389 449 472 ‘legem
465 389 675 472 promulgauit,
693 399 726 452 ut
740 388 867 453 sexenni
883 388 931 450 die
946 386 1012 450 sine
1026 386 1127 449 usuris
1143 406 1210 453 ere-

83 491 162 553 ditae
184 491 329 573 paeoniae
351 490 531 555 soluantur’.
568 488 728 555 ‘sexenni’
751 491 828 555 enim
852 488 922 551 ‘die'
945 498 1028 552 rante
1049 484 1211 555 Manutius

83 592 224 668 coniecit,
252 612 318 654 eum
339 591 369 653 in
385 592 470 655 codd.
491 595 643 675 legeretur
657 594 774 656 ‘sexies
790 591 855 655 seni
870 591 955 653 dies'.
979 588 1060 653 Nam
1076 610 1156 675 quae
1169 592 1212 657 ibi

83 693 119 756 ab
135 695 201 757 aiiis
217 695 391 777 enaeogiaam
406 706 488 768 suut,
510 696 619 758 audiam
636 694 745 758 babent
759 692 1060 757 uerisimilitudinem.

170 793 206 861 C.
222 796 277 873 44,
298 796 377 860 dim
392 797 421 859 in
439 798 525 861 eodd.
543 799 684 881 seriptum
701 807 765 861 est:
793 795 907 878 ‘Atque
930 806 963 858 ut
985 796 1083 859 nostri
1104 808 1212 883 perpe·

84 909 149 963 tuas
164 899 346 964 munitiones
361 901 502 963 uidebant
517 900 673 983 perductas
689 917 729 961 ex
740 898 911 961 easteiiisin
922 899 1058 981 proxima
1070 900 1209 979 eaatotta,

84 1022 122 1065 ne
143 1022 200 1085 quo
223 1002 290 1066 iooo
313 1013 501 1085 erumperent
515 999 689 1085 Pompeiani
712 1010 744 1064 et
758 1008 879 1063 nostros
894 1009 962 1082 post
977 1010 1094 1083 tergum
1110 1000 1212 1065 adori-

82 1114 198 1178 rentur,
217 1104 372 1178 timebant,
389 1105 429 1167 ita
445 1104 487 1167 iili
501 1104 648 1167 interiore
662 1104 760 1187 spatio
776 1113 934 1187 perpetuas
950 1102 1132 1167 munitiones
1146 1102 1213 1169 effl-

84 1206 213 1284 uebant,
236 1227 275 1270 ne
290 1226 375 1289 quem
391 1205 488 1269 ionum
505 1206 601 1269 nostri
616 1207 732 1269 intrare
747 1216 834 1287 atque
849 1205 932 1289 ipsos
948 1226 965 1267 a
981 1216 1068 1289 tergo
1082 1204 1212 1271 eircum-

84 1310 188 1373 uenire
203 1308 348 1393 posseut'.
381 1307 437 1371 iiio
452 1309 578 1392 primum
593 1318 676 1371 reete
692 1305 843 1371 Fatis-num
860 1306 1039 1370 ‘timebant’
1053 1304 1210 1373 delendum

83 1410 234 1474 iudicasse
249 1422 385 1495 apertum
401 1422 466 1487 est,
493 1411 570 1493 quod
587 1430 684 1492 nequo
700 1410 800 1483 babet,
818 1430 876 1491 quo
891 1412 1061 1488 referatur,
1078 1418 1129 1485 et,
1154 1416 1212 1475 etat·

84 1512 228 1575 adiectum
244 1514 304 1591 ait,
328 1534 419 1577 eausa
433 1514 464 1576 in
481 1522 617 1597 promptu
633 1522 691 1574 est.
721 1508 832 1572 Editur
846 1511 963 1594 quidem
979 1530 1070 1595 supra
1086 1512 1210 1593 ‘uostdb

83 1615 133 1698 qui
149 1624 309 1699 perpetuas
324 1616 504 1679 munitiones
520 1614 691 1691 babebant’,
714 1614 765 1676 sed
784 1614 857 1695 ‘qui'
872 1614 904 1676 iu
919 1613 1001 1677 nulio
1016 1612 1120 1678 codiee
1134 1614 1213 1679 aeti*

83 1727 164 1801 ptum
179 1727 246 1795 est,
270 1727 301 1781 at
316 1718 345 1781 in
362 1716 498 1782 omuibus
515 1717 627 1802 legitur
649 1714 839 1778 ‘uidebant'.
870 1712 903 1777 ln
927 1715 983 1779 boe
999 1716 1101 1801 inepto
1116 1714 1212 1782 uedbd

84 1820 269 1883 emendando
294 1820 430 1904 proxime
453 1820 489 1882 ad
513 1820 646 1882 oodiuum
670 1818 798 1901 uestigia
821 1817 950 1880 aooessit
972 1818 1050 1880 idem
1072 1816 1212 1884 Faernus

85 1921 269 2006 ‘iungebant'
285 1922 455 1985 oonioiensa
473 1931 555 1984 eertn
565 1920 734 1985 emendatio
749 1920 1005 2003 nondumreperta
1020 1930 1079 1984 esta
1103 1910 1213 1985 bidem

83 2024 208 2087 seberus
230 2024 261 2087 in
285 2025 401 2108 epbem.
421 2024 562 2088 soboiast.
580 2046 609 2088 a.
629 2022 713 2088 1828
728 2044 756 2106 p.
769 2020 832 2085 aot
848 2022 921 2085 baeo
936 2022 978 2085 ita
994 2010 1210 2089 edniomadita

85 2134 195 2211 ‘atque
219 2138 251 2189 ut
273 2128 386 2191 nostris
409 2138 568 2211 perpetuas
595 2126 777 2189 munitiones
803 2124 955 2188 uidebant.
969 2124 1130 2209 perductas
1156 2158 1210 2201 ω,

83 2228 126 2291 ita
141 2228 239 2291 iili-
255 2229 447 2293 efficiebant'.
473 2226 546 2305 Sed,
564 2248 602 2293 ne
618 2230 685 2310 quid
701 2216 1209 2310 dedorimcompositionia'diean,

84 2328 228 2396 Caesaris
258 2333 440 2396 munitiones
464 2352 645 2415 nequaquam
670 2340 756 2393 erant
777 2331 939 2413 periectas.
979 2320 1212 2395 Contendebaut

84 2434 163 2496 enim
179 2430 356 2497 Caesariani
373 2436 461 2497 etiam
478 2444 538 2496 tum
555 2431 771 2496 monitionibus
786 2450 852 2494 eum
869 2429 1072 2516 Pompeianis,
1096 2432 1151 2511 iiii,
1177 2442 1211 2499 ut

84 2534 256 2619 Pompeium
279 2554 365 2617 quam
394 2536 604 2620 augustissime
630 2534 863 2610 ooneiuderent,
889 2534 930 2609 bi,
958 2546 989 2598 ut
1004 2530 1210 2601 Caesarianae

84 2658 170 2720 quam
194 2638 324 2701 unanime
346 2640 563 2714 extenderent,
587 2637 615 2699 id
638 2636 714 2719 quod
738 2636 942 2720 superioribas
963 2647 994 2700 et
1015 2636 1210 2701 inferioribus

83 2739 186 2804 uerbis
209 2740 389 2804 daeiaratur.
427 2737 532 2823 ltaque
557 2747 591 2802 ‘a
615 2740 727 2802 nostris
750 2738 872 2823 perduoi
894 2734 1053 2803 uidebant'
1075 2740 1210 2804 smibett·

85 2843 152 2907 dum
169 2844 287 2907 fuisset.

169 2943 207 3011 C.
225 2946 268 3010 48
288 2947 391 3011 imita
408 2946 523 3010 aditura
549 2944 624 3009 ‘Est
642 2944 732 3008 etiam
755 2964 852 3029 genus
875 2945 986 3008 radicis
1000 2945 1157 3011 inuentum
1173 2932 1211 3011 ab

83 3051 133 3129 iis,
151 3051 199 3134 qai
216 3052 335 3115 fuerant
357 3070 422 3113 oum
439 3047 582 3127 Valerio,
607 3049 683 3131 quod
699 3047 866 3131 appellatur
878 3047 993 3121 ebura',
1017 3066 1097 3131 quae
1117 3052 1210 3133 aqud

83 3152 181 3237 posita
195 3152 268 3231 sint,
286 3153 406 3217 neseio:
425 3151 455 3214 in
471 3152 557 3215 codd.
574 3152 719 3235 seriptum
736 3161 783 3214 est
806 3150 868 3233 ‘qui
892 3150 1011 3215 inerant
1032 3148 1207 3215 ualeribdt't

82 3252 169 3316 Nibii
184 3255 277 3336 igitur
290 3257 399 3317 attinet
412 3256 638 3331 demonstrare,
663 3262 846 3337 quantopere
860 3253 911 3315 iiia
933 3260 1011 3315 ‘oum
1028 3250 1165 3317 Vaiesio'
1180 3262 1212 3319 et

83 3356 147 3440 ipsa
163 3356 264 3440 inepta
279 3356 340 3419 sint
355 3367 387 3419 et
401 3354 540 3420 aVoasio
554 3356 655 3438 inepte
670 3356 731 3417 sint
745 3355 907 3438 explicata.
933 3352 967 3418 iu
983 3353 1117 3418 eodieum
1133 3356 1212 3421 sort—

82 3469 169 3542 ptura
186 3456 336 3520 Gruterus
352 3458 449 3540 oppidi
465 3477 573 3520 nomen
589 3457 685 3519 tatere
700 3456 912 3533 arbitrabatur,
927 3457 1016 3539 eique
1031 3452 1212 3521 Oudendor-

82 3560 149 3643 pius
164 3558 340 3622 assentitur.
369 3550 429 3622 Sed
440 3576 536 3642 neque
551 3567 599 3621 ma
612 3558 644 3620 iu
659 3558 705 3621 bis
720 3556 892 3643 repn‘onibus
909 3559 979 3622 aurbs
996 3558 1101 3623 simiiis
1114 3560 1212 3624 uomi-

81 3662 147 3738 nis,
172 3678 269 3744 neque
289 3662 320 3723 iu
346 3662 452 3745 oppido
469 3662 586 3724 radines
601 3661 740 3723 irruerrtas
762 3682 831 3724 esse
853 3661 996 3726 credibile
1012 3672 1077 3740 estp
1103 3672 1134 3725 et
1155 3674 1210 3727 ebs

84 3764 192 3827 mitites
208 3764 285 3825 inane
300 3766 429 3827 ruaiioem
446 3766 596 3849 reperisse
611 3774 751 3846 apparet,
774 3763 823 3847 qui
839 3760 1012 3847 Pompeium
1037 3762 1211 3828 munitioni·

82 3864 138 3927 bus
153 3864 339 3928 obsidebant.
365 3862 442 3929 Mihi
457 3868 645 3931 scribendum
655 3866 774 3928 uidetur
796 3868 857 3952 ‘pari
873 3870 992 3929 fuerant
1005 3866 1036 3928 in
1055 3864 1208 3931 uaiiibus'.

84 3960 188 4031 Vaiies
203 3967 234 4028 in
252 3967 296 4029 bis
312 3968 387 4029 loeis
402 3978 672 4032 commemorantur
687 3966 741 4045 49,
758 3968 798 4031 d:
822 3989 917 4051 nequae
942 3968 1136 4051 improbabile
1162 3980 1212 4035 eet

82 4088 148 4133 eam
170 4069 256 4131 buius
278 4069 388 4132 radieis
410 4071 503 4134 inisse
525 4082 674 4147 naturam,
702 4082 736 4134 ut
750 4072 881 4135 maxime
897 4072 971 4136 loeis
994 4073 1134 4137 demissis
1157 4094 1211 4139 na·

83 4182 229 4236 seeretur.

171 4270 209 4337 G.
226 4270 287 4353 aa,
312 4272 334 4336 d
354 4274 520 4338 dubitatum
535 4286 583 4340 est
596 4276 634 4341 de
655 4278 700 4341 bia
716 4277 834 4339 uerbiaa
862 4283 908 4339 ‘ut
927 4287 1015 4341 eraut
1035 4278 1101 4343 toea
1125 4298 1211 4343 mon·
