2692 4688
494 194 816 260 *Μέ-

92 380 128 433 ut
142 370 235 433 uerba
256 369 341 432 ‘siue
355 365 509 432 inimicus'
526 387 740 452 praeponerem
762 364 955 429 inferioribus
979 372 1025 428 ‘ut
1040 365 1070 429 in
1087 365 1218 429 hostiurn

92 471 166 535 dues
183 470 323 536 ueniret’.
351 470 500 562 Adiuncto
515 479 613 533 autem
634 477 706 531 sont
725 465 929 550 superioribus
946 488 1009 531 cum
1027 470 1219 551 propterlor·

92 594 158 637 mac
180 572 403 637 similitudinem
426 582 500 646 tum,
524 571 594 653 quia
615 570 729 633 duobus
752 570 916 633 enuntiatis
939 569 1048 653 duplici
1070 569 1218 654 particula

94 673 182 740 ‘siue'
199 674 336 740 discretis
352 695 412 737 non
428 684 510 738 recte
525 673 650 755 singulis
665 693 721 736 sua
742 672 849 755 cuique
869 671 1008 755 apodosis
1023 670 1120 736 subici
1135 670 1219 736 uidc-

91 778 190 841 batnr.
221 773 255 840 Id
270 788 368 840 autem
385 777 489 840 eodem
505 775 594 838 modo
615 774 648 837 lit
662 794 711 858 ap.
728 768 796 837 Cic.
815 772 895 838 Pbil.
909 770 1000 852 xlv,
1017 770 1050 850 5,
1078 772 1118 837 tt
1137 781 1219 837 ‘nam

90 878 202 944 siccin
218 878 366 942 communi
381 877 488 960 gaudio
505 874 739 961 populiRomani
755 876 805 939 uni
818 874 1058 959 gratulabantur,
1075 896 1218 957 magnum

89 982 242 1058 iudicium,
259 982 326 1045 siue
340 980 454 1065 gratias
469 979 610 1063 agebant,
627 999 664 1041 eo
679 978 787 1056 maius,
804 978 872 1042 siue
888 990 1056 1061 utrumque,
1073 977 1219 1041 nibil-a·

90 1083 280 1170 qnilioentius
295 1081 465 1165 excogitari
482 1080 603 1165 potest,
620 1081 702 1143 etde
718 1080 770 1143 lin.
787 1075 815 1157 Ι,
835 1081 864 1158 l,
882 1078 902 1142 3
921 1081 1006 1143 ‘siue
1020 1080 1099 1143 enim
1115 1078 1153 1144 ad
1168 1100 1220 1143 sa·

89 1184 232 1268 pientiam
248 1184 400 1268 perueniri
415 1195 523 1268 potest,
542 1182 744 1266 conparanda
759 1182 845 1245 nobis
860 1182 955 1246 solum
966 1202 1013 1255 ea,
1030 1181 1219 1246 sedlrnonda

90 1285 180 1350 etiam
196 1296 254 1363 cst,
271 1287 337 1350 siue
352 1287 408 1350 boc
423 1286 541 1349 difficile
552 1296 611 1363 est,
628 1295 729 1348 tamen
744 1304 801 1347 nec
816 1285 919 1347 modus
935 1293 983 1348 cst
998 1282 1076 1347 ullus
1088 1284 1218 1348 inuesti-

89 1388 177 1473 gandi
195 1388 270 1464 ueri,
289 1387 346 1451 nisi
363 1388 528 1461 inueneris,
547 1399 578 1451 et
592 1386 755 1469 quaerendi
770 1386 946 1469 defatigatio
961 1385 1059 1471 turpis
1070 1395 1131 1464 ost,
1147 1406 1217 1451 cum

89 1489 132 1565 id,
149 1491 227 1571 quod
243 1488 410 1571 quaeritur,
426 1487 467 1552 sit
481 1488 734 1571 pulcherrimum'.

176 1586 215 1653 C.
233 1589 287 1667 37,
309 1589 329 1652 b
351 1589 421 1653 lerri
438 1610 498 1652 non
513 1601 655 1673 possunt,
682 1610 758 1672 quae
780 1587 1010 1674 Dudendorpius
1032 1610 1075 1653 ex
1095 1588 1219 1674 optimis

89 1694 177 1759 codd.
194 1691 450 1776 compluribusque
465 1692 646 1756 deteriorum
661 1693 794 1775 recepit:
820 1690 972 1757 ‘Perfecit
992 1691 1143 1777 inceptum
1165 1712 1217 1757 ca·

88 1807 220 1861 atrorum
236 1816 310 1879 opus
324 1792 475 1857 Domitius
488 1805 573 1878 parte
589 1795 740 1877 copiarum
756 1815 810 1877 pro
826 1795 905 1857 uallo
926 1794 1087 1858 instituta'.
1123 1790 1219 1860 lusti-

90 1908 215 1963 tuuntur
230 1896 309 1960 enim
325 1916 361 1960 ea
376 1906 502 1972 tantum,
528 1916 605 1979 quae
621 1917 680 1959 non
696 1907 785 1974 sunt,
807 1897 1052 1979 quemadmodum
1073 1917 1112 1961 eo
1132 1898 1215 1975 loco,

90 2022 175 2083 quem
189 1996 419 2081 Dudendorpius
435 1998 592 2082 ascripsit,
616 1997 647 2059 b.
665 1994 744 2061 Gall.
763 1995 790 2076 l,
806 1999 849 2062 23
864 2000 919 2072 in,
944 1999 1056 2083 duplex
1070 2000 1155 2066 acies
1168 2001 1217 2065 in-

88 2103 171 2166 stitui
188 2102 307 2166 dicitur.
331 2098 428 2164 Recte
444 2099 588 2165 edebatur
604 2100 792 2164 ‘instructa’e
816 2102 935 2166 codices
959 2103 1147 2166 ‘constituta’
1163 2124 1217 2187 po-

89 2206 216 2271 nendum
233 2226 303 2270 esse
318 2205 536 2269 demonstrant.

173 2305 212 2372 C.
230 2305 272 2373 39
300 2307 341 2370 in.
368 2308 440 2370 baec
462 2308 493 2370 in
516 2305 601 2370 codd.
627 2306 783 2388 leguntur:
810 2304 980 2372 ‘Domitius
1003 2318 1121 2385 autem,
1146 2330 1214 2374 cnm

88 2406 231 2473 Caesaris
254 2408 349 2492 magis
371 2409 504 2492 periculo
527 2429 614 2491 qnam
639 2429 694 2471 suo
715 2422 956 2474 commoneretur
976 2431 1073 2495 neque
1097 2422 1214 2477 seluto

88 2512 290 2575 discessurum
307 2509 516 2585 arbitraretur,
541 2511 569 2572 si
589 2511 799 2588 condiciones,
825 2533 899 2594 quas
915 2514 1079 2589 reiecerat,
1104 2532 1214 2578 rursus

87 2619 240 2694 appeteret
254 2618 307 2674 aut
321 2610 388 2673 sine
403 2632 493 2674 eausa
509 2610 687 2689 discederet,
706 2633 745 2675 ex
761 2614 933 2696 propinquis
950 2615 1059 2679 castris
1075 2615 1213 2681 inaciern

87 2711 256 2775 exercitum
272 2712 398 2775 eduxit'.
430 2708 490 2775 Scd
506 2714 555 2777 illa
575 2715 651 2778 ‘sine
664 2715 765 2778 causn'
781 2716 883 2799 inepta
899 2729 979 2780 sunt.
1009 2717 1092 2782 Nam
1109 2716 1215 2783 Douri-

86 2814 146 2879 tius
161 2825 190 2879 et
206 2815 282 2878 satis
297 2834 419 2900 grauem
435 2834 556 2879 causam
573 2816 742 2880 discedendi
765 2817 908 2896 babebat,
935 2822 1011 2902 quod
1034 2842 1052 2883 a
1075 2818 1214 2885 Caesare

86 2915 292 2981 Alexandriae
307 2919 431 2981 obsesso
447 2918 630 2981 euocabatur
644 2917 714 2997 (38,
735 2916 779 3001 l),
803 2942 900 3002 neque
916 2923 977 2985 ulla
992 2944 1096 3000 causa,
1119 2944 1214 3007 quare

87 3020 115 3083 ci
131 3020 340 3083 discedendum
357 3020 477 3096 luisset,
495 3021 553 3084 iter
568 3032 686 3104 poterat
701 3023 794 3085 tutius
811 3023 896 3085 effici.
928 3023 1029 3107 Atque
1051 3036 1085 3088 nt
1106 3026 1154 3090 bic
1176 3048 1212 3091 ea

85 3121 177 3185 uerba
187 3131 349 3205 ponuntur,
367 3143 487 3185 eausam
502 3124 672 3187 discedendi
689 3145 752 3187 eam
770 3125 901 3186 nancisei
914 3125 1046 3190 uoluisse
1059 3125 1213 3195 Domitius

85 3223 216 3297 uidetur,
234 3231 266 3283 ut
281 3224 393 3304 proelio
409 3245 474 3287 cum
484 3222 642 3289 Pharnace
658 3227 855 3304 decertasset,
874 3228 970 3308 quasi,
996 3249 1061 3291 com
1077 3231 1144 3294 acie
1167 3232 1212 3297 ui·

86 3334 153 3387 ctus
169 3332 261 3399 esset,
279 3324 429 3405 quodlieri
439 3349 527 3410 posse
536 3349 601 3391 eum
610 3330 715 3411 lugere
723 3350 783 3391 non
794 3339 922 3411 poterat,
933 3330 1025 3392 tutius
1034 3332 1142 3397 luisset
1150 3335 1212 3399 dis-

85 3423 366 3501 cessurusverum,
379 3430 527 3509 quomodo
539 3430 613 3492 lraec
626 3429 716 3492 uerba
725 3432 909 3494 emendanda
922 3433 995 3510 sint,
1006 3455 1064 3496 non
1075 3434 1209 3501 inuenio.

170 3523 342 3591 Pharnaces
358 3530 394 3593 ab
411 3530 517 3615 oppido
525 3529 666 3615 Nicopoli
683 3532 756 3594 duas
773 3535 869 3595 lossas
885 3534 1016 3598 directas
1031 3536 1062 3599 in
1079 3558 1148 3600 eum
1164 3539 1210 3603 lo·

85 3648 151 3692 cum
166 3628 344 3708 deduxerat,
367 3652 426 3712 quo
441 3632 560 3717 longius
578 3634 716 3718 progredi
732 3654 791 3697 non
808 3637 1016 3700 constituerat.
1047 3637 1133 3704 lntra
1156 3642 1211 3707 bas

84 3730 181 3793 lossas
196 3729 291 3793 aciem
313 3730 481 3797 instruebat
503 3736 635 3817 equitatu
657 3736 694 3800 ab
718 3746 844 3819 utroque
867 3738 961 3803 latere
984 3752 1074 3804 extra
1098 3745 1209 3809 lossam

84 3830 229 3894 collocato
245 3834 287 3911 (c.
305 3831 358 3910 38,
376 3832 422 3915 3).
452 3832 568 3900 Couua
584 3857 649 3900 eum
666 3835 817 3903 Domitius
833 3840 875 3903 ita
891 3842 983 3905 aciem
1000 3844 1160 3927 disposuit,
1176 3856 1211 3911 ut

83 3933 114 3995 in
128 3932 235 3997 dextro
251 3954 344 3997 cornu
360 3933 506 4017 legionem
524 3939 704 4003 tricesimam
726 3951 843 4005 sentam
860 3944 1033 4022 collocaret,
1051 3943 1210 4013 Ponticam

82 4034 113 4098 iu
129 4034 265 4112 sinistro,
285 4033 420 4099 Deiotari
436 4037 569 4120 legiones
584 4042 614 4104 in
630 4044 726 4107 media
742 4043 806 4107 acie
827 4043 893 4124 (39,
911 4045 956 4129 2).
989 4045 1111 4113 Proelio
1127 4071 1209 4115 com·

83 4138 174 4201 misso
191 4137 269 4218 legio
284 4134 430 4201 xxxvl
445 4140 606 4219 equitatum
623 4146 703 4228 regis
721 4149 846 4232 fugauit,
865 4150 974 4212 fossam
992 4152 1210 4218 transiitauer·

83 4259 194 4323 sosque
217 4239 320 4304 bostes
343 4250 390 4303 est
405 4260 561 4325 aggressa.
593 4242 710 4311 Deinde
733 4251 769 4313 de
785 4248 911 4314 Pontica
928 4252 1045 4333 legione
1060 4276 1089 4318 o.
1107 4255 1164 4335 to,
1188 4258 1210 4320 2
