2692 4688
566 242 812 314 Erlsronan
1240 235 1308 305 779

584 441 622 481 an
644 435 785 481 anrruvrr.

212 526 258 602 (a.
275 516 332 600 46)
347 518 384 583 B.
400 499 484 602 Asa.
502 516 557 596 20,
571 516 611 581 3:
635 517 772 582 Litteras
786 515 818 578 in
836 509 970 578 Siciliam
985 512 1164 595 nuntiosque
1179 513 1246 576 mit·

124 635 209 702 tere,
232 635 266 687 ut
289 621 344 685 sibi
369 632 465 684 crates
488 623 701 704 materiemque
724 625 923 702 congererent
944 616 982 677 ad
1006 614 1136 693 arietes,
1160 615 1246 679 cuius

124 726 223 809 inopia
239 725 272 787 in
288 723 390 787 Africa
406 736 499 802 esset,
518 735 672 808 praetcrea
689 724 811 795 ferrum,
829 717 977 803 plumbum
993 717 1171 781 mitteretur.

88 840 105 889 5
399 849 437 888 an
451 847 583 889 antuuvu
599 847 635 888 er
649 843 788 887 aanrnrvu
802 842 970 884 rcsrvnvrr.

205 933 251 1009 (a.
265 924 322 1010 46)
339 927 377 992 Β.
397 928 481 1010 Asr.
499 925 553 1006 26,
571 927 609 991 3:
627 924 755 989 Litteris
770 923 910 987 celeriter
923 923 954 984 in
964 919 1097 986 Siciliam
1115 920 1244 1005 [missis]

123 1033 159 1095 ad
169 1031 310 1094 Alienum
326 1028 519 1093 ctllabirium
530 1028 704 1092 Postumum
721 1026 898 1109 conscriptis
914 1026 973 1110 [et]
987 1044 1041 1109 per
1054 1035 1245 1108 catascopum

121 1133 226 1210 mittit,
238 1142 271 1195 ut
284 1131 352 1195 sine
366 1153 448 1195 mora
465 1154 500 1196 ac
516 1133 596 1196 nulla
612 1130 807 1196 excusatione
817 1128 921 1191 lriemis
931 1139 1147 1210 uentorumque
1156 1147 1244 1208 quarn

122 1234 278 1298 celerrime
301 1235 455 1298 exercitus
476 1235 534 1299 sibi
549 1243 821 1318 transportaretur:
844 1230 978 1294 Africam
995 1231 1176 1313 prouinciam
1193 1250 1250 1312 pc-.

67 1345 101 1399 10
121 1336 183 1399 rire
205 1334 395 1418 funditusque
419 1336 512 1398 euerti
529 1337 566 1400 ab
581 1335 646 1399 suis
660 1335 807 1413 inimicita
831 1333 908 1416 quod
924 1333 981 1396 nisi
997 1331 1138 1397 celeriter
1152 1332 1253 1396 sociis·

123 1438 202 1500 lorct
215 1437 414 1514 subuculam,
440 1447 559 1520 praeter
573 1437 667 1521 ipsam
686 1436 819 1500 Africam
836 1445 948 1498 terram
964 1433 1057 1510 nihil,
1076 1455 1114 1496 ne
1131 1444 1242 1497 tectum

122 1538 252 1621 quidem,
269 1559 327 1620 quo
343 1559 377 1601 se
393 1540 573 1622 reciperent,
591 1540 628 1602 ab
643 1539 760 1603 illorum
777 1537 892 1602 scelere
906 1537 1082 1619 insidiisque
1097 1536 1243 1619 reliquum

121 1639 262 1701 futurum.
521 1644 523 1649 ‘

504 1790 507 1797 -
528 1768 566 1807 an
581 1767 645 1808 sea.
662 1764 830 1808 srurrcrvrr.

64 1853 97 1904 tt
133 1888 139 1899 .
207 1842 253 1925 (a.
271 1841 328 1922 46)
347 1841 414 1906 cao.
432 1844 476 1906 ad
488 1844 577 1908 Fam.
594 1843 688 1908 XIII
693 1890 701 1921 ‚
720 1842 781 1919 19,
802 1843 838 1905 lc
864 1839 1014 1907 Effectum
1037 1854 1084 1907 est
1102 1854 1135 1906 et
1148 1843 1242 1930 ipsius

118 1943 277 2027 splendore
293 1953 324 2004 et
338 1944 444 2006 nostru
458 1945 700 2027 reliquorumque
715 1944 864 2027 hospitum
874 1946 986 2025 studio,
1003 1946 1155 2022 ulamma,
1166 1966 1242 2029 quae

118 2043 274 2116 uellemus,
291 2061 310 2104 a
328 2040 467 2107 Caesare
477 2045 728 2130 impetrarenturp
746 2046 822 2127 quod
839 2045 995 2129 intelleges
1011 2069 1051 2113 cx
1066 2049 1104 2112 iis
1119 2047 1239 2125 litteris,

120 2165 193 2228 quas
210 2141 328 2210 Caesar
342 2145 377 2208 ad
394 2154 424 2209 te
439 2146 528 2211 dedit.

581 2273 620 2315 an
635 2270 770 2312 arncvn.

59 2356 95 2410 tt
203 2358 246 2424 (a.
264 2348 321 2433 46)
341 2351 413 2416 Cic.
427 2352 472 2416 ad
485 2350 557 2415 Aac.
574 2348 656 2427 XII,
672 2349 713 2425 6,
730 2347 768 2413 3:
798 2345 915 2413 Caesar
929 2350 999 2414 mihi
1015 2351 1142 2416 irridere
1157 2356 1241 2415 uisus

119 2458 166 2513 cst
180 2469 291 2532 quaeso
306 2453 377 2516 illud
393 2465 487 2531 tuum,
501 2452 576 2536 quod
593 2460 662 2517 erat'
671 2451 807 2526 εὐπινὲς
821 2464 853 2516 et
865 2452 1024 2516 urbanum.
1050 2452 1095 2518 lta
1107 2475 1196 2538 porro
1208 2464 1240 2520 te

118 2548 185 2613 sine
200 2572 273 2616 cura
288 2574 355 2617 esse
370 2555 471 2630 iussit,
483 2566 514 2619 ut
528 2556 601 2619 mihi
616 2555 734 2638 quidem
749 2554 961 2619 dubitationem
978 2578 1093 2622 omnem
1107 2559 1237 2623 tolleret.

561 2681 599 2721 an
614 2677 791 2721 perorantur.

200 2758 246 2835 (a.
264 2752 320 2836 45)
340 2753 407 2819 Cic.
419 2778 482 2842 pro
497 2757 606 2824 Dedot.
624 2757 677 2835 14,
695 2756 755 2822 38ε
779 2756 852 2821 Non
869 2757 981 2837 dubito,
999 2761 1068 2842 quin
1085 2762 1144 2825 tuis
1159 2761 1238 2823 litte-

56 2866 93 2921 2t
113 2854 168 2931 ris,
187 2876 312 2938 quarum
328 2861 497 2945 exemplum
511 2862 583 2945 legi,
599 2880 673 2944 quas
688 2861 725 2923 ad
741 2881 809 2923 eum
818 2859 993 2925 Tarracone
1009 2862 1077 2926 huic
1085 2859 1238 2925 Blesamio

116 2956 241 3035 dedisti,
263 2979 298 3022 se
319 2962 415 3044 magis
438 2964 527 3026 etiam
549 2963 683 3026 erexerit
699 2963 735 3026 ab
751 2962 892 3048 omnique
907 2964 1106 3027 sollicitudine
1121 2964 1238 3027 abstra-

116 3060 209 3123 xerit.
239 3058 327 3123 Iubes
344 3064 422 3124 euim
439 3062 514 3126 benc
530 3085 653 3146 sperare
669 3074 700 3128 et
714 3064 792 3127 bono
808 3083 877 3127 esse
893 3066 1010 3144 animo;
1035 3068 1112 3150 quod
1127 3067 1192 3131 scio
1208 3077 1238 3132 te

115 3180 174 3225 non
191 3163 302 3224 frustra
319 3163 453 3228 scribere
467 3163 578 3227 solere.

586 3288 625 3328 an
640 3288 763 3332 mumu.

55 3371 92 3425 tt
197 3362 242 3449 (a.
259 3364 318 3446 45)
337 3364 404 3429 Cic.
422 3367 662 3446 adaram,
676 3367 759 3448 45,1
773 3394 780 3430 ι
805 3367 877 3432 Fuit
891 3373 968 3454 apud
983 3394 1031 3438 me
1046 3373 1153 3439 Lamia
1169 3385 1237 3457 post

115 3465 279 3529 discessum
296 3477 376 3531 tuum
392 3469 607 3555 epistolamque
620 3472 658 3536 ad
673 3491 721 3533 mc
736 3470 836 3534 attulit
850 3471 970 3537 missam
982 3474 1038 3540 sibi
1050 3497 1069 3539 a
1081 3473 1235 3555 Caesarea

115 3587 191 3648 quae
207 3589 382 3650 quamquam
399 3580 469 3633 ante
481 3571 550 3634 data
563 3581 630 3634 erat
640 3591 726 3654 quam
738 3573 807 3636 illae
815 3569 1029 3658 Diocharinae,
1042 3589 1140 3642 tamen
1150 3579 1236 3663 plane

115 3667 287 3732 declarabat
309 3670 391 3734 illum
414 3684 485 3735 unte
502 3672 587 3737 ludos
602 3673 757 3738 Romanos
772 3694 840 3739 esse
856 3689 1025 3743 uenturum.
1055 3678 1090 3744 ln
1107 3702 1165 3764 qua
1180 3702 1235 3745 ex-

114 3778 210 3832 trema
225 3772 366 3855 scriptum
383 3785 459 3852 crat,
478 3785 511 3837 ut
526 3776 561 3838 ad
579 3776 663 3839 ludos
680 3778 778 3840 omnia
793 3789 914 3861 pararet
929 3801 1004 3845 neure
1021 3783 1231 3863 committeret,

57 3882 90 3933 35
115 3880 148 3933 nt
171 3871 284 3935 frustra
299 3874 364 3956 ipse
379 3888 581 3959 properasset.
614 3875 743 3944 Prorsus
759 3901 800 3944 ex
815 3881 861 3945 his
876 3882 985 3947 litteris
1001 3905 1061 3948 non
1077 3885 1237 3951 uidebatur

222 3990 478 4060 ltipslnslhprom'r
487 3998 644 4060 Patrensi„
658 4003 715 4065 qui,
731 4016 790 4051 cum
803 4006 831 4053 a'a
842 4005 971 4068 partitas
979 4004 1151 4071 Pompeianis
1157 4007 1234 4073 fuir-

110 4071 160 4131 ret,
176 4066 208 4117 de
222 4068 297 4118 denir
309 4073 368 4120 saie
380 4073 502 4124 timebat.
610 4075 640 4127 17
655 4077 694 4127 lais
706 4077 851 4129 Medicear.
960 4082 991 4134 ta
1000 4082 1032 4133 ed
1046 4083 1081 4152 te]
1095 4084 1155 4137 Sor.
1170 4083 1233 4135 Sal·

106 4146 200 4208 pictae
211 4147 333 4197 Achatae
343 4151 509 4214 proconsule
518 4157 655 4216 praeerat.
783 4154 813 4206 21
830 4163 856 4206 et
868 4157 994 4209 urbanum
1007 4159 1055 4227 ita]
1070 4176 1084 4213 e
1098 4161 1174 4213 turbu
1187 4160 1233 4210 ml·

113 4230 175 4274 unte
186 4225 333 4293 Madicear,
347 4227 397 4279 aad
408 4243 479 4281 carr.
494 4232 522 4280 a'n
536 4242 625 4294 marg.
749 4229 784 4284 ‘2⁷
797 4231 860 4284 th.
872 4250 902 4301 p.
916 4235 978 4302 ⁷72,
991 4239 1035 4291 2⁴.
1139 4238 1179 4287 Ὦ.
1187 4236 1243 4282 ’xxxa

112 4302 258 4356 Modiam.
