2692 4688
81 194 145 263 etl
474 186 533 256 DE
555 186 700 257 BELLO
723 182 914 256 eunuco

143 377 260 446 cenent,
285 377 353 450 post
368 366 438 431 dete
453 365 540 450 signo
556 383 598 426 ex
612 362 721 428 eastris
736 371 927 446 erumperent
940 371 1030 444 etque
1045 379 1162 424 omnem
1177 378 1261 442 spem

103 471 246 541 beslutis
267 470 299 533 in
322 469 434 533 uirtute
454 477 613 551 ponerent.
660 462 748 546 Quod
768 465 843 529 iussi
868 475 959 541 sunt,
982 464 1098 528 iaciunt
1112 483 1148 526 ee
1162 460 1263 527 subite

138 571 275 637 omnibus
291 572 385 655 portis
400 570 558 653 eruptione
573 571 650 633 laete
667 588 762 651 neque
778 566 991 651 cognoscendi,
1007 566 1078 650 quid
1092 567 1190 644 lieret,
1208 585 1262 630 ne·

102 675 195 759 2qoe
210 675 257 737 sui
273 672 430 756 colligendi
447 671 582 736 bostibus
597 672 768 735 facultatem
783 671 967 753 relinquunt.
1011 667 1058 733 lta
1080 678 1264 733 commutate

140 779 260 841 fortuna
275 796 346 854 eos,
364 775 413 858 qui
428 775 460 839 iu
475 795 556 859 spem
573 775 781 859 potiundorum
798 784 966 837 castrorum
982 782 1151 850 uenerant,
1175 771 1262 836 undi-
1282 784 1299 835 Ι

140 900 198 962 qne
213 879 434 943 circumuentos
448 878 632 942 interficiunt
647 886 678 941 et
693 898 735 941 ex
750 876 899 940 bominum
906 875 1025 939 milibus
1035 875 1161 959 emplius
1169 885 1262 953 xxx,

140 1002 226 1066 quem
242 1002 397 1046 numerum
413 979 607 1044 barbarorum
622 981 659 1043 nd
676 990 774 1043 cestre
789 978 910 1043 uenmse
924 980 1102 1056 consulat,
1119 979 1187 1061 plue
1202 987 1265 1043 ter·

140 1085 183 1148 tis
198 1095 283 1169 perte
306 1084 466 1147 interfecte
486 1084 619 1166 reliquos
641 1082 820 1167 perterritos
841 1084 873 1145 in
888 1082 987 1164 lugam
1003 1081 1158 1144 coniciunt
1171 1100 1208 1144 ne
1224 1100 1264 1145 ne

105 1183 172 1250 tin
196 1187 271 1250 loeis
293 1186 412 1269 quidem
434 1185 639 1269 superioribus
654 1185 821 1249 consistere
835 1184 1000 1268 potiuntur.
1046 1180 1100 1247 Sic
1124 1183 1263 1247 omnibus

142 1287 271 1352 bostium
294 1290 388 1374 copiis
409 1289 485 1354 lusis
506 1288 658 1371 armisque
680 1288 781 1352 exutis
803 1308 837 1352 se
859 1286 892 1350 in
907 1297 1009 1350 cestre
1023 1285 1264 1369 munitionesque
1287 1296 1322 1351 ts

104 1388 212 1454 denes
227 1391 386 1474 recipiunt.
411 1389 479 1473 Quo
494 1391 607 1475 proelio
623 1393 715 1466 lecto,
732 1390 809 1472 quod
824 1389 942 1472 saepius
957 1390 1108 1454 fortunam
1116 1400 1265 1475 temptare

140 1489 239 1556 Galba
254 1491 375 1556 nolebat
388 1504 477 1576 etque
492 1492 551 1558 elic
566 1512 600 1556 se
616 1493 647 1555 in
663 1491 785 1556 hiberna
801 1492 927 1556 oonsilio
943 1493 1063 1556 uenisse
1071 1492 1261 1574 meminent,

140 1592 208 1657 eliis
232 1595 401 1659 occurrisse
424 1594 514 1659 rebus
536 1596 673 1674 inderet,
704 1595 834 1659 maxime
856 1595 995 1658 frumenti
1019 1605 1265 1680 commeatusque

140 1695 242 1780 inopis
256 1708 409 1780 permotus
424 1708 547 1782 postero
561 1697 754 1762 dieomnibns
769 1699 834 1762 eius
850 1698 910 1763 uici
926 1698 1069 1763 aedificiis
1084 1697 1218 1762 incensis
1231 1698 1264 1763 in

104 1795 126 1862 b
141 1799 326 1883 prouinciam
341 1802 454 1865 reuerti
469 1802 623 1867 contendit
638 1822 674 1864 so
690 1801 770 1865 nullo
787 1801 873 1865 boste
887 1801 1064 1884 probibente
1078 1812 1132 1864 eut
1144 1800 1265 1866 iterde·
1287 1811 1319 1867 lt

140 1913 277 1967 momnte
292 1903 624 1988 incolumemlegionem
639 1905 672 1969 in
681 1903 859 1984 Nantuatis,
876 1904 946 1967 inde
960 1902 1179 1988 inAllobroges
1194 1923 1264 1988 per·

140 2004 228 2068 duxit
242 2005 341 2088 ibique
356 2006 509 2071 biemauit.

104 2106 126 2175 7
226 2106 284 2172 llis
292 2107 383 2173 rebus
398 2110 492 2195 gestis
513 2132 579 2174 cum
595 2109 731 2175 omnibus
756 2111 792 2174 de
804 2107 1032 2176 enusieCeeser
1046 2118 1179 2193 pacatam
1187 2107 1264 2175 Gul-

143 2209 213 2273 lism
229 2212 430 2291 existimaret,
448 2214 598 2299 superetis
613 2211 738 2297 Belgis,
764 2215 899 2297 expulsis
915 2210 1094 2290 Germanis,
1116 2211 1207 2275 uictis
1229 2211 1263 2275 in

140 2311 266 2397 Alpibus
275 2312 417 2394 Seduuis,
434 2327 523 2400 etque
539 2316 581 2379 ite
596 2318 670 2380 inite
686 2317 782 2380 bieme
798 2314 989 2401 iulllyrieum
1006 2316 1155 2400 proiectus
1162 2323 1259 2393 esset,
1282 2324 1320 2380 tt

140 2414 218 2496 quod
234 2435 286 2479 ees
309 2438 424 2499 quoque
446 2420 588 2482 notiones
609 2419 693 2482 edire
714 2430 747 2482 et
767 2420 907 2503 regiones
928 2436 1113 2504 cognoscere
1125 2415 1261 2494 uolebat,

103 2512 126 2578 2
139 2514 271 2579 subitum
285 2515 395 2581 bellum
410 2520 441 2582 in
458 2516 556 2584 Gnllie
572 2532 707 2585 coortum
723 2532 781 2585 est.
818 2519 895 2584 Eius
910 2521 980 2586 belli
997 2522 1070 2585 bueo
1085 2521 1141 2585 luit
1155 2540 1260 2584 aues.

140 2612 263 2680 Publius
279 2614 410 2685 Croesus
432 2622 606 2688 adulescens
633 2645 699 2687 cunr
722 2624 842 2709 legione
864 2625 990 2708 septima
1005 2625 1163 2708 proximus
1177 2642 1262 2688 mere

104 2713 294 2784 30eesnurn
310 2722 342 2785 in
357 2721 494 2788 Andibus
510 2725 669 2790 hiemaret.
714 2725 767 2805 ls,
791 2728 869 2809 quod
884 2728 914 2790 in
931 2727 977 2790 bis
993 2726 1069 2790 loeis
1084 2727 1185 2811 inopis
1200 2727 1262 2790 lru·

139 2824 334 2904 mentiente,
359 2828 524 2911 praefectos
547 2829 741 2912 tribunosque
756 2830 880 2893 militum
897 2829 1056 2914 conplures
1071 2829 1105 2893 in
1119 2828 1262 2893 buitim
1282 2838 1317 2893 ts

103 2923 125 2986 4
141 2926 280 2991 oinitutes
296 2930 437 2994 frumenti
452 2952 542 2995 cause
558 2932 687 3010 dimisit;
705 2932 810 3015 quoin
826 2952 950 2995 numero
966 2940 1033 2994 eret
1046 2928 1262 2995 Titus'l'errs·

249 3100 261 3152 l
276 3117 310 3153 ex
323 3102 402 3167 (AB)
412 3104 511 3168 CDB,
524 3104 576 3170 ej.
687 3104 703 3156 3
717 3106 777 3169 qnid
792 3103 911 3156 lecemnt
923 3104 948 3155 b.
1070 3103 1189 3169 liteque
1203 3102 1261 3154 Cb.

249 3179 264 3229 b
277 3180 459 3244 potiundorum
471 3181 529 3232 An
543 3182 569 3233 ‘6
581 3181 635 3232 uiis·
641 3181 649 3203 '
661 3186 690 3232 et
699 3196 736 3233 m.
747 3198 793 3249 pr.
807 3182 840 3233 Β.
980 3179 996 3232 7
1008 3181 1066 3246 plne
1078 3181 1160 3232 tertis
1172 3179 1262 3249 perte]

139 3250 251 3315 emplius
270 3256 379 3319 trigintu
398 3259 470 3309 nilis
482 3259 650 3310 berberorum
663 3267 725 3311 tune
738 3275 816 3311 esesu
828 3259 980 3311 referuntur
992 3260 1115 3311 Orosius.

140 3326 173 3379 1⁰
185 3331 288 3382 exustis
304 3333 336 3384 t'.
423 3336 450 3385 in
462 3343 552 3387 cestre
564 3337 782 3405 munitionesque]
797 3339 865 3388 intes
878 3337 1071 3402 munitioness.
1151 3338 1181 3391 ll
1197 3350 1261 3389 ms

138 3407 238 3458 ΜΟ.
355 3417 664 3480 κοερεωηῑηι.ρν.θ.
788 3414 1261 3478 ltelioscsesstsee.m.B.slis

139 3495 215 3547 quem
229 3485 254 3536 b.
362 3487 392 3539 1⁵
405 3490 539 3554 prouineis
554 3491 585 3542 C.
682 3492 713 3544 lb
726 3492 753 3543 ἰι
766 3493 882 3542 uetustis
894 3491 919 3541 B
931 3496 959 3540 et
970 3495 1140 3543 eoetssctr'ss
1150 3493 1177 3546 A
1188 3493 1264 3560 (sper

139 3559 247 3612 letiam
259 3563 274 3612 b
286 3566 342 3616 etl
360 3566 454 3633 ulii’),·
475 3569 500 3620 in
519 3576 665 3622 muntnstes
681 3569 751 3632 ΒΕ,
773 3570 798 3620 ἰιι
819 3569 963 3634 stuetess,
984 3570 1010 3619 in
1032 3576 1155 3620 sntustos
1171 3570 1218 3622 Gt
1236 3574 1268 3622 st

138 3650 192 3685 see.
205 3652 242 3687 m.
256 3639 289 3689 B·
395 3644 455 3696 inde
468 3661 522 3695 om.
539 3648 571 3698 C.
693 3645 848 3708 Allobroges
859 3646 916 3697 AB
926 3646 1007 3711 ΟΒ]
1014 3647 1094 3696 ‘erre
1106 3646 1264 3712 plerique',

139 3709 295 3781 Allobroges
306 3733 334 3771 u.
460 3722 492 3775 ts
505 3723 605 3776 Cressr
617 3739 670 3775 our.
684 3739 721 3777 sn.
730 3739 777 3789 pr.
793 3725 818 3773 b.
952 3726 986 3778 20
999 3725 1036 3775 ite
1050 3726 1121 3776 ‘ose
1137 3726 1267 3780 td’esss

141 3793 403 3865 usdsseq.dr'screp.
509 3801 668 3868 luitsJins.
772 3801 798 3851 in
813 3801 904 3852 om.A
914 3802 987 3868 bes.
1086 3804 1117 3856 21
1134 3811 1160 3855 et
1172 3803 1263 3871 oses.

246 3876 280 3929 2³
293 3877 401 3928 Publius
413 3879 454 3938 Β,
468 3878 496 3931 P.
510 3895 540 3930 u.
657 3880 814 3931 adulescens
827 3880 853 3930 A
860 3881 916 3931 ΒΒ
926 3882 950 3931 Β
956 3900 965 3931 .·
980 3885 1009 3931 e'n
1023 3881 1048 3932 A
1059 3886 1090 3931 et
1099 3882 1124 3932 B
1137 3898 1152 3932 o
1164 3887 1207 3933 est
1217 3897 1266 3933 sss·

136 3963 188 4015 per
200 3965 233 4012 n,
246 3953 294 4002 ses
306 3957 334 4003 is
347 3956 397 4005 boo
406 3973 458 4007 see.
473 3973 509 4008 m.
631 3960 665 4014 tt
678 3961 703 4009 in
716 3957 845 4023 Andibus]
858 3960 901 4026 qni
915 3960 941 4010 in
954 3960 1072 4011 Andibus
1086 3961 1129 4011 G!
1141 3961 1157 4012 b
1168 3966 1264 4013 etses.

138 4041 174 4078 es.
189 4028 229 4091 B,
243 4031 286 4095 qui
300 4033 447 4100 endibtss:
460 4035 528 4101 spnd
539 4036 695 4101 Andegsuos
706 4038 827 4089 Orestes
910 4039 1038 4089 biemerst
1049 4038 1194 4105 ABesJ,
1208 4040 1266 4092 bie·

138 4113 259 4157 asseret
272 4107 364 4158 CDB.
380 4109 412 4159 Ρ.
427 4110 470 4162 21.
597 4114 631 4167 25
644 4114 781 4181 conplures
793 4114 827 4164 Β.
949 4116 982 4167 26
997 4114 1120 4166 frumenti
1133 4130 1265 4168 eones·

139 4191 231 4251 tnsqne
245 4186 349 4252 petendi
362 4202 442 4238 osnes
456 4188 572 4255 bedes-
681 4189 750 4257 eret]
764 4198 792 4242 et
805 4191 871 4253 ΟΒ,
887 4198 928 4242 est
940 4193 1004 4258 ΕΙ,
1020 4196 1071 4260 pst
1080 4193 1200 4246 additis
1215 4194 1265 4246 Se·

139 4264 240 4315 snuios.
346 4263 422 4316 Titus
435 4267 473 4326 Β,
489 4264 520 4316 T.
527 4269 584 4332 fu.
