2692 4688
544 192 868 259 -118—

146 369 295 437 tuendas'.
331 367 376 432 At
390 389 418 432 o.
437 363 528 445 54,3
549 366 623 431 haec
642 365 787 449 legimusa
806 360 937 429 ‘Caesar
951 375 1063 443 umen,
1080 384 1148 427 oum
1165 365 1202 429 de
1217 384 1273 429 uo-

143 476 261 539 luntate
273 471 395 536 minime
410 468 529 534 dubium
544 478 628 532 esset
641 467 884 531 aduersariorum
900 487 1046 544 suorum,
1068 464 1214 551 Pompeio
1229 468 1273 533 lc-

146 577 264 662 gionem
287 572 404 639 remisit
427 581 460 634 st
480 592 536 635 suo
557 570 679 635 uomina
693 570 827 652 quintam
844 569 999 646 decimam,
1022 590 1109 652 quam
1124 569 1156 633 in
1171 566 1274 635 Gallia

146 680 286 746 citeriore
301 677 458 749 habuerat,
475 694 517 736 cx
531 683 653 737 senatus
667 672 807 736 consulto
821 670 903 734 iubet
917 672 1008 735 tradi.
1042 670 1079 734 ln
1095 672 1161 736 eius
1176 671 1273 737 locum

145 782 265 848 tertiam
280 762 425 843 decisum
440 776 589 859 legionem
604 776 637 840 in
653 772 771 839 ltaliam
787 775 896 851 mittit,
913 794 991 859 quac
1006 774 1157 858 praesidia
1172 784 1274 839 tuere·

145 896 216 960 tur,
239 904 280 947 cn
295 879 401 965 quidm
416 877 572 964 praesidiis
588 879 691 961 quinta
706 877 818 942 decima
834 876 1054 941 deducebatur'.
1093 874 1174 940 Hinc
1188 888 1276 942 reate

144 989 205 1053 iam
221 980 402 1049 Ciacconias
425 981 532 1046 statuit
551 989 677 1064 atroque
700 981 768 1044 loco
794 980 918 1044 eandem
940 979 1086 1064 legionem
1103 980 1274 1063 ponendam

146 1108 229 1165 esse,
245 1086 300 1151 sed
316 1085 399 1149 lalcis
414 1082 588 1169 quibusdam
602 1081 768 1147 rationibus
782 1083 920 1147 inductus
935 1103 1001 1146 anm
1017 1091 1153 1164 questam
1172 1081 1275 1167 appel·

146 1191 237 1255 latam
252 1189 345 1252 luisse
361 1185 496 1251 credidit.
534 1183 645 1270 Neque
667 1184 871 1250 duodecimam
887 1194 919 1249 et
932 1184 1065 1268 quintam
1080 1184 1225 1251 decimam
1240 1183 1275 1249 iu

147 1290 248 1359 Gallia
263 1289 405 1354 citeriore
427 1289 538 1366 luisse,
564 1287 618 1351 sed
640 1307 750 1365 unam3
773 1297 806 1352 et
824 1287 957 1371 quintam
978 1286 1122 1351 decimam
1144 1297 1275 1371 atrcqaa

146 1396 215 1458 loco
229 1392 394 1474 ponendam
411 1410 481 1453 esse
496 1389 662 1473 apparebit,
678 1409 758 1468 cnm,
775 1401 849 1473 quot
862 1389 997 1474 legiones
1012 1383 1131 1454 Caesar
1151 1389 1183 1453 ia
1197 1386 1275 1455 tlat-

147 1495 188 1560 lia
202 1493 358 1571 habuerit,
382 1491 623 1575 exposuerimus.
662 1486 740 1555 Cum
755 1485 873 1556 Caesar
886 1512 941 1577 pro
954 1492 1079 1558 consula
1093 1492 1125 1557 in
1141 1488 1275 1557 Gum-

145 1596 284 1671 ueniret,
305 1595 337 1658 in
358 1592 502 1657 ulteriore
522 1591 677 1675 prouincia
698 1613 758 1657 una
777 1605 847 1657 erat
860 1594 940 1679 legio
955 1591 998 1676 (l,
1013 1593 1047 1674 7,
1063 1592 1112 1677 2),
1134 1604 1201 1659 tres
1215 1592 1276 1659 cia*

149 1720 216 1764 cum
230 1694 401 1780 Aquileiam
417 1694 600 1772 hiemabant,
616 1693 689 1758 duas
703 1695 768 1779 ipse
784 1692 902 1760 Cacsar
914 1696 948 1759 iu
962 1696 1104 1760 citeriora
1116 1695 1277 1780 prouincia

148 1799 330 1884 conscripsit
344 1809 376 1862 et
390 1797 443 1860 has
458 1796 588 1879 quinqua
602 1796 635 1859 in
650 1797 822 1861 ulteriorem
835 1796 963 1864 Galliam
973 1795 1148 1879 adduxit(l,
1160 1794 1274 1881 103).

148 1902 255 1987 ltaque
269 1882 364 1985 primo
379 1918 459 1961 anno
474 1916 534 1961 sex
547 1897 685 1981 legiones
698 1899 729 1961 in
745 1901 880 1963 exercitu
897 1897 1040 1965 Caesaris
1063 1902 1201 1978 luerunt,
1223 1900 1275 1985 qui

149 2022 293 2071 numerus
306 1997 335 2078 l,
350 1999 405 2079 24,
420 2001 443 2067 2
457 2000 578 2083 legimr.
604 1997 744 2065 Secundo
757 2021 837 2065 anno
853 2003 926 2065 duas
942 2002 1075 2086 legiones
1090 2022 1187 2067 nouas
1201 2024 1276 2069 coa-

150 2105 273 2193 scripsit
286 2100 344 2181 (ll,
360 2102 407 2184 2):
426 2112 458 2167 et
472 2098 514 2181 tl,
531 2098 564 2180 8,
581 2101 601 2165 5
625 2115 694 2167 octo
716 2104 850 2188 legiones
874 2105 1101 2170 commemorari
1125 2104 1273 2171 uidemus.

149 2209 266 2275 Harum
288 2226 346 2271 sex
368 2215 530 2269 ueteranae
551 2204 639 2270 initio
659 2204 790 2271 Neruici
813 2207 919 2290 proclii
934 2207 1072 2284 aderant,
1089 2206 1178 2285 dnae,
1196 2228 1276 2292 quae

148 2334 186 2379 ao
209 2331 289 2374 anno
320 2307 508 2389 conscriptae
533 2306 672 2386 lucrant,
699 2309 755 2373 sub
782 2310 870 2374 finem
901 2310 1007 2393 proelii
1034 2320 1279 2393 superuenerunt

150 2418 194 2495 (c.
212 2411 273 2487 19,
296 2409 319 2475 2
341 2406 432 2488 cad).
457 2404 533 2470 lllae
548 2429 605 2472 sex
621 2431 649 2474 c.
666 2409 710 2476 23
725 2413 912 2497 appellantur
935 2408 1007 2488 vlt,
1031 2407 1119 2490 Vlll,
1143 2407 1204 2488 IX,
1227 2408 1274 2493 X,

148 2512 209 2593 xl,
228 2508 305 2577 Xll.
327 2508 432 2592 ltaque
447 2529 515 2572 cum
530 2529 583 2574 eae
598 2511 747 2595 legiones,
766 2535 841 2597 qnae
857 2515 887 2577 in
904 2514 1045 2578 citeriore
1061 2510 1160 2577 Gallia
1173 2522 1276 2596 crant,

149 2616 263 2703 primae
277 2610 452 2676 numeratae
466 2631 536 2675 esse
552 2614 724 2693 uideantur,
743 2628 804 2681 tres
819 2616 899 2694 illas,
916 2637 993 2700 quae
1006 2617 1185 2683 aduentuin
1201 2614 1278 2683 Gal·

148 2720 219 2784 liam
235 2712 380 2781 Caesaris
395 2712 506 2777 circum
521 2713 689 2797 Aquileiam
713 2719 901 2797 hiemabant,
927 2719 1101 2803 septimam,
1124 2730 1277 2799 octauam,

149 2841 278 2898 nonam3
300 2837 409 2895 unam,
434 2833 510 2898 quac
532 2816 564 2881 iu
580 2820 723 2883 ulteriore
739 2821 893 2905 prouincia
909 2832 988 2899 crst,
1005 2821 1170 2902 decimamq
1187 2822 1277 2903 duaa,

150 2946 227 3010 quaa
250 2921 345 3010 primo
365 2940 446 2984 anno
468 2920 656 3003 conscriptae
677 2934 766 3002 suut,
791 2923 976 2988 undecimam
999 2935 1031 2989 et
1051 2924 1276 3007 duodecimam,

151 3029 226 3094 duas
241 3026 389 3111 denique,
412 3045 490 3110 quac
505 3023 561 3089 hac
577 3025 708 3090 secando
722 3047 803 3090 anno
819 3037 1032 3105 accesserunt,
1059 3027 1179 3092 tertiam
1196 3027 1279 3093 dasa-

149 3152 228 3195 mam
243 3142 274 3196 et
288 3142 426 3215 quartam
442 3130 585 3193 decimam
601 3129 765 3215 appellatas
790 3148 858 3193 esse
880 3139 1057 3194 statuemus.
1092 3126 1136 3193 Et
1155 3128 1279 3195 andeci-

149 3252 229 3294 mam
250 3232 346 3313 primo
367 3251 448 3295 anno
468 3232 660 3296 constitutam
684 3252 752 3297 osse
775 3230 892 3297 Hirtius
908 3228 998 3309 Vlil,
1013 3229 1045 3310 8,
1062 3231 1084 3297 2
1106 3232 1278 3312 conllrmat,

150 3332 201 3397 abi
216 3333 386 3417 septimam,
403 3342 553 3410 octauam,
569 3354 679 3398 nonam
696 3334 875 3399 ueterrimas
891 3336 976 3412 dicit,
992 3334 1190 3413 undecimam,
1207 3334 1280 3399 lieet

152 3447 221 3499 octo
244 3434 392 3519 stipendia
414 3434 595 3513 meruisset,
625 3436 758 3499 nondum
788 3448 887 3501 tamen
908 3437 1035 3502 eandem
1057 3436 1222 3502 uetustatis
1240 3456 1279 3503 aa

148 3535 271 3600 uirtutis
286 3537 402 3620 cepisse
416 3536 598 3621 opinionem.
633 3535 786 3601 Proximis
808 3538 905 3602 uibus
920 3540 1008 3604 annis
1024 3561 1120 3604 nouas
1142 3538 1280 3624 legiones

149 3639 337 3723 conscriptas
364 3661 424 3703 non
444 3658 513 3703 csse
533 3650 566 3703 et
580 3640 685 3724 quinto
699 3660 778 3704 anno
793 3642 961 3705 exercitum
977 3643 1128 3706 etiamtum
1150 3651 1222 3706 octo
1236 3640 1280 3707 le·

150 3740 290 3827 gionibas
305 3742 479 3807 constitisse
493 3762 535 3805 ex
550 3740 592 3822 V,
607 3740 630 3807 8
645 3744 801 3820 uidemus,
824 3742 883 3807 nisi
897 3745 975 3827 qaod
991 3765 1029 3808 eo
1043 3764 1123 3809 anno
1146 3743 1280 3828 quinque

150 3845 290 3909 mhortes
304 3864 395 3929 supra
411 3864 566 3908 numerum
582 3845 715 3908 luerunt.
756 3842 838 3911 Nam
852 3845 895 3926 V,
912 3846 954 3911 ld
978 3844 1096 3913 Caesar
1109 3847 1280 3931 legionibus

151 3944 276 4010 hiberna
291 3947 334 4009 ita
348 3944 506 4009 distributa
520 3967 588 4011 csse
603 3948 716 4012 refert:
737 3948 863 4029 ‘unam',
880 3949 988 4032 inquit,
1008 3951 1051 4013 ‘in
1066 3946 1210 4014 Morinos
1224 3949 1280 4015 da·

150 4048 276 4113 cendam
298 4045 337 4113 C.
361 4044 458 4111 Fabio
480 4045 579 4131 legato
599 4048 697 4129 dedit,
718 4049 843 4115 alteram
864 4051 895 4114 in
910 4049 1046 4116 Neruios
1062 4047 1103 4134 Q.
1120 4048 1278 4133 Ciceroni,

151 4151 271 4215 tertiam
285 4148 458 4215 inlisuuios
473 4145 648 4214 L.Rosoio'
663 4152 755 4235 (hanc
770 4153 865 4219 luisse
879 4152 1000 4218 tertiam
1016 4154 1160 4219 decimam
1175 4176 1205 4218 c.
1222 4153 1278 4236 58,

152 4250 176 4318 ti
189 4253 385 4336 declaratur),
415 4260 561 4337 ‘quanm
583 4274 650 4318 cum
666 4253 707 4319 Τ.
723 4253 861 4323 Labieno
880 4254 913 4321 in
929 4257 1058 4323 confinio
1072 4255 1282 4324 Treuerorum
