2692 4688
63 206 126 282 ibi
573 197 790 271 CAESARIS

122 381 239 447 Deinde
255 390 287 441 ut
303 389 436 460 tempora
452 373 512 440 siut
527 377 654 441 similias
672 377 697 440 si
713 376 764 439 illa
779 373 881 437 breuis
898 382 956 451 est,
967 385 998 436 et
1012 373 1063 438 illa
1080 375 1185 442 breuis
1198 378 1250 445 sit⁴

120 482 168 549 Dc
184 483 250 546 istis
266 480 403 543 omuibus
418 478 508 542 rebus
524 480 549 542 si
566 500 654 541 unum
671 478 767 540 minus
785 475 892 552 luerit,
917 476 976 538 iam
992 492 1052 540 non
1067 489 1131 543 stat
1145 483 1252 546 analo·

121 586 189 671 gia3
208 585 243 646 de
260 583 304 645 bis
320 582 421 656 rebus,
440 601 515 662 qnae
531 581 644 664 positae
660 590 732 643 sunt
747 580 823 660 apud
833 572 1009 654 Caesarem,
1022 579 1048 640 si
1063 583 1133 663 quial
1150 585 1250 648 minus

121 687 222 759 luerit,
240 685 298 747 iam
315 703 374 745 nou
390 683 482 744 stabit
493 682 569 745 ratio
585 681 753 763 analogiae.
779 680 833 742 Ait
848 679 926 742 enim
944 677 1078 745 Caesar:
1094 682 1169 748 Nisi
1186 709 1251 750 om·

122 790 171 852 nia
187 785 377 850 consentiant
392 786 471 847 inter
486 805 531 862 sc,
545 805 605 846 non
621 793 717 867 potest
733 782 809 856 lieri,
822 792 854 842 ut
870 781 999 844 nominis
1015 785 1179 851 similitudo
1192 791 1245 854 sit.
1268 802 1283 854 t

206 889 305 952 Idem.
323 887 401 949 ibid.
423 908 458 970 p.
475 885 537 949 27:
566 883 712 969 Legimus
735 883 811 966 apud
835 883 964 947 maiores
987 897 1109 952 nostros
1135 891 1248 973 primas

114 993 200 1076 'apud
214 991 368 1055 Romanos
382 999 420 1052 xl
436 988 554 1051 litteras
572 989 662 1051 luisse
679 986 894 1062 tantummodo,
912 997 947 1049 ut
961 987 1031 1050 dicit
1042 985 1160 1054 Caesar
1170 991 1250 1058 libro

121 1093 324 1175 analogiarum
335 1091 442 1173 primo.
459 1086 493 1151 ln
503 1090 579 1153 libro
589 1089 795 1172 analogiarum
804 1084 921 1151 Caesar
929 1089 1082 1169 boudixit,
1092 1103 1130 1155 xt
1139 1093 1246 1158 luisse.

209 1193 366 1256 Priscian.
381 1213 416 1275 p.
434 1190 497 1253 545
513 1189 573 1253 Ρ.ι
599 1189 734 1274 Pompeii
756 1209 874 1272 quoque
895 1191 1062 1273 genitiuum
1081 1214 1135 1276 per
1154 1196 1215 1259 tria
1236 1198 1247 1260 i

122 1294 309 1372 scribebant,
334 1315 458 1375 quorum
474 1293 531 1355 duo
547 1292 702 1375 superiora
718 1293 784 1355 loco
798 1294 1028 1355 consonantium
1045 1296 1245 1379 accipiebant,
1271 1309 1301 1363 to

122 1409 156 1460 ut
177 1397 203 1459 si
226 1396 307 1458 dieas
323 1393 494 1477 Pompei-ii.
526 1392 605 1456 Nam
631 1394 726 1457 tribus
748 1395 759 1455 i
781 1393 893 1458 iuuetis
909 1394 1004 1476 qualis
1021 1397 1116 1476 possit
1129 1400 1247 1483 syllaba

122 1497 330 1581 pronuntiari?
357 1495 437 1559 Nam
455 1506 635 1578 postremum
652 1497 660 1557 i
678 1517 731 1578 pro
748 1495 846 1559 uocali
862 1506 908 1557 est
923 1495 1143 1578 accipientium,
1167 1503 1246 1582 quod

121 1596 248 1662 Caesari
265 1598 436 1659 doctissimo
452 1597 526 1659 artis
543 1599 756 1678 grammaticae
772 1598 906 1682 placitum
918 1618 934 1658 a
947 1595 1071 1659 Victore
1083 1619 1203 1681 quoque
1214 1604 1246 1665 in

120 1709 185 1763 arte
200 1699 393 1783 grammatica
409 1698 444 1760 (lc
461 1698 584 1782 syllabis
604 1701 823 1783 comprobatur.

206 1799 326 1864 Probus
341 1809 403 1862 nrt.
418 1802 493 1862 min.
511 1798 572 1863 28:
599 1797 674 1864 Cum
692 1822 796 1864 omnes
811 1800 884 1866 artis
898 1800 1008 1864 latores
1023 1799 1241 1884 praecipucque
1268 1815 1302 1868 ts

121 1901 239 1967 Caesar
262 1913 382 1985 propter
396 1901 544 1966 rationem
559 1904 711 1965 oretricam
728 1914 759 1967 et
774 1914 991 1967 structurarum
1006 1902 1161 1985 qualitates
1177 1903 1240 1966 siu·

120 2006 254 2087 gulanam
269 2004 436 2066 litterarum
453 2024 544 2067 sonos
557 2006 769 2088 ponderarent,
781 2006 835 2068 bac
848 2007 962 2070 ratione
972 2004 1168 2068 seminocales
1178 2026 1242 2069 mu·

120 2107 159 2171 tis
175 2106 386 2191 praelereodas
402 2106 629 2185 iudicauerunt,
652 2108 729 2190 qood
744 2109 942 2173 seminocales
957 2108 1126 2192 geminatae
1140 2106 1177 2168 ad
1191 2127 1243 2169 so·

120 2230 190 2273 num
208 2209 359 2273 runcalibus
376 2221 556 2283 occurrunt,
582 2211 637 2272 boc
655 2221 719 2286 est,
744 2220 777 2272 ut
792 2212 937 2294 syllabam
954 2213 1053 2273 iacere
1068 2207 1192 2292 possint,
1209 2218 1243 2271 ut

120 2323 190 2396 puta
205 2313 255 2390 lla,
268 2332 329 2389 ars,
340 2332 437 2389 mons,
449 2313 529 2374 iners
546 2322 577 2375 et
592 2323 693 2375 cetera
708 2311 791 2374 talia.
816 2313 860 2375 At
875 2333 949 2376 uero
963 2322 1062 2373 mutae
1073 2310 1244 2392 geminatae
1267 2321 1301 2374 2⁰

119 2416 145 2477 si
161 2414 314 2477 uocalibus
331 2426 502 2490 occurrant,
515 2433 571 2477 nec
586 2413 730 2497 syllabam
748 2435 802 2477 uec
817 2436 921 2478 sonum
934 2414 1049 2477 scilicet
1064 2415 1164 2474 lacere
1175 2433 1245 2494 pos·

119 2526 199 2577 suut.
225 2513 301 2595 Quis
317 2518 395 2577 onim
412 2516 442 2593 b,
460 2540 488 2593 c,
506 2517 535 2593 d,
554 2515 584 2590 k,
601 2535 630 2596 p,
649 2538 679 2596 q,
698 2526 720 2592 t,
734 2537 753 2598 g
768 2518 934 2599 geminatas
950 2514 1103 2578 noualibus
1119 2514 1246 2577 misceat

119 2628 150 2680 et
164 2637 269 2680 sonum
286 2616 417 2700 syllabae
434 2629 532 2700 potest
547 2618 672 2681 audire?

204 2716 313 2806 Pomp.
333 2744 438 2783 eornm.
457 2731 518 2782 ort.
535 2720 615 2785 Don.
629 2742 666 2805 p.
678 2718 742 2783 233
761 2719 872 2784 tind.=
898 2717 1023 2782 Lectum
1038 2725 1084 2777 est
1100 2715 1158 2776 boc
1175 2737 1247 2781 sae·

118 2822 202 2904 pius,
221 2823 380 2905 praecipuo
395 2823 470 2903 opud
489 2820 669 2885 Varronem.
694 2818 750 2885 lllc
766 2822 853 2884 dicit:
876 2819 940 2883 Lac
961 2840 1020 2881 uon
1036 2817 1184 2882 debemus
1203 2819 1246 2882 tt-
1267 2830 1300 2881 25

118 2942 201 2997 cere,
219 2926 271 2987 sed
287 2925 357 2987 lact.
383 2921 442 2987 set
460 2925 536 2986 dixit
551 2921 667 2988 Caesar
680 2934 785 2985 contra
801 2923 894 3005 ipsum
911 2942 972 2985 rem
989 2919 1243 2998 ualentissimum,

61 3056 77 3070 -
118 3026 228 3088 nullum
247 3047 353 3089 nomen
371 3027 483 3089 duabus
499 3027 587 3089 mutis
606 3024 771 3089 terminari.

205 3126 301 3190 [donn
319 3128 394 3190 ibid.
408 3152 442 3212 p.
464 3125 543 3191 108:
561 3128 615 3190 Ait
629 3127 673 3190 sic
687 3123 803 3191 Caesar
817 3126 850 3191 iu
865 3125 946 3190 libris
959 3123 1135 3208 analogiae:
1151 3120 1243 3189 Duae

116 3225 303 3302 sarrtrllbae,
321 3229 379 3289 aliu
396 3229 466 3306 isto,
485 3250 570 3311 quant
588 3230 724 3293 nouimus
740 3229 897 3304 imbricis,
914 3240 946 3291 et
960 3228 1019 3291 alia
1034 3227 1081 3290 bic
1096 3225 1128 3288 iu
1136 3222 1240 3289 ltalia.

116 3325 260 3393 Volentcs
280 3328 405 3392 {lontani
422 3330 631 3396 discretionem
648 3333 749 3395 lacere
764 3333 839 3396 istos
851 3330 986 3397 Albanos
1002 3329 1154 3404 dixerunt,
1172 3327 1241 3392 illos
1265 3338 1298 3390 to

223 3562 262 3614 91
271 3579 298 3630 p.
309 3562 399 3616 wlfr.
506 3566 630 3632 Pompeiii
641 3567 779 3620 ltrebltus.
888 3569 938 3618 tria
952 3567 980 3617 iii
991 3564 1128 3617 It‘reblr'us.

115 3640 147 3692 lb
161 3643 388 3694 conscribebant
402 3648 498 3694 eontra
513 3645 590 3697 codd.
604 3647 705 3713 antiqui
717 3646 781 3697 add.
796 3646 952 3697 Patrobios.
1071 3641 1098 3692 ll
1115 3639 1241 3708 Pompeiii

111 3715 250 3771 Krcbliua.
350 3723 432 3773 tribus
442 3724 469 3772 iii
479 3723 539 3773 edd.
639 3733 728 3791 posset
737 3730 834 3776 contro
840 3723 985 3789 plerosque
994 3720 1070 3772 codd.
1080 3718 1239 3770 Putscbc'uc.

223 3797 254 3848 l3
268 3799 390 3863 placitum
404 3804 503 3866 optimi
514 3801 601 3865 rodel„
617 3803 739 3873 placitum
755 3801 837 3853 fuisso
851 3802 1004 3852 Patrobios.
1124 3797 1155 3849 15
1168 3799 1238 3850 Mai.

112 3877 186 3924 unct.
200 3875 282 3925 class.
297 3878 325 3928 V
331 3896 361 3943 p,
376 3881 435 3932 stt.
450 3879 544 3930 Anatt.
559 3879 674 3931 Vindob.
685 3895 716 3945 p.
731 3880 792 3932 233.
921 3880 952 3931 tt
966 3875 1066 3928 Eodem
1079 3874 1146 3925 Mai.
1162 3879 1238 3924 aare.

111 3947 192 3999 class.
201 3949 229 3999 V
237 3967 266 4015 p.
278 3953 326 4004 152
338 3972 373 4005 ox
386 3972 521 4024 anonymo
532 3960 787 4024 grammaticaque·
798 3957 900 4022 legitur
912 3961 941 4006 in
953 3955 1045 4005 codiee
1051 3952 1240 4018 Neapolitano

111 4027 235 4089 (numero
249 4027 281 4077 at
295 4032 371 4094 opud
380 4033 567 4097 ismaelitum),
575 4033 706 4100 protulit.
811 4034 844 4087 26
853 4034 1047 4084 ualedissimam
1056 4046 1103 4099 pr.
1112 4047 1149 4082 m.
1161 4031 1243 4083 Guel-

101 4104 283 4173 plterbytant'.
395 4107 428 4157 tt
441 4108 529 4157 Aricia
543 4126 578 4158 ox
592 4107 690 4161 blarsia
704 4115 872 4176 corruptum,
889 4111 966 4162 ltalia
979 4114 1072 4161 aretem
1083 4111 1177 4173 inepto
1186 4124 1241 4174 pro

100 4182 182 4240 Latio
195 4183 380 4240 substitutum
393 4199 410 4235 o
424 4183 549 4253 Pompeio
563 4187 681 4239 uidetur.
698 4189 743 4254 CJ.
760 4190 871 4240 Charis.
882 4205 912 4257 p.
928 4190 958 4241 8l
974 4189 1005 4241 1².
1017 4205 1023 4239 ε
1037 4188 1133 4240 Albani
1146 4188 1240 4240 dieun-

96 4274 143 4322 tur
154 4267 190 4324 ab
202 4269 323 4340 Albano,
338 4266 471 4324 attonsos
486 4272 577 4318 autem
589 4264 621 4316 ab
635 4263 839 4317 balbuluceuta.
