2692 4688
82 188 145 254 642
470 176 600 245 Bubul
623 175 933 244 ALEXANDlllNl

143 381 217 442 quos
232 356 427 421 Ptolomaeus
452 361 632 414 testamento
655 350 819 434 scripserat
839 360 929 433 atque
952 350 1122 417 obtestatus
1138 367 1207 419 erat
1222 379 1274 440 po·

108 461 244 545 2pulnm
260 457 441 528 Romanum,
460 474 498 516 nc
515 464 714 517 mutarentur.
740 451 821 515 Nam
840 452 954 517 maiore
969 475 1011 517 ex
1026 455 1141 520 duobus
1159 460 1273 542 pueris,

144 583 236 646 rego,
261 562 372 623 amisso
396 556 503 619 minori
528 555 649 618 tradidit
669 575 794 637 reguum
820 554 986 636 maiorique
1002 577 1044 620 ex
1058 558 1176 623 duabus
1193 562 1272 639 ubis,

109 660 345 746 3Cleopatrae,
370 678 447 741 qnae
470 667 624 720 manserat
646 658 676 719 in
700 656 755 719 lide
772 657 989 739 praesidiisque
1006 660 1090 723 eins:
1115 662 1272 742 minorem,

145 766 318 836 Arsinoen,
343 761 427 824 cuins
451 759 570 822 nomine
592 759 640 820 din
662 779 806 840 regnasse
822 758 994 841 inpotenter
1009 758 1207 848 Ganymeden
1222 766 1273 829 do·
1293 779 1306 828 t

149 868 283 942 culmus,
301 864 450 926 deducere
466 881 506 923 ex
522 880 616 941 regno
633 860 748 937 statuit,
767 882 804 923 ne
821 881 877 942 qua
893 882 999 926 rursus
1016 886 1096 928 noua
1111 865 1273 945 dissensio,

149 969 318 1054 priusquam
336 963 531 1027 diuturnitate
548 963 796 1025 confirmarentur
812 984 915 1046 regum
929 964 1064 1048 imperia,
1075 988 1130 1050 per
1141 969 1276 1033 homines

113 1070 309 1135 -lseditiosos
326 1075 513 1130 nasceretur.
542 1061 694 1145 Legiones
710 1064 751 1126 ibi
768 1075 908 1128 aeternna
926 1078 1018 1130 sexta
1034 1089 1137 1132 secum
1152 1070 1275 1133 reducta

150 1184 267 1236 ceteras
284 1169 414 1260 reliquit,
432 1188 489 1249 quo
506 1166 618 1227 firmins
636 1177 716 1228 essct
733 1187 833 1228 eornm
852 1187 957 1250 regum
973 1170 1140 1253 imperinm,
1158 1171 1207 1253 qni
1223 1192 1277 1234 nc·

152 1295 208 1357 qne
223 1254 355 1336 aurorem
372 1290 493 1331 suornm
510 1266 620 1329 babere
638 1277 791 1350 poterant,
817 1270 892 1351 qnod
911 1270 1038 1333 fideliter
1052 1284 1280 1354 permanserant
1300 1282 1325 1335 tt

151 1376 182 1438 in
200 1371 344 1438 Caesaris
369 1371 519 1445 amicitia,
544 1390 640 1450 nequo
657 1370 816 1432 uetustatis
832 1372 1038 1435 auctoritatem
1054 1375 1156 1456 paneis
1172 1374 1277 1438 diebus

119 1479 138 1541 5
154 1497 241 1559 reges
266 1468 437 1536 coristituti,
466 1468 561 1533 Simul
576 1471 611 1532 ad
630 1472 743 1554 imperii
760 1474 854 1535 nostri
872 1473 1044 1556 dignitatem
1060 1474 1279 1556 utilitatemque

154 1577 298 1660 publicam
317 1575 468 1658 pertinere
484 1573 685 1648 existimabat,
698 1574 724 1636 si
741 1586 946 1657 permanerent
960 1575 991 1636 in
1007 1575 1063 1637 fide
1075 1595 1175 1657 reges,
1188 1594 1277 1657 prae·

153 1678 236 1740 sidiis
253 1698 305 1755 eos
322 1675 434 1737 nostris
451 1695 519 1737 esse
537 1685 634 1753 tutos3
660 1676 685 1737 si
702 1687 805 1738 essent
820 1675 946 1759 ingrati,
971 1675 1170 1759 posseisdem
1186 1696 1276 1758 prae-

118 1779 238 1843 bsidils
270 1777 414 1842 coerceri.
456 1774 508 1840 Sic
535 1776 623 1840 rebus
652 1776 787 1840 erunibus
811 1777 952 1841 conlectis
981 1788 1012 1839 et
1033 1776 1190 1840 collocatis
1212 1775 1279 1861 ipse
1302 1786 1328 1840 tt

156 1882 278 1966 [itinere
294 1879 447 1964 terrestri]
465 1880 617 1963 prolectas
634 1889 680 1942 est
695 1881 725 1942 in
742 1876 875 1964 Syriam.

99 1983 145 2053 34
244 1980 321 2045 Dum
339 1982 411 2045 baec
428 1982 458 2043 in
475 1980 615 2066 Aegypto
631 1993 794 2066 geruntur,
814 2003 868 2044 rex
887 1980 1047 2046 Deiotarus
1063 1982 1099 2044 ad
1116 1977 1280 2045 Domitium

157 2081 330 2160 Caluinum,
349 2085 394 2147 cni
413 2079 528 2148 Cacsar
544 2083 647 2146 Asiam
664 2085 864 2167 finitimasque
880 2085 1051 2168 prouincias
1068 2082 1278 2147 administran-

158 2189 210 2250 das
234 2189 415 2261 tradiderat,
441 2187 522 2249 reeicit
545 2197 682 2264 oratum,
709 2208 745 2250 ne
769 2188 943 2250 Armeniam
966 2188 1130 2262 minorem,
1152 2202 1280 2268 reguum

158 2313 255 2369 snum,
274 2311 349 2354 irene
367 2288 597 2373 Cappadociam,
613 2310 736 2373 regnum
754 2289 982 2366 Ariobarzanis,
995 2287 1140 2372 possideri
1155 2282 1283 2349 uastari-
1302 2292 1330 2347 tt

116 2421 119 2431 ·
158 2412 215 2474 que
232 2402 417 2478 pateretara
436 2389 606 2468 Pharnace3
625 2413 681 2472 qno
697 2392 775 2454 malo
792 2392 848 2454 nisi
865 2392 1076 2466 liberarentur,
1088 2391 1233 2471 imperata
1248 2406 1281 2450 se

51 2479 57 2509 ²
160 2498 259 2555 lacere
288 2493 501 2576 pecuniamque
530 2494 704 2575 promissam
730 2489 855 2557 Caesari
888 2516 948 2556 non
978 2513 1066 2577 posse
1090 2490 1278 2576 persoluere.

124 2592 311 2661 abomirius
335 2617 393 2657 riou
418 2605 529 2657 tantum
553 2596 588 2657 ad
613 2596 805 2678 explicandos
828 2607 962 2680 sumptus
986 2596 1031 2658 rei
1054 2594 1194 2657 militaris
1215 2612 1282 2655 eum

160 2698 312 2782 pecuniam
330 2698 529 2761 necessariam
546 2718 613 2760 esse
629 2698 794 2775 indicaret,
819 2700 870 2761 sed
887 2700 975 2761 etiam
994 2708 1079 2781 turpe
1094 2696 1204 2781 populo
1218 2692 1282 2757 llo-

160 2822 248 2865 marro
262 2798 336 2865 etC.
348 2798 473 2865 Caesari
488 2800 593 2862 uictori
604 2800 718 2882 sibique
730 2802 838 2863 inlame
851 2822 919 2864 csse
931 2796 1284 2883 statnerctregnasooio·
1303 2800 1333 2855 2⁵

160 2926 224 2967 rum
241 2915 329 2986 atque
344 2904 505 2967 arrricorum
522 2900 558 2963 ab
575 2912 702 2964 externo
720 2923 791 2985 rege
806 2904 962 2986 occupari,
988 2901 1109 2965 irritatius
1126 2897 1281 2964 confestim

160 3008 196 3068 ad
213 3004 399 3070 Pharnacem
424 3004 523 3080 misit,
542 3002 686 3067 Armenia
703 3001 949 3090 Cappadociaque
965 3005 1124 3067 decederet
1139 3019 1214 3065 neue
1229 3020 1282 3061 oc·

161 3107 318 3189 cupatione
335 3108 400 3171 belli
418 3107 513 3169 ciuilis
530 3106 627 3190 populi
644 3105 771 3170 llomani
788 3108 834 3171 ins
851 3109 1095 3189 maiestatemque
1109 3111 1280 3188 temptaret.

124 3206 144 3270 3
163 3205 247 3269 llarm
265 3209 516 3270 drnuutiationeur
534 3230 600 3270 cnm
618 3209 760 3272 iuniorem
778 3212 835 3272 nim
854 3210 1017 3273 babituram
1035 3209 1237 3281 existimaret,
1257 3203 1283 3267 si

161 3309 282 3394 propius
306 3330 358 3372 eas
382 3310 521 3390 regiones
546 3332 610 3373 cum
634 3312 771 3373 exercita
787 3314 984 3389 accessisset,
1010 3311 1046 3375 ad
1063 3310 1199 3393 legiones
1215 3326 1285 3391 pro·
1304 3312 1333 3365 ll

162 3414 254 3475 lectas
279 3432 365 3473 artatur
389 3432 427 3472 ex
446 3409 538 3475 tribus
554 3422 665 3475 xxxvl
683 3434 783 3477 secum
801 3415 899 3493 ducit,
925 3415 998 3478 duas
1015 3414 1045 3477 in
1062 3413 1231 3497 Aegyptum
1247 3408 1284 3474 atl

272 3620 281 3671 l
298 3617 416 3684 populum
431 3618 582 3687 llomannm]
597 3630 672 3686 pater
685 3622 709 3671 b.
823 3623 837 3672 3
852 3623 955 3672 liliubns
970 3623 995 3672 b.
1107 3622 1122 3669 ἴ»
1137 3619 1286 3685 inpotenter

161 3715 186 3747 a.
310 3695 474 3763 Ganymeden
489 3696 531 3761 (a)
546 3702 574 3746 et
584 3701 643 3747 eirea
655 3701 835 3747 orraotnla'oue
849 3714 875 3746 u.
993 3698 1007 3748 7
1022 3697 1209 3747 diuturnitates
1222 3696 1287 3744 aulo

162 3790 229 3826 corr.
244 3792 270 3825 n.
388 3791 476 3837 regum
490 3775 654 3840 Stephanus,
671 3777 723 3839 regi
737 3792 753 3826 o
769 3777 800 3838 ὸς
815 3778 883 3841 regis
897 3792 923 3827 u.
1043 3778 1060 3827 8
1074 3776 1190 3837 legiones
1205 3773 1242 3824 ibi
1253 3798 1288 3809 -·

161 3852 200 3916 (tt)
214 3850 320 3914 reliquit
334 3852 396 3902 abb
410 3853 478 3901 aete.
493 3856 529 3916 el,
543 3858 593 3916 qui
606 3854 716 3918 legione,
730 3854 745 3903 3
759 3854 814 3903 olli
821 3874 829 3911 ‚·
846 3855 947 3919 legione
961 3883 992 3891 -
1008 3853 1042 3903 lbi
1063 3854 1169 3919 reliquit
1183 3869 1200 3902 u
1212 3850 1287 3917 (reli-

162 3928 223 3993 quid
236 3932 272 3989 α).
390 3933 405 3981 ll
419 3932 485 3995 qnod
499 3947 515 3979 a
530 3932 554 3980 b.
675 3934 705 3984 13
719 3933 849 3999 praesidio
862 3949 907 3983 ros
921 3941 1025 3982 nostros
1040 3933 1064 3980 b.
1185 3930 1216 3983 ll
1228 3942 1286 3980 esso

162 4015 231 4058 tutos
250 4022 316 4070 ega‚·
337 4017 427 4057 essent
440 4017 467 4059 ut
480 4011 526 4059 bos
539 4025 569 4073 a,
593 4026 650 4061 esse
664 4010 699 4076 (t)
713 4018 742 4061 ut
755 4010 801 4061 bos
816 4012 830 4060 b
839 4049 847 4073 ,
869 4027 929 4062 csso
944 4018 1013 4060 tutos
1027 4010 1062 4073 (2)
1077 4015 1105 4057 ut
1118 4008 1164 4057 bos
1179 4024 1208 4069 e,·
1228 4020 1287 4057 esse

161 4097 231 4138 tutos
245 4093 271 4134 et
284 4086 330 4134 bos
345 4101 361 4134 u
376 4086 461 4150 ((lune
475 4093 507 4137 ut
518 4095 643 4155 sempecta
657 4093 768 4147 uolani,
789 4106 820 4139 eo
841 4093 868 4139 iu
883 4091 897 4140 b
911 4108 925 4140 e
938 4089 994 4155 legi
1005 4088 1116 4139 silentio
1131 4084 1289 4135 Oudendor-

155 4170 200 4233 pa'a'
211 4161 371 4215 credendam
387 4167 478 4225 essct).
603 4169 684 4220 isdem
698 4185 725 4231 a,
739 4169 829 4218 lisdem
844 4185 871 4218 u.
992 4169 1022 4219 lt
1038 4166 1141 4234 [itincre
1155 4160 1288 4229 terrestri]

158 4246 188 4298 Ρ.
204 4240 264 4295 tta.
394 4241 424 4292 ll
438 4240 547 4306 Aegipto
560 4256 586 4289 a.
709 4245 742 4295 to
755 4244 926 4295 Aribarzanis
941 4246 965 4295 b.
1088 4245 1120 4295 22
1134 4242 1288 4309 promissat

157 4322 252 4374 amb.
367 4316 621 4380 25C.ab,our.u.
733 4327 864 4373 statueret
877 4322 901 4372 b.
1014 4318 1289 4373 atrabatensem

157 4400 376 4448 annotationem
480 4394 787 4461 deprecantemque.
894 4396 1116 4464 blleqiptumo.
1214 4394 1220 4408 ¹
