2684 4694
518 201 837 270 ...ηο-

119 375 272 441 incautius
287 373 432 458 permittit
445 374 478 438 in
493 376 699 459 praelectum'.
736 371 796 438 llic
809 373 901 438 uerba
925 374 1079 439 ‘inimicus
1096 375 1238 456 hornini',

121 498 199 562 quac
213 478 245 541 in
260 477 397 541 omnibus
408 477 493 541 codd.
509 478 662 561 leguntur,
679 478 822 543 aeriticis
834 479 926 542 eiecta
939 489 1025 558 sunt3
1043 479 1145 556 credo,
1163 480 1241 561 quod

121 579 223 664 inepte
238 576 404 654 Commius,
422 600 488 643 cnm
505 581 617 664 proelio
632 601 697 643 cnm
710 579 864 647 Voluseno
879 582 1084 660 contenderet,
1102 582 1168 646 huic
1184 581 1241 646 ini·

121 684 218 746 micus
234 683 291 744 dici
307 683 476 746 uidebatur.
522 680 584 747 Sed
605 683 635 746 id
658 683 705 745 hic
720 683 888 749 rectissime
903 684 946 746 lit.
992 679 1147 748 Commius
1161 684 1241 749 enim

121 809 189 851 curn
204 784 361 850 Voluseno
378 785 508 868 priuatas
525 786 651 849 habebat
664 785 857 865 inimicitias,
886 787 963 870 quod
984 806 1038 870 per
1060 806 1127 850 cum
1144 786 1243 871 specie

120 887 262 973 colloquii
278 886 394 951 insidiis
410 888 633 952 circumuentus
649 888 786 974 grauiter
799 900 865 954 erat
879 890 1074 963 uulneratus,
1101 909 1242 971 quaeres

120 1013 151 1055 o.
172 987 215 1055 23
236 1000 356 1054 narrata
379 999 436 1055 est.
468 986 572 1073 Itaque
596 991 642 1055 lais
664 991 766 1055 ucrlris
781 991 965 1067 declaratur,
990 990 1058 1074 quid
1075 986 1244 1055 Commium

121 1093 316 1179 permonerit,
329 1092 663 1176 utpraelcctunrsubito
671 1093 896 1178 aggrederetur.
913 1093 995 1156 Ante
1007 1093 1142 1177 proxima
1153 1093 1244 1156 uerba

123 1207 256 1260 ‘suorum
272 1197 396 1260 inuocat
409 1195 506 1258 lidem'
523 1196 614 1278 uulgo
629 1195 702 1258 hacc
721 1196 912 1260 inseruntur:
939 1203 1075 1279 ‘repente
1090 1193 1244 1259 omnium’.

121 1297 238 1364 Verum
254 1319 289 1363 ea
305 1298 335 1362 in
351 1297 424 1362 solia
439 1296 542 1361 lirun.
559 1318 607 1381 pr.
624 1294 708 1361 Scal.
727 1295 833 1362 Cniac.
854 1298 1005 1381 leguntur.
1038 1296 1075 1361 ln
1090 1295 1161 1361 Par.
1179 1315 1242 1361 sec.

122 1412 156 1465 et
169 1399 258 1466 Leid.
275 1423 321 1486 pr.
341 1402 500 1486 ‘repentc'‚
520 1401 552 1463 in
569 1399 642 1465 Par.
659 1423 704 1485 pr.
723 1399 816 1466 Voss.
834 1421 879 1485 pr.
897 1398 986 1485 Egm.
1004 1400 1179 1483 quibusdam
1194 1399 1245 1463 de·

123 1503 286 1568 terioribus
307 1515 465 1587 utrumque
487 1504 663 1568 uocabulum
680 1504 822 1567 omissum
839 1513 896 1566 est.
923 1501 1028 1586 Itaque
1043 1502 1179 1587 integros
1194 1522 1246 1567 ce·

122 1607 205 1672 dices
215 1618 338 1671 secutus
350 1627 427 1671 sum.
453 1603 570 1671 Deinde
588 1607 727 1671 ‘uulnera
743 1627 795 1690 per
806 1607 891 1669 fidem
907 1606 1055 1690 imposita’
1072 1606 1158 1691 posui
1173 1625 1245 1670 con·

121 1710 268 1774 iecturam
298 1706 424 1774 Gruteri
451 1719 586 1774 secutus.
631 1707 667 1773 ln
692 1709 879 1794 interpolatis
910 1710 996 1773 codd.
1027 1713 1171 1794 scriptum
1198 1719 1246 1773 ert

124 1812 261 1896 ‘perfidia
275 1812 475 1896 interposita‘.
503 1808 539 1874 In
553 1809 625 1875 Par.
643 1834 688 1896 pr.
705 1811 798 1878 Voss.
817 1834 862 1897 pr.
881 1822 913 1876 et
926 1812 1099 1895 quibusdam
1115 1811 1246 1876 deteriu-

121 1915 206 1979 rilrns
224 1923 299 1997 ‘per
313 1914 401 1977 fidem
416 1915 638 1996 interpositam'
662 1916 781 1998 legitur.
814 1913 861 1979 De
876 1914 964 2000 ligor.
983 1936 1044 1978 non
1059 1924 1179 1978 constat
1193 1934 1248 1998 per

122 2015 331 2097 Oudendorpii
347 2015 549 2093 oscitantiam,
567 2019 617 2099 qui
633 2018 708 2080 haec
717 2018 839 2080 scribite
855 2019 989 2100 ‘perlidia
1004 2014 1244 2101 inpositu'Egm.

122 2129 157 2182 et
173 2116 266 2181 Voss.
285 2136 349 2179 sec.
366 2116 420 2179 sed
444 2119 586 2200 ‘perlidia
606 2118 748 2201 inposita'
771 2119 863 2181 estin
878 2118 991 2183 Audin.
1011 2131 1040 2184 et
1054 2118 1244 2183 Petauiano’.

121 2219 235 2303 Neque
260 2226 332 2304 ‘per
350 2219 437 2282 iidem
452 2220 677 2304 interpositam'
699 2240 795 2302 nequo
813 2221 951 2306 ‘perfidie
964 2223 1157 2305 interposita'
1175 2221 1248 2285 lerri

123 2332 269 2410 possunt:
287 2320 346 2387 illis
362 2322 442 2386 enirn
457 2322 643 2408 participium
659 2323 777 2405 aliquod
793 2323 830 2386 ad
847 2323 1001 2386 ‘uulnera’
1016 2323 1169 2405 pertinens
1185 2323 1247 2388 adi·

124 2427 262 2491 eiendum
280 2437 364 2502 crat,
388 2426 510 2510 perfidie
525 2425 703 2511 interposita
719 2426 776 2490 diei
792 2427 905 2510 nequit.
950 2422 1023 2489 Par.
1042 2445 1088 2509 pr.
1106 2434 1137 2489 et
1152 2422 1246 2490 Voss.

125 2549 172 2614 pr.
190 2530 340 2614 scriptura
359 2537 445 2592 recte
467 2524 631 2592 Gruterum
654 2529 830 2594 emendasse
853 2529 1038 2593 demonstrat
1068 2533 1139 2612 ‘per
1160 2527 1247 2593 fidem

122 2631 286 2716 imposita'.
324 2627 461 2694 Volnera
480 2632 558 2695 enirn
580 2633 719 2716 imposita
740 2632 880 2696 diuorum
901 2650 955 2715 per
974 2630 1061 2694 fidem
1077 2630 1176 2693 datm
1190 2649 1248 2694 nec

124 2745 288 2807 seruatam,
304 2743 339 2795 nt
354 2733 399 2798 his
415 2728 511 2797 locis:¹
522 2729 614 2798 Caes.
632 2735 662 2798 t.
673 2732 791 2808 Gaul,
808 2730 862 2813 td,
879 2732 900 2796 3
917 2734 1172 2798 ‘committendum
1187 2753 1249 2797 non

124 2836 260 2919 putabat,
277 2846 312 2899 nt
326 2837 420 2921 pulsis
436 2837 571 2901 hordine
586 2837 643 2901 dici
659 2848 763 2921 posset
776 2857 829 2901 eos
845 2836 881 2900 ab
897 2857 931 2899 se
946 2834 1094 2918 perfidem
1109 2836 1140 2897 in
1156 2832 1248 2899 eollo-

124 2938 196 3021 quio
206 2938 448 3017 circumuentos'3
468 2938 536 3004 cie.
547 2940 584 3004 de
596 2941 713 3003 inucot.
723 2933 750 3018 l,
762 2936 815 3013 39,
829 2938 868 3002 71
883 2937 946 3021 ‘qui
958 2956 1176 3019 saepenumero
1192 2957 1248 3002 nos

125 3059 181 3123 per
194 3038 281 3105 idem
297 3041 484 3119 fefellerunt,
508 3039 611 3105 eorum
632 3042 763 3105 orationi
777 3041 864 3104 ddem
879 3039 990 3103 habere
1006 3060 1066 3101 non
1082 3038 1246 3117 debemns',

126 3162 182 3227 pro
197 3140 291 3206 Ilosc.
308 3142 380 3205 Am.
396 3141 452 3221 40,
471 3142 534 3206 116
550 3144 699 3207 ‘adonius
715 3145 806 3226 igitur
819 3143 905 3206 fidem
922 3142 1092 3227 confugiet,
1114 3161 1179 3205 cum
1195 3162 1252 3226 per

125 3244 192 3308 eim
207 3245 293 3308 iidem
309 3245 448 3320 laeditur,
466 3245 512 3307 cui
522 3245 796 3324 recommiseritl’3
814 3242 886 3309 Liu.
896 3241 923 3324 l,
940 3245 961 3310 9
978 3246 1096 3329 ‘perlae
1111 3266 1146 3309 ac
1162 3244 1250 3308 fldem

127 3348 267 3431 deeepti',
284 3343 471 3427 XXXVIII,
488 3345 531 3411 25
553 3349 853 3432 ‘maiormnltopars
868 3349 1020 3433 perfidem
1037 3348 1141 3413 uiolati
1157 3347 1248 3412 collo·

127 3450 188 3535 quii
204 3469 315 3533 poenas
331 3461 426 3514 morte
441 3451 584 3531 lornant,
609 3449 684 3518 Sen.
702 3452 738 3514 de
752 3451 868 3534 prouid.
888 3448 927 3530 3,
951 3450 972 3514 7
991 3451 1096 3515 ‘multa
1110 3449 1191 3514 milia
1207 3449 1250 3514 ci-

125 3552 210 3615 nium
225 3548 429 3615 Romanorum
446 3574 508 3618 nno
523 3554 589 3619 loco
605 3566 672 3638 post
686 3555 785 3630 fidem,
802 3555 891 3616 immo
907 3575 960 3637 per
974 3554 1068 3639 ipsam
1087 3556 1172 3618 iidem
1188 3563 1251 3617 tru-

125 3655 248 3718 eideta’.
280 3649 367 3735 Quae
388 3657 525 3741 exempla
548 3657 608 3720 alie
629 3657 696 3721 aliis
719 3657 792 3721 locis
814 3658 1050 3742 agrammaticis
1065 3657 1162 3742 posita
1178 3677 1251 3720 con-

125 3777 227 3820 inam.

216 3855 255 3924 C.
272 3856 310 3921 51
330 3859 373 3922 sie
388 3860 513 3943 scripsit
541 3857 630 3926 ‘Cum
646 3861 748 3925 liberis
763 3862 860 3926 omnis
875 3864 1031 3928 multitudo
1047 3863 1165 3927 obuiam
1180 3882 1251 3948 pro·

127 3962 265 4036 cedebat,
283 3963 400 4026 hostiae
414 3963 654 4041 immolabantur,
673 3963 811 4028 tricliniis
825 3966 930 4028 stratis
946 3966 1011 4027 lora
1024 3966 1192 4049 templaque
1200 3984 1251 4028 or-

127 4064 331 4149 cupalrantur,
356 4075 391 4129 ut
413 4065 462 4128 uel
476 4066 688 4150 spectatissimi
704 4066 844 4150 triumphi
859 4067 974 4132 laetitia
990 4068 1119 4153 praecipi
1135 4074 1249 4152 posset.

129 4165 233 4232 Tanta
248 4180 315 4233 erat
329 4169 548 4254 magnificentia
563 4171 640 4252 apud
655 4169 873 4254 opulentiores,
903 4171 1049 4255 cupiditas
1064 4171 1141 4254 apud
1156 4166 1253 4230 humi·

129 4269 244 4337 liores’.
274 4268 437 4337 Nemeum
453 4264 599 4338 Caesaris
613 4271 761 4338 aduentus
776 4274 1024 4356 ‘expectatissimi
1040 4267 1206 4353 triumpdi’,
1223 4267 1254 4331 id
