2692 4688
463 176 601 249 couti.
619 176 763 247 n-ctt’.
780 178 930 249 its-2⁰.
1250 180 1314 249 547

130 374 200 417 eum
217 348 256 434 Q.
274 347 397 430 Cassio,
415 351 655 438 tribunoplebis,
671 354 787 439 ipsene
801 352 949 438 equitibus
963 352 1081 437 magnis
1094 352 1255 419 itineribus

131 454 324 540 progreditur
338 453 527 537 edictumque
543 456 715 540 praemittit,
733 456 770 519 ad
785 475 871 538 quam
888 455 964 518 diem
973 456 1164 539 magistratus
1171 456 1254 541 prin·

130 556 274 641 eipesque
289 556 419 620 omnium
436 556 591 620 ciuitatum
607 557 663 621 sibi
679 577 748 621 esse
764 568 884 641 praesto
893 551 1051 621 Cordubae
1063 557 1165 622 uellet.
1183 556 1290 641 Quo2

131 658 233 724 edicto
249 669 310 722 tota
327 658 481 743 prouincia
498 660 674 743 peruulgato
689 660 770 723 nulla
787 660 842 723 luit
857 659 977 738 ciuitas,
995 660 1066 743 quin
1082 659 1163 723 adid
1179 670 1254 723 teas-

94 774 112 825 t
134 782 191 847 pus
206 771 320 846 perlem
336 771 460 823 semotus
475 756 646 825 Cordubam
661 762 811 836 mitteret,
828 782 888 825 non
904 762 980 825 ciuis
996 760 1153 825 Romanus
1168 763 1255 847 paulo

133 865 246 942 notior,
263 864 335 946 quin
351 863 388 926 ad
403 864 480 926 diem
496 863 684 926 conueniret.
718 860 814 927 Simul
831 863 896 947 ipse
912 858 1071 927 Cordubae
1086 874 1254 929 conuentus
1269 863 1290 930 3

133 985 190 1051 per
203 985 238 1029 se
253 976 357 1050 portas
367 962 499 1029 Varroni
515 965 633 1041 clausit,
652 965 803 1028 custodias
820 965 998 1049 uigiliasque
1006 967 1036 1028 in
1048 965 1183 1029 turribus
1190 988 1254 1031 me-

132 1086 229 1151 roque
243 1067 402 1152 disposuit,
420 1068 558 1131 cobortes
574 1069 659 1145 duas,
677 1088 752 1150 quae
767 1067 919 1131 colonicae
934 1065 1170 1151 appellabantur,
1186 1067 1290 1133 eumd

135 1188 174 1231 eo
188 1170 450 1248 manumissent,
474 1170 577 1233 tuendi
598 1170 697 1254 oppidi
720 1190 811 1234 causa
833 1171 909 1254 opud
925 1190 960 1232 se
974 1169 1110 1233 retinuit.
1155 1166 1290 1234 lsdeni5

77 1280 113 1333 tu
135 1268 239 1335 diebos
253 1266 496 1348 Carmonenses,
522 1292 598 1355 quae
620 1282 667 1335 est
686 1272 776 1357 louge
791 1271 958 1337 firmissima
974 1272 1066 1335 tutius
1082 1272 1255 1355 prouinciae

135 1372 262 1451 ciuitas,
289 1373 426 1437 deductis
456 1373 553 1438 tribus
575 1373 607 1437 in
635 1392 736 1438 arcem
759 1374 857 1458 oppidi
879 1374 1053 1437 cohortibus
1074 1395 1090 1436 o
1115 1371 1253 1438 Varrone

135 1473 286 1559 praesidio
304 1494 359 1559 per
378 1496 413 1540 ae
434 1475 575 1539 cohortes
597 1474 685 1539 eiecit
699 1488 860 1560 portasque
874 1476 1048 1560 praeclusit·
1093 1475 1160 1540 lloc
1176 1498 1250 1541 uero
1265 1476 1312 1547 20

134 1576 231 1662 magis
252 1598 413 1661 properare
429 1576 549 1657 Varro,
574 1588 607 1643 ut
628 1599 693 1641 cu·
718 1579 885 1663 legionibus
908 1599 993 1661 quana
1016 1579 1142 1662 primurn
1158 1577 1253 1643 Gadis

134 1678 344 1758 contenderet,
361 1700 400 1744 ue
414 1681 525 1744 itinere
540 1692 592 1745 ant
605 1681 734 1744 traiectu
750 1682 1016 1745 intercluderetur:
1045 1692 1125 1744 taala
1141 1702 1176 1744 ac
1190 1691 1253 1745 tana

77 1792 112 1845 to
133 1782 266 1847 secunda
279 1781 312 1844 in
327 1776 491 1847 Gaesarem
507 1784 646 1847 uoluntas
661 1785 834 1868 prouinciae
850 1781 1068 1868 reperiebatur.
1085 1780 1289 1868 Progenies

134 1883 164 1947 ei
180 1883 271 1967 paulo
286 1883 404 1967 lougius
418 1884 537 1949 litterae
553 1884 687 1950 Gadibus
702 1887 884 1963 redduntur,
901 1886 1079 1968 simulatque
1095 1885 1135 1947 sit
1149 1885 1252 1967 cogni-

137 1995 201 2047 tnm
217 1985 254 2048 de
269 1983 367 2049 edicto
381 1980 541 2066 Caesada,
568 1989 759 2051 consensisse
775 1986 938 2050 Gaditanos
954 1987 1102 2070 principes
1117 2008 1183 2050 cu·
1201 1986 1254 2050 tri-

133 2086 223 2151 bunis
237 2086 414 2167 cohortium,
432 2111 507 2173 quse
522 2100 625 2155 essent
639 2090 679 2152 ibi
695 2090 725 2152 iu
742 2088 903 2172 praesidio,
921 2086 1130 2151 utGallonium
1147 2111 1186 2153 ex
1200 2111 1252 2174 op·

133 2188 203 2273 pido
217 2188 416 2273 expellerent,
433 2192 536 2255 urbem
553 2192 740 2275 insulamque
756 2187 882 2253 Caesari
899 2201 1067 2252 seruarent.
1096 2187 1162 2252 lloe
1178 2187 1289 2253 initui

75 2300 112 2355 τοι)
135 2290 264 2355 consilio
278 2292 504 2359 denuntiuoisse
519 2292 678 2374 Gallonio,
696 2305 729 2357 ut
743 2303 850 2378 sponte
865 2311 938 2368 sua,
956 2290 1024 2352 dum
1040 2290 1105 2352 sine
1120 2291 1252 2374 periculo

136 2392 261 2471 liceret,
285 2396 449 2458 excederet
464 2394 615 2476 Gadibusq
639 2397 665 2460 si
686 2397 714 2461 id
733 2394 941 2472 coniecisset,
959 2392 1016 2456 sibi
1031 2392 1187 2456 consilium
1203 2413 1253 2455 ca-

134 2504 252 2580 pturos.
283 2492 350 2559 lloc
365 2496 473 2562 timore
487 2501 645 2563 adductum
662 2496 833 2564 Gallonium
846 2494 980 2561 Gadibus
996 2496 1179 2561 excessisse.
1197 2492 1289 2561 llisd

132 2597 264 2682 cognitis
278 2598 369 2664 rebus
385 2600 479 2663 altera
496 2622 536 2665 ex
552 2602 664 2666 duabus
680 2602 867 2687 legionibus,
886 2622 962 2685 quae
977 2598 1138 2663 uernacula
1153 2600 1254 2684 appel-

133 2698 267 2779 labatur,
297 2722 340 2765 οι
360 2703 468 2765 castris
493 2702 640 2767 Varronis
662 2705 798 2768 adstante
819 2717 850 2766 ct
870 2705 1057 2786 inspectante
1079 2703 1144 2784 ipso
1166 2703 1255 2784 signa

74 2812 111 2868 25
134 2803 254 2866 sustulit
269 2824 395 2886 seseque
405 2804 550 2889 llispalini
561 2807 673 2891 recepit
684 2818 772 2890 atque
788 2806 817 2868 iu
829 2806 893 2868 loro
903 2816 931 2867 et
941 2801 1102 2887 porticibus
1117 2803 1254 2863 sistema-

134 2904 231 2969 leicio
246 2907 394 2970 consedit.
426 2903 513 2989 Qriod
531 2910 639 2971 lactum
655 2910 731 2972 adeo
754 2909 818 2971 eius
839 2917 1008 2969 conuentus
1029 2903 1110 2965 ciues
1125 2899 1254 2964 Romani
1269 2900 1290 2966 5

133 3007 414 3092 comprobauerunt,
432 3021 466 3073 ut
481 3012 598 3074 domum
615 3012 651 3074 nd
667 3032 701 3074 se
717 3012 840 3093 quisque
856 3008 985 3090 hospitio
1001 3003 1191 3088 cupidissime
1206 3024 1254 3068 re-

134 3109 260 3192 ciperet.
297 3107 414 3193 Quibus
436 3112 527 3176 rebus
548 3114 728 3198 perterritus
744 3111 862 3187 Varro,
887 3131 952 3172 cuna
974 3108 1082 3170 itinere
1105 3104 1290 3170 conuersoli

134 3231 205 3275 sese
219 3208 351 3277 Italicam
376 3225 534 3278 uenturum
558 3214 782 3298 praemisisset,
809 3211 922 3276 certior
944 3210 980 3274 ab
1002 3210 1066 3273 suis
1090 3210 1185 3272 iactus
1208 3219 1254 3272 est

75 3324 109 3375 3⁰
132 3314 305 3399 praeclusas
321 3337 388 3382 esse
404 3328 518 3403 portas.
536 3316 613 3381 Tum
632 3340 702 3382 uero
713 3317 792 3381 omni
807 3315 990 3379 interclusus
1005 3314 1112 3377 itinere
1129 3307 1253 3375 adCae·
1270 3311 1290 3375 7

245 3471 256 3524 l
271 3489 302 3524 ne
315 3475 447 3541 equitibus
460 3491 476 3525 o
488 3474 511 3538 b,
527 3491 583 3526 cum
596 3492 628 3527 oe
642 3474 771 3542 equitibus
784 3489 812 3523 u.
917 3473 933 3522 2
947 3469 1127 3538 praegreditur
1142 3467 1255 3519 edictum

134 3548 279 3615 praemittit
292 3553 317 3602 b.
439 3553 657 3619 trinitatumnfi
782 3558 869 3620 presto
881 3566 908 3601 c.
1027 3547 1253 3614 ipromulpatob.

242 3629 257 3679 i
271 3628 408 3680 Cordubae
421 3631 471 3681 ab.
595 3648 644 3681 non
659 3632 709 3695 ab,
725 3630 846 3680 nullusne
859 3644 886 3677 u.
1010 3627 1026 3676 t
1038 3626 1205 3692 appellantur
1217 3640 1254 3675 nr.

131 3718 176 3769 pr.
191 3704 216 3755 b.
340 3706 469 3756 ibisdem
483 3721 509 3769 a,
525 3708 615 3757 iisdem
630 3725 657 3757 u.
783 3704 980 3758 lldidactisb.
1095 3701 1182 3766 oppidi
1191 3706 1257 3765 poet

133 3779 414 3849 totiue(ldlponito.
519 3783 739 3835 ibinieeitabc.
846 3781 877 3832 13
891 3778 973 3831 Gadis
986 3794 1011 3828 a.
1116 3778 1148 3828 15
1163 3792 1255 3844 reppe-

132 3860 217 3908 riatur
226 3873 253 3907 s.
397 3860 428 3911 lb
442 3858 558 3911 Gadibus
571 3876 588 3910 o
602 3862 616 3911 3
630 3860 700 3912 dett.
708 3878 717 3924 ,-
731 3859 755 3909 ei
770 3874 784 3909 a
798 3857 915 3908 Gadibus
930 3857 954 3920 b,
969 3871 985 3906 a
998 3853 1113 3905 Gadibus
1125 3854 1212 3907 Aldus
1225 3872 1253 3906 u.

240 3935 270 3984 lit
282 3950 299 3984 a
309 3935 334 3985 b.
460 3938 492 3988 18
505 3937 530 3986 in
544 3952 597 3987 om.
614 3938 637 3986 b.
771 3934 805 3985 20
818 3941 910 4002 sponte
924 3946 971 3983 suu
983 3948 1010 3995 a,
1025 3947 1073 3982 sua
1086 3940 1178 3999 sponte
1191 3932 1252 3984 edd.

239 4012 271 4066 ut
287 4010 403 4063 Gadibus
417 4014 558 4063 excederet
571 4014 596 4063 b.
701 4010 737 4060 ibi
750 4012 800 4061 ub.
915 4009 948 4063 23
961 4010 1108 4076 appellatur
1121 4011 1145 4060 b.

128 4090 275 4157 2iipseo.
379 4091 588 4157 billispnllob.
694 4089 835 4141 llaseb.
942 4089 1106 4143 iiltalicam
1119 4090 1254 4149 Fob'rnus,

130 4166 233 4218 ltaliam
247 4169 325 4220 codd.
430 4169 579 4236 uenturum]
594 4184 654 4221 esse
667 4168 731 4219 aad.
748 4170 772 4219 b.
878 4169 1059 4236 praemisisset
1073 4170 1129 4220 ‘uir
1140 4168 1252 4229 doetua’,

131 4248 296 4314 promisisset
308 4249 386 4300 codd.

1038 4327 1104 4392 35·
