2692 4688
541 196 841 269 ...εὔ-

217 373 257 441 C.
275 375 328 452 55,
344 374 366 441 9
380 376 425 439 sic
440 373 602 439 edebaturs
621 376 660 440 ‘si
675 374 713 438 ab
727 395 761 439 re
776 374 972 439 frumentaria
981 371 1134 439 Romanos
1150 376 1258 441 eaelo·

134 479 205 543 dere
216 489 265 543 aut
275 479 416 541 adductos
428 477 575 560 inopiaex
591 477 747 560 prouincia
763 477 924 542 excludere
940 475 1092 559 posseut's
1110 487 1198 560 atque
1214 480 1258 542 ita·

134 583 279 666 scriptum
294 579 387 644 estin
402 576 589 661 interpolatis
606 578 706 652 codd,
725 579 782 642 nisi
799 579 921 662 quodie
937 579 975 642 iis
994 580 1176 663 praepositio
1194 582 1258 644 ‘ex’

135 683 293 746 omittitur.
329 679 418 744 Hanc
441 681 621 764 scripturam
638 681 711 745 lerri
726 703 786 744 nou
802 701 890 764 posse
906 701 1009 745 omnes
1025 682 1256 746 intellexerunt.

134 782 214 848 Nam
230 783 414 867 prouinciam
431 782 605 846 necessario
621 802 686 845 eam
701 782 933 865 intellegendam
948 804 1035 860 esse,
1060 802 1137 866 qnae
1152 794 1259 867 postea

133 884 345 950 Narbonensis
359 882 505 968 appellata
521 893 579 961 est,
598 894 731 968 apertum
748 896 805 948 est.
851 885 899 949 Ab
921 906 957 949 ea
978 896 1077 949 autern
1102 884 1259 951 Romanos

133 987 336 1053 intercludere
352 1005 447 1070 neque
463 985 606 1048 nolebant
619 984 699 1050 Galli
715 1007 813 1070 neque
828 998 977 1072 poterant,
995 987 1164 1070 omniaque,
1183 1009 1260 1073 quae

134 1102 224 1156 autea
244 1091 340 1155 relata
363 1097 455 1164 sunt,
479 1087 515 1150 de
538 1087 664 1152 incenso
685 1088 888 1164 Nouioduno,
914 1091 1063 1153 frumento
1084 1089 1259 1174 reliquoque

135 1191 301 1258 commeatu
316 1200 471 1275 asportato
486 1199 539 1252 snt
552 1201 714 1275 corrupto,
731 1191 767 1255 tle
783 1191 940 1274 praesidiis
956 1193 993 1254 ad
1008 1189 1143 1275 Ligerim
1158 1195 1260 1278 dispo·

134 1296 203 1360 sitis
218 1316 284 1359 eam
299 1294 446 1357 rationem
463 1291 624 1370 babebaut,
642 1302 674 1356 ut
682 1291 811 1357 Romani
827 1304 859 1357 ει
873 1295 1012 1379 progredi
1028 1293 1261 1377 prohiberentur

135 1407 167 1462 et
181 1406 364 1460 commeatus
388 1394 489 1478 inopia
515 1394 612 1457 eoacti
634 1414 668 1459 se
683 1395 854 1478 reciperent
868 1396 898 1458 in
912 1396 1109 1479 prouinciam.
1155 1393 1260 1478 ltaque

137 1495 219 1562 Galli
234 1494 384 1569 Labieno,
401 1497 451 1578 qni
467 1497 498 1558 in
514 1495 603 1558 sliam
618 1507 733 1579 partem
748 1497 858 1562 missus
874 1508 951 1573 erat,
967 1497 998 1560 in
1015 1497 1171 1579 colloquiis
1187 1516 1260 1562 oon-

136 1599 292 1664 lirmabnnt
307 1597 501 1661 interclusum
517 1597 628 1662 itinere
648 1608 678 1661 et
693 1596 798 1684 Ligeri
814 1594 978 1663 Caesarem
1001 1598 1100 1683 inopia
1117 1599 1260 1665 frumenti

137 1710 272 1765 eoactum
294 1699 324 1762 in
347 1699 532 1784 prouinciam
555 1701 766 1779 contendisse,
792 1712 827 1765 ut
841 1702 972 1765 refertur
986 1722 1014 1764 e.
1032 1698 1092 1779 59,
1116 1701 1146 1764 1.
1193 1698 1259 1765 lam

138 1824 242 1868 omnes
258 1802 343 1866 codd.
364 1812 484 1885 praeter
505 1800 703 1886 interpolatos
726 1826 786 1868 non
812 1811 874 1868 ‘ex
895 1804 1050 1888 prouincia
1072 1802 1257 1882 excludere',

138 1907 192 1969 sed
208 1913 260 1969 ‘cx
277 1902 433 1988 prouincia
449 1903 612 1986 expellere'
629 1904 782 1970 exhibent
812 1903 916 1991 ltaque
931 1917 1015 1970 recte
1029 1903 1175 1969 Nicasius
1188 1903 1260 1970 llel·

138 2006 284 2082 lebodius,
302 2004 503 2079 Hotomanus,
521 2002 643 2087 Lipsius
666 2007 857 2071 scribendum
872 2008 1016 2072 dixerunt
1041 2015 1104 2070 ‘aut
1118 2008 1260 2071 adductos

137 2107 238 2191 iuopia
252 2108 283 2171 in
299 2107 484 2192 prouinciam
498 2106 652 2189 expellere
668 2113 814 2192 possent’.
844 2107 986 2173 Mendum
1002 2109 1070 2172 inde
1086 2120 1182 2171 ortum
1199 2119 1259 2186 est,

138 2211 214 2294 quod
230 2209 342 2296 expelli
367 2212 397 2273 in
413 2209 541 2291 aliquem
557 2209 653 2272 locum
671 2211 768 2274 minus
784 2222 868 2275 recte
883 2210 941 2274 diei
957 2210 1129 2288 uidebatur3
1154 2211 1260 2275 deinde

138 2314 170 2377 in
185 2313 373 2398 interpolatis
390 2312 476 2374 codd.
496 2311 681 2376 ‘excludere'
697 2323 749 2376 aut
764 2333 869 2377 errore
885 2313 1045 2396 repetitum
1060 2323 1109 2376 est
1123 2312 1260 2378 antideo

139 2417 282 2500 positum,
298 2414 375 2497 qnod
391 2412 544 2476 Romanos
561 2433 600 2476 ex
616 2415 791 2496 prouincia,
809 2414 840 2477 in
856 2435 913 2498 qne
930 2435 990 2477 non
1006 2425 1126 2493 essent,
1152 2435 1190 2478 ne
1205 2434 1260 2479 ex·

138 2517 206 2600 pelli
222 2517 341 2597 quidem
357 2516 490 2599 potuisse
505 2515 745 2600 intellegebatur.
791 2513 873 2579 Mire
888 2515 1042 2581 Whittius
1063 2518 1137 2581 baec
1154 2518 1261 2597 uerba,

138 2628 172 2682 ut
186 2617 345 2681 scribenda
361 2617 437 2694 dini,
456 2628 595 2681 constare
604 2628 696 2699 negat
704 2638 769 2680 curn
779 2618 992 2701 sequentibus:
1012 2625 1110 2702 ‘quam
1126 2619 1163 2682 ad
1178 2639 1262 2703 sporn

137 2720 260 2783 multum
277 2740 329 2784 eos
345 2719 518 2795 adiuuabat,
537 2720 613 2801 quod
622 2717 718 2803 Liger
732 2740 773 2783 ex
789 2721 908 2785 niuibus
924 2731 1074 2797 creuerat,
1091 2733 1126 2785 ut
1141 2722 1262 2786 omnino

138 2825 215 2888 uado
231 2843 290 2887 non
307 2842 395 2906 posse
411 2822 533 2886 transiri
549 2822 723 2901 uideretur’‚
742 2823 879 2887 nimirum
896 2823 965 2908 quia
980 2824 1152 2906 magnitudo
1166 2823 1263 2888 dumi·

138 2928 186 2990 nis
204 2926 463 2989 frumentationem
479 2924 621 3008 impedire
637 2924 801 3008 potuisset,
824 2947 884 2991 non
899 2927 1038 3005 edicere,
1062 2947 1121 3009 quo
1145 2926 1262 2991 facilius

139 3026 266 3092 Romani
283 3029 514 3112 expellerentur.
559 3024 602 3089 At
627 3038 762 3111 apertum
784 3038 831 3092 est
852 3028 946 3111 ipsam
962 3029 1103 3091 frumenti
1118 3029 1148 3091 in
1164 3029 1262 3093 altera

138 3132 203 3215 ripa
219 3132 348 3215 inopiam
364 3141 536 3195 coacturum
552 3129 646 3194 luisse
660 3129 827 3206 Romanos,
845 3140 890 3208 ut,
907 3129 966 3192 nisi
982 3127 1115 3214 Ligerim
1131 3131 1262 3195 transire

139 3243 273 3315 possent,
291 3231 371 3294 sein
387 3231 570 3314 prouinciam
585 3232 767 3315 reciperent.
798 3228 854 3295 Ille
870 3243 968 3295 umen
992 3232 1089 3296 omnia
1113 3233 1164 3297 illa
1189 3241 1262 3296 ‘ant

141 3335 283 3398 adductos
299 3334 397 3416 inopia
413 3354 453 3397 ex
468 3332 622 3418 prouincia
637 3332 801 3416 expellere*
818 3334 939 3398 deleuit.

226 3431 265 3499 C.
284 3432 339 3509 56,
357 3432 374 3495 1
392 3445 460 3499 ante
476 3431 720 3518 Oudendorpium
735 3434 777 3496 ito
794 3436 859 3498 lere
874 3437 1035 3501 edebatnrr
1062 3432 1199 3517 ‘Quibus
1215 3456 1264 3500 re·

140 3536 195 3600 bus
211 3535 339 3621 cognitis
349 3531 465 3601 Caesar
480 3539 687 3600 maturandum
703 3536 758 3600 sibi
776 3538 903 3614 censuit,
923 3539 947 3600 si
964 3548 1046 3603 esset
1060 3539 1090 3601 in
1108 3539 1265 3620 perlicien·

141 3639 186 3702 dis
202 3639 340 3723 pontibus
355 3639 593 3722 periclitandum,
610 3648 645 3700 ut
658 3638 759 3721 prius,
776 3638 871 3719 {quam
887 3651 990 3703 essent
1004 3640 1134 3703 maiores
1157 3660 1194 3704 eo
1213 3661 1265 3703 co·

141 3740 351 3823 aetaecopioe,
369 3742 533 3806 dimicaret.
550 3738 631 3804 Nam
647 3750 681 3802 ut
694 3751 875 3804 commutato
890 3743 1015 3806 oonsilio
1024 3743 1082 3806 iter
1097 3743 1127 3804 in
1143 3743 1266 3824 prouin-

142 3843 219 3903 ciam
235 3854 449 3921 eonuerleret,
474 3845 504 3907 id
521 3853 636 3906 netum
653 3842 770 3924 quidem
788 3845 960 3907 necessario
977 3846 1142 3907 laciendum
1160 3844 1265 3907 existi·

142 3942 259 4020 nabat,
284 3965 351 4007 cnm
374 3947 453 4028 quod
472 3945 595 4007 iufamia
617 3954 706 4029 atque
728 3943 889 4028 indignitas
905 3946 949 4008 rei
966 3956 997 4008 ct
1011 3947 1164 4028 oppositus
1179 3964 1265 4011 moue

141 4042 287 4109 Geuenno
303 4046 476 4130 uiarumque
492 4046 647 4110 difficultas
663 4046 859 4131 impediebat,
883 4058 944 4111 tum
967 4049 1097 4110 unanime
1120 4049 1198 4130 qnod
1213 4047 1266 4110 ab·

143 4149 245 4212 iuncto
262 4147 400 4214 Labieno
416 4161 505 4233 atque
520 4148 558 4212 iis
573 4148 759 4231 legionibus,
776 4170 849 4232 quas
864 4171 922 4213 una
939 4150 1079 4225 miserat,
1104 4149 1267 4211 uehemen-

144 4263 191 4316 ter
206 4251 356 4315 timebot'.
403 4249 437 4315 In
460 4253 505 4317 bis
520 4251 602 4336 prius
619 4252 734 4335 ‘quod'
759 4273 776 4316 a
799 4249 951 4333 Stephano
973 4251 1120 4313 adiectum
1143 4259 1207 4315 est:
1233 4251 1266 4314 in
