2692 4688
517 186 818 254 ...91—

99 380 170 424 eum
193 358 313 421 uiderat
333 354 395 421 Tb.
418 353 593 436 Bentleius,
618 360 790 423 necessario
819 361 973 425 dicendum
994 362 1087 427 luisse
1112 363 1172 446 ‘qui
1196 384 1230 429 se

99 463 165 544 ipse
181 459 377 525 defenderet'.
417 455 479 523 Sed
501 481 539 523 ne
564 461 750 525 ‘munitione'
774 463 890 544 qnidcrn
907 463 956 528 ille
971 464 1055 528 locus
1076 486 1109 528 sc
1126 467 1229 530 delen·

101 566 173 627 dere
195 572 327 646 poterat.
366 558 446 624 Nam
469 582 565 645 neque
587 583 676 648 supra
699 563 757 626 ulla
780 566 905 628 munitio
933 579 1162 631 commemorata
1181 579 1229 633 est

101 668 164 747 (est
178 673 280 727 autem
293 662 371 727 idem
387 662 484 742 locus,
509 665 596 729 cuius
611 665 839 749 descriptionem
856 668 944 750 paulo
960 679 1030 732 ante
1046 670 1157 753 posui),
1174 691 1228 736 na·

102 788 157 850 quc
172 764 254 831 Galli
270 786 308 828 eo
323 775 457 849 tempore
472 767 593 832 omniuo
609 778 710 832 castra
724 769 909 834 muniebant.
947 768 1061 836 Postea
1083 774 1160 835 cuim
1177 775 1228 838 dc·

102 891 198 943 unm,
216 867 353 931 Auarico
367 889 386 932 a
402 863 537 934 Caesare
559 878 664 949 capto,
686 891 776 934 suasu
807 871 1069 957 Vercingetorigis
1084 874 1113 937 id
1129 875 1229 939 lacere

103 973 318 1043 instituerunt,
341 990 418 1053 quae
442 992 492 1034 res
508 993 536 1035 c.
552 969 596 1036 29
611 982 692 1036 extr.
711 984 742 1037 ct
756 971 809 1051 3⁰,
827 974 847 1038 d
870 985 904 1038 ut
924 975 1012 1038 ualde
1026 976 1229 1041 memorabilia

102 1076 244 1138 refertur.
282 1069 318 1136 Si
339 1072 406 1154 quis
426 1085 525 1137 autem
548 1075 646 1138 locum
672 1095 733 1138 non
752 1097 862 1154 manu,
886 1076 939 1140 sed
960 1076 1067 1160 palude
1083 1078 1228 1141 munitum

104 1173 265 1259 significari
281 1173 479 1254 existimabit,
497 1177 526 1239 id
542 1177 699 1240 dicendum
715 1187 781 1241 erat
805 1180 954 1242 ‘naturali
977 1179 1157 1243 munitione’
1179 1180 1229 1244 uel

104 1278 240 1343 similiter
254 1276 354 1358 aliqua
369 1297 403 1340 re
426 1278 553 1342 adiecta.
592 1275 750 1342 [lenticius
773 1280 902 1343 coniecit
924 1281 993 1362 ‘qui
1022 1281 1140 1363 seipse
1162 1282 1228 1347 sine

103 1380 266 1444 munitione
280 1377 477 1443 defenderet'.
512 1377 614 1463 Atque
637 1379 782 1443 eiusmodi
803 1381 888 1464 plura
904 1383 1070 1469 excogitari
1086 1392 1224 1466 possunt,

103 1503 174 1564 quac
190 1492 309 1554 umen,
335 1501 402 1544 cum
423 1502 485 1545 non
506 1482 602 1564 magis
625 1502 713 1564 quam
735 1479 865 1547 Bentleii
881 1484 1054 1547 coniectura
1074 1485 1223 1568 placeant,

103 1595 200 1649 tacere
215 1584 323 1647 melius
339 1582 493 1647 existimo.
522 1579 644 1649 (lentam
660 1585 896 1648 emendationem
913 1606 973 1649 non
989 1587 1122 1670 reperio.

183 1682 223 1750 C.
239 1684 296 1758 21,
311 1683 334 1747 2
355 1685 430 1749 baec
451 1686 485 1751 iu
506 1686 632 1770 integris
648 1686 732 1750 codd.
748 1687 904 1770 leguntur:
931 1684 1106 1765 ‘Statuunt,
1125 1699 1158 1752 ut
1172 1688 1224 1752 de·

102 1809 161 1853 cen
176 1789 259 1853 milia
275 1787 426 1851 bominum
442 1788 557 1853 delecta
571 1809 611 1852 ex
626 1788 763 1853 omuibus
778 1789 873 1872 copiis
896 1789 927 1852 in
950 1791 1087 1872 oppidum
1103 1790 1225 1853 mittan·

102 1900 167 1969 tur,
189 1911 247 1955 uec
262 1890 336 1955 solis
350 1887 540 1974 Biturigibus
555 1912 738 1955 communem
753 1890 881 1956 salutem
896 1892 1137 1956 committendam
1154 1910 1225 1955 ceu·

102 2004 178 2070 seut,
202 1994 281 2076 quod
296 2013 389 2076 penes
405 2013 477 2067 cos,
494 1994 520 2056 si
535 1992 564 2055 id
581 1994 719 2077 oppidum
734 1995 946 2072 retinuissent,
969 2016 1112 2058 summam
1129 1992 1224 2057 uicto·

100 2096 158 2159 riae
169 2106 311 2159 constare
321 2093 558 2179 intellegebant,
575 2094 634 2157 nisi
650 2097 728 2178 quod
744 2118 796 2179 pro
811 2096 870 2159 illis
887 2102 941 2158 ‘ex
956 2096 1091 2159 omnibus
1105 2096 1223 2180 copiis’,

100 2208 129 2260 ut
143 2208 190 2261 est
203 2197 237 2260 in
251 2197 457 2282 interpolatis,
482 2217 587 2289 errore
610 2197 750 2279 scriptum
772 2197 883 2260 babent
905 2207 956 2259 ‘ex
972 2197 1107 2261 omnibus
1122 2198 1219 2262 locis'.

101 2296 160 2363 Sed
176 2300 269 2364 uerba
287 2307 391 2383 ‘penes
407 2300 482 2376 eos’,
506 2300 535 2364 si
549 2300 587 2362 de
603 2296 789 2383 Biturigibus
804 2299 1031 2381 intelleguntur,
1050 2320 1222 2380 peruersam

98 2403 277 2467 seutentiam
292 2404 376 2468 nasci
391 2413 525 2486 apertum
542 2412 606 2480 est,
631 2402 715 2484 quasi
736 2402 803 2465 ideo
818 2400 981 2465 subsidium
998 2397 1076 2464 Galli
1092 2402 1122 2464 in
1139 2402 1222 2486 oppi-

98 2504 164 2569 dum
185 2505 360 2581 misissent,
385 2526 423 2569 ιιι
442 2505 509 2569 laus
532 2503 677 2569 uictoriae
700 2505 737 2568 ad
758 2504 840 2568 solos
861 2501 1014 2589 bituriges
1036 2505 1218 2589 perueniret,

97 2607 170 2689 paud
186 2628 241 2671 cos
255 2608 421 2672 eommunis
435 2606 541 2671 salutis
557 2626 647 2672 causa
663 2606 771 2672 iecisse
787 2607 874 2689 paulo
885 2618 956 2671 ente
971 2608 1153 2674 declaratur.
1177 2606 1220 2672 Et

97 2729 134 2773 uo
147 2711 176 2774 id
191 2711 311 2793 quidem
325 2721 411 2775 recte
426 2711 477 2785 bt,
498 2720 532 2773 ut
546 2730 662 2773 summe
677 2710 823 2773 uictoriae
838 2721 979 2775 constare
995 2710 1112 2774 dicatur
1127 2729 1218 2793 penes

96 2812 236 2896 sliquem,
260 2831 338 2900 quaa
359 2822 411 2877 aut
431 2821 515 2875 stare
537 2831 628 2895 penes
644 2808 749 2877 Gallos
765 2813 883 2877 boccst
899 2815 1047 2876 incorum
1070 2821 1219 2894 potestate

96 2936 161 2979 csse
175 2925 231 2979 ant
244 2925 385 2980 constare
400 2912 514 2989 Gallis,
536 2935 595 2997 pun
617 2935 651 2977 rc
674 2925 756 2979 certa
780 2915 818 2979 iis
841 2935 909 2978 csse
925 2913 1157 2996 significaretur,
1175 2911 1219 2975 di·

96 3018 186 3082 ccnda
208 3028 288 3082 erat.
325 3014 414 3081 Nihil
436 3016 529 3099 igitur
545 3016 702 3092 ,lucramur
723 3038 826 3081 eorum
849 3015 1020 3091 sententia,
1043 3016 1094 3096 qui
1118 3015 1218 3078 uerbis

98 3127 198 3202 ‘penas
221 3120 286 3184 eos’
308 3140 412 3184 omncs
433 3117 539 3184 Gallos
560 3119 714 3204 designari
737 3118 1009 3190 existimauerunt,
1038 3115 1154 3180 etiamsi
1176 3117 1219 3181 ita

98 3221 151 3285 dici
172 3223 309 3305 potuisse
330 3222 583 3300 concederemus,
616 3223 693 3304 quod
721 3220 787 3285 lieri
816 3241 876 3283 non
901 3238 989 3303 posse
1009 3239 1100 3301 supra
1121 3241 1151 3304 p.
1175 3217 1218 3284 62

95 3324 206 3387 monui.
230 3321 338 3409 ltaque
352 3345 418 3387 cum
434 3335 574 3407 corrupta
589 3345 658 3388 esse
673 3325 723 3388 illa
739 3323 832 3388 uerba
847 3323 1043 3387 confitendum
1058 3322 1109 3399 sit,
1134 3333 1218 3388 recte

96 3421 217 3489 Clarkio
239 3426 411 3509 recipienda
433 3427 498 3490 uisa
517 3441 606 3505 sunt,
631 3449 707 3510 quae
730 3427 762 3491 in
784 3425 865 3490 And.
890 3436 922 3489 et
937 3421 1040 3489 0xon.
1059 3424 1214 3509 legunturc

98 3530 185 3615 ‘qaod
201 3549 297 3613 paene
312 3529 342 3593 iu
358 3550 406 3606 co,
430 3531 459 3593 si
472 3529 502 3593 id
518 3529 657 3614 oppidum
672 3530 879 3605 retinuissent,
904 3548 1046 3590 summam
1069 3527 1216 3593 uictoriae

96 3644 234 3696 constare
263 3631 500 3716 intellegebant'.
538 3629 608 3714 Qua
629 3632 837 3696 emendatione
859 3650 955 3713 neque
977 3629 1095 3694 facilior
1119 3650 1217 3713 neque

96 3734 189 3818 aptior
202 3734 336 3798 inueniri
351 3744 461 3819 potest.

177 3833 217 3902 C.
233 3833 296 3913 28,
320 3837 343 3901 t
364 3837 397 3902 in
412 3835 550 3901 omnibus
565 3837 650 3902 codd.
668 3847 788 3921 praeter
802 3834 998 3919 interpolatos
1014 3833 1056 3897 ita
1072 3834 1213 3918 scriptum

96 3951 156 4004 eat:
175 3935 243 4004 ‘Sic
259 3949 289 4002 et
302 3936 420 4003 Genabi
435 3938 526 4003 caede
543 3950 574 4004 ct
588 3940 692 4004 labore
707 3939 807 4024 operis
822 3937 937 4003 incitati
953 3959 1012 4002 nou
1028 3947 1128 4002 aetate
1142 3958 1216 4002 con-

97 4041 192 4120 lectis,
210 4062 271 4106 uon
285 4041 482 4119 mulieribus,
501 4063 561 4107 nou
575 4043 741 4108 infantibus
757 4041 982 4126 peperceruut’3
1006 4040 1038 4104 in
1053 4040 1215 4124 interpola·

97 4143 130 4208 lis
146 4142 338 4210 ‘Geuabensi
353 4142 454 4208 caede’
470 4142 592 4228 legitur,
609 4146 686 4229 quod
702 4145 740 4210 ab
755 4145 890 4209 omnibus
906 4154 1059 4208 seruatum
1076 4154 1134 4207 est.
1172 4140 1215 4205 Et

96 4248 239 4328 prolecto,
254 4247 282 4315 si
291 4246 446 4332 genitiuns
460 4256 545 4314 esset
555 4248 597 4329 is,
614 4270 672 4332 quo
686 4248 771 4314 locus
785 4247 982 4332 significetur,
1000 4246 1074 4311 dure
1089 4261 1215 4330 ponere·
