2692 4688
480 179 803 245 4-2Ιῖ-

81 356 192 422 tutiora
221 354 286 416 loca
316 350 500 417 collocatis':
532 349 572 414 ibi
595 360 678 415 reete
704 347 830 432 Lipsius
852 343 1004 409 ‘collatis'
1034 343 1204 429 ponendum

79 463 204 624 dut-st
222 556 275 636 40,
293 557 312 620 5
329 557 487 622 manifesto
503 567 641 640 corrupta
657 566 729 618 sont
744 555 817 618 haec
833 550 943 615 uerba:
971 549 1137 625 ‘nonnulli,
1155 550 1207 633 qui

80 688 117 730 ert
136 660 279 728 Curionis
295 660 409 743 proelio
424 659 501 743 capti
518 659 746 739 conseruatique
761 676 861 738 parem
877 652 1004 738 gratiam
1019 652 1050 714 in
1065 653 1122 717 lde
1137 672 1208 735 par-

81 767 181 833 tienda
196 773 351 850 praestasse
368 762 548 825 uoluerant'.
579 760 659 825 Nam
676 760 752 843 quod
768 756 998 838 Oudendorpius
1013 752 1209 819 GallesGer·

81 887 245 955 manesque
259 866 327 929 ideo
343 864 429 927 fidem
444 863 569 946 partitos
585 864 643 927 dici
659 864 892 945 interpretatur,
910 860 978 941 quin
993 866 1082 921 autea
1096 852 1211 922 Curio·

81 973 124 1050 ni,
142 991 222 1035 nunc
236 965 374 1031 Labieno
389 986 423 1028 se
438 965 637 1039 addixissent,
656 983 715 1028 non
737 963 891 1047 partienda
907 962 963 1024 lide
978 957 1115 1025 Labieno
1138 980 1211 1042 gra-

82 1075 152 1138 tiam
170 1081 324 1157 praestare
339 1078 489 1152 poterant,
505 1067 558 1130 scd
574 1066 792 1130 conseruando.
823 1063 885 1127 lam
908 1063 941 1126 in
963 1060 1035 1125 Par.
1052 1082 1115 1126 sec.
1134 1063 1212 1146 legi·

82 1189 132 1241 tor
148 1170 330 1259 ‘peruenta',
347 1170 433 1252 eique
456 1169 638 1254 ‘partienda’
660 1170 894 1252 suprascriptum
911 1176 969 1230 est.
1000 1163 1052 1228 Ex
1072 1165 1125 1230 illo
1148 1184 1212 1230 uest

83 1275 215 1343 dubitaui
231 1275 348 1338 efficere
365 1272 408 1335 ‘in
424 1273 480 1335 fide
495 1271 665 1336 seruanda'.

170 1375 208 1442 C.
227 1376 281 1452 tt,
297 1375 319 1438 2
334 1375 407 1437 haee
423 1374 536 1455 scripta
550 1385 640 1437 sunt:
660 1371 792 1438 ‘Caesar
804 1374 952 1436 instructa
967 1371 1031 1435 acie
1046 1371 1211 1435 secuudum

83 1483 201 1546 intimas
222 1477 283 1561 iugi
306 1475 422 1565 radipes
443 1475 563 1557 propius
586 1475 769 1539 munitiones
792 1475 902 1538 leniter
923 1474 1069 1548 accessit,
1091 1472 1213 1559 iamque

84 1584 182 1647 minns
199 1580 279 1643 mille
294 1597 433 1661 passuum
449 1576 486 1639 ab
502 1577 609 1660 oppido
626 1575 748 1653 Vzitta,
774 1578 849 1658 quod
867 1574 968 1661 Scipio
992 1575 1134 1652 tenebat,
1158 1575 1215 1639 ah-

85 1694 173 1750 erant
187 1682 321 1767 legiones
335 1676 482 1755 Iulianae,
500 1699 565 1741 cum
577 1676 678 1762 Scipio
695 1680 822 1755 ueritus,
840 1701 878 1741 ne
894 1680 1029 1761 oppidum
1045 1678 1212 1757 amitteret,

85 1787 164 1852 unde
180 1783 285 1868 aquari
301 1781 481 1863 reliquisque
496 1781 586 1844 rebus
602 1780 752 1844 subleuari
775 1783 840 1845 eius
865 1781 1019 1844 exercitus
1035 1792 1212 1861 consuerat,

85 1887 201 1953 eductis
217 1884 352 1948 omnihus
375 1882 469 1966 copiis
492 1883 672 1966 quadruplici
689 1884 753 1948 acie
769 1886 914 1947 instructa
931 1905 970 1947 ex
987 1883 1126 1948 instituto
1139 1904 1212 1963 suo,

86 1991 180 2075 prima
196 1985 328 2071 equestri
350 1984 500 2048 turmatim
523 1986 635 2049 directa
658 1987 880 2069 elephantisque
898 1986 1011 2049 turritis
1027 1985 1216 2071 interpositis

87 2092 283 2173 armatisque,
300 2087 451 2172 suppetias
466 2088 511 2151 ire
527 2089 692 2150 contendit.
725 2085 813 2168 Quod
830 2090 877 2152 ubi
894 2087 1011 2152 Caesar
1025 2089 1217 2153 animaduer-

87 2196 143 2270 tit,
165 2192 329 2258 arbitratus
344 2186 515 2274 Scipionem
532 2191 570 2253 ad
585 2191 781 2255 dimicandum
798 2201 931 2275 paratum
948 2192 985 2254 ad
1000 2211 1034 2254 se
1049 2201 1135 2255 certo
1148 2192 1217 2257 eui-

87 2321 136 2362 mo
152 2298 257 2362 uenire
273 2295 305 2357 in
320 2314 356 2357 eo
371 2293 449 2370 loco,
467 2315 526 2379 quo
542 2295 628 2376 paulo
643 2305 713 2357 ante
730 2297 972 2371 commemoraui,
990 2304 1060 2360 ante
1075 2295 1218 2380 oppidum

89 2401 225 2466 constitit
239 2417 381 2478 suamque
404 2397 498 2459 aciem
522 2396 647 2459 mediam
671 2417 707 2460 eo
729 2398 836 2481 oppido
853 2398 949 2473 texit,
974 2398 1114 2461 dextrum
1140 2396 1216 2461 siui-

91 2515 244 2582 strumque
260 2519 365 2572 corato,
384 2498 433 2561 nbi
449 2498 598 2580 elephanti
611 2510 709 2576 eraut,
727 2500 757 2562 in
774 2511 935 2583 conspectu
951 2501 1218 2584 patentiadoersu-

86 2606 200 2669 riorum
217 2599 393 2663 constitnit'.
425 2597 539 2663 Verum
556 2612 692 2664 extranta
709 2603 801 2665 uerha
817 2624 876 2666 non
893 2624 982 2687 posse
997 2603 1034 2667 ad
1049 2602 1218 2669 Caesarem

88 2704 198 2771 relerri
214 2700 355 2768 Clarlius
370 2702 533 2766 intellexit.
566 2700 684 2767 Caesar
698 2706 777 2768 enim
793 2726 888 2788 neque
910 2706 1016 2788 oppido
1033 2704 1137 2770 Vzitta
1151 2726 1218 2771 me·

89 2809 166 2875 diam
183 2807 277 2870 aciem
294 2813 396 2887 tegere
412 2814 541 2888 poterat,
559 2827 624 2868 cnm
641 2807 669 2869 id
686 2808 722 2870 ab
738 2807 919 2870 aduersariis
936 2817 1102 2884 teneretur,
1120 2827 1218 2892 neme

91 2913 265 2997 elephantos
281 2920 341 2972 tum
359 2905 496 2982 habebat,
519 2927 572 2971 eos
587 2918 697 2981 autem,
715 2930 790 2991 qnos
806 2931 834 2972 c.
851 2909 905 2987 72,
923 2910 943 2974 3
958 2930 998 2974 ex
1014 2909 1101 2974 ltalia
1117 2921 1220 2975 mu&

93 3025 230 3100 portasse
245 3011 365 3087 dicitur,
385 3020 416 3072 ut
430 3009 540 3073 milites
556 3010 659 3075 bestiis
675 3024 900 3089 assuescerent,
917 3014 947 3075 in
963 3014 1058 3076 aciem
1074 3034 1134 3076 nou
1145 3012 1219 3077 edu·

92 3117 189 3182 cehat.
213 3112 329 3178 Contra
345 3123 375 3176 et
383 3110 532 3196 Scipionis
540 3113 689 3197 elephanti
705 3115 792 3196 paulo
808 3126 878 3178 ante
894 3115 1117 3179 commemorati
1131 3124 1217 3193 sunt,

92 3231 205 3283 etcum
222 3216 328 3298 oppido
350 3234 384 3277 se
407 3215 522 3279 texisse
544 3236 610 3279 cum
633 3218 699 3300 ipsa
714 3238 764 3281 res
780 3220 868 3281 docet
883 3229 943 3282 tom
960 3218 1050 3282 uerba
1066 3238 1133 3301 cap.
1150 3237 1217 3300 seq.

93 3322 122 3406 §.
140 3318 161 3383 3
179 3318 353 3398 ‘hostesque
369 3318 494 3381 mediam
509 3318 605 3381 aciem
621 3339 705 3382 suam
722 3320 828 3404 oppido
845 3321 982 3384 texisse'.
1010 3317 1127 3383 Deinde
1141 3338 1220 3402 quaa

92 3423 177 3487 initio
193 3439 258 3502 seq.
276 3439 341 3501 cap.
359 3420 516 3503 leguntur:
542 3416 639 3484 ‘Cum
661 3423 721 3485 iam
744 3443 836 3507 prope
856 3423 929 3485 solis
944 3443 1085 3485 occasum
1103 3417 1222 3487 Caeam

96 3522 331 3607 expectauisset,
350 3542 447 3603 neque
462 3543 503 3585 ex
518 3542 554 3586 eo
571 3523 656 3598 loeo,
674 3546 732 3606 quo
748 3525 944 3601 constiterat,
963 3520 1136 3608 Scipionem
1152 3544 1220 3608 pro·

93 3625 178 3710 gredi
196 3624 317 3707 propius
332 3644 366 3688 se
381 3623 643 3688 animaduertisset
652 3626 673 3703 ',
698 3627 809 3690 indicio
824 3638 895 3691 sunt
911 3628 957 3691 hic
973 3627 1090 3704 locum,
1115 3627 1146 3689 in
1161 3646 1220 3709 qno

95 3728 281 3793 constitisset
297 3722 411 3810 Scipio,
430 3727 522 3792 tuisse
537 3727 730 3792 declaratum.
769 3729 866 3793 Recte
882 3731 974 3813 igitur
990 3726 1114 3792 Clarltio
1129 3746 1221 3811 quae·

95 3832 162 3896 darn
179 3829 328 3894 excidisse
345 3829 408 3894 uisa
423 3839 505 3907 sunt,
522 3830 575 3893 sed
591 3830 718 3902 errauit,
736 3833 855 3911 quodid
871 3843 940 3895 ante
956 3832 1046 3896 uerba
1065 3832 1108 3893 ‘in
1124 3851 1163 3895 eo
1178 3831 1221 3895 le·

96 3955 152 4011 co,
177 3955 234 4016 quo
257 3933 345 4016 paulo
367 3941 437 3993 ante
452 3931 698 3994 commemoraai'
720 3937 829 3996 lactum
852 3934 976 4016 putauit.
1011 3932 1057 3997 De
1078 3930 1219 4016 Scipione

96 4037 174 4100 enim
192 4035 265 4099 nihil
280 4033 424 4097 eiusmodi
439 4046 699 4097 commemoratum
715 4046 798 4098 erat:
821 4045 850 4101 et
866 4040 1038 4101 referuntur
1052 4036 1102 4100 illa
1117 4036 1155 4098 ad
1171 4054 1213 4099 su·

96 4139 214 4225 periora
232 4137 362 4217 ‘iamque
377 4131 476 4197 minus
491 4133 570 4197 mille
586 4158 724 4219 passuum
740 4137 777 4200 alr
794 4139 898 4221 oppido
916 4138 1036 4215 Vzitta,
1061 4139 1138 4219 quod
1156 4133 1209 4199 Sci

96 4244 145 4329 pio
161 4238 293 4317 tenebat,
310 4235 434 4301 aberam
451 4235 585 4319 legiones
600 4235 761 4304 luhanae'.
794 4237 916 4322 ltaque,
941 4262 1017 4323 quae
1042 4241 1090 4306 laic
1105 4239 1227 4305 deside·
