2692 4688
60 202 126 271 678
517 196 852 269 metusmetus

118 390 209 454 pere,
242 381 330 452 etque
349 371 467 439 auxilia
488 370 579 437 etium
595 372 632 437 ab
647 368 789 456 Scipione
803 369 926 434 obduxit
943 369 1000 433 sibi
1015 370 1141 454 suisque
1155 373 1249 441 rebus

119 472 228 539 linteus
243 471 466 556 elephantisque
480 483 560 539 xxx
573 474 686 539 relictis
700 473 764 539 suis
779 470 888 537 finibus
904 471 1080 554 oppidisque
1094 476 1247 559 suppetias

60 572 272 657 supraemos
293 584 351 637 est.
398 572 516 641 Caesar
535 576 676 653 interim,
700 596 767 640 cum
783 575 818 637 de
833 593 889 638 suo
904 572 1037 637 aduentu
1053 576 1201 641 dubitatio
1214 579 1248 643 in

119 674 275 759 prouincia
292 685 389 749 esset,
414 697 511 759 neque
525 678 682 761 quisquam
698 677 838 741 crederet
850 675 966 757 ipsum,
991 677 1045 739 sed
1060 677 1188 760 uliqaenr
1203 681 1249 745 le·

119 787 222 860 gutum
244 777 276 839 in
290 776 424 843 Atrimm
447 800 514 843 oum
538 780 631 865 copiis
648 780 782 855 uenisse,
807 775 987 860 conscriptis
1002 776 1113 843 litteris
1129 781 1244 847 circum
1267 794 1282 847 t

83 878 105 941 2
121 878 304 962 pmuinciom
320 896 423 945 omues
438 881 580 947 ciuitates
593 882 664 945 lacit
679 882 715 945 de
736 901 793 945 suo
813 878 944 943 aduentu
959 880 1119 945 certiores.
1163 878 1249 949 Inte·

120 979 176 1044 rim
192 979 307 1045 nobiles
323 979 458 1047 homines
474 1003 515 1047 ex
530 983 594 1048 suis
610 983 724 1068 oppidis
739 982 900 1067 profugere
915 989 947 1043 et
968 981 1001 1044 in
1016 992 1115 1047 castre
1129 978 1247 1049 Caese-

120 1082 163 1147 ris
186 1080 330 1151 deuenire
354 1092 385 1145 ot
408 1083 444 1149 de
466 1083 709 1149 aduersariorum
731 1085 798 1149 eius
820 1081 998 1147 crudelitato
1019 1083 1247 1167 acerbitateque

85 1180 356 1247 scommcmmmc
378 1196 553 1268 cooperunt.
600 1183 735 1268 Quorum
764 1184 895 1248 lacrimis
917 1185 1107 1268 querelisque
1129 1180 1249 1251 Guesnr

122 1294 289 1349 commotus
310 1305 378 1351 cum
399 1297 488 1353 antes
511 1289 720 1354 constituisset
741 1308 759 1351 c
781 1286 902 1353 statiuis
918 1286 1026 1351 cestris
1041 1296 1158 1352 aestate
1172 1287 1249 1351 inite
1273 1295 1303 1351 tt

122 1384 239 1451 eunctis
255 1387 349 1471 copiis
364 1388 546 1472 auxiliisque
561 1390 666 1455 accitis
685 1432 835 1455 ......
852 1386 962 1451 bellum
977 1408 1043 1451 cum
1059 1388 1124 1452 suis
1139 1388 1248 1453 aduer-

121 1487 210 1553 striis
231 1508 340 1570 gerere
360 1488 489 1555 instituit
509 1491 676 1573 litterisque
698 1492 839 1557 celeriter
859 1490 891 1553 in
906 1485 1038 1553 Siciliam
1055 1489 1188 1573 [missis]
1207 1489 1246 1553 sd

123 1588 265 1655 Alienum
281 1600 311 1653 et
325 1587 481 1655 Rabirium
498 1589 672 1658 Postumum
695 1591 874 1674 conscriptis
898 1590 956 1675 [et]
979 1611 1033 1673 per
1053 1601 1244 1673 catascopom

101 1689 230 1769 mittit,
262 1702 296 1755 ut
317 1691 384 1755 sine
408 1713 494 1757 mora
515 1714 550 1759 ec
574 1694 656 1759 nulla
677 1693 875 1759 excusatione
897 1691 1001 1757 biensis
1023 1700 1243 1771 uentorumque

85 1790 210 1876 dquam
232 1793 388 1859 celerrime
410 1795 563 1861 exercitus
585 1795 643 1859 sibi
666 1803 943 1879 transportareturc
965 1791 1099 1857 Africum
1120 1790 1245 1876 pronin·
1268 1802 1302 1857 tu

122 1895 198 1962 eiam
208 1895 307 1980 perire
322 1896 513 1979 funditusque
528 1897 625 1962 euerti
640 1898 678 1963 eb
693 1897 757 1965 suis
772 1895 920 1973 inimicum
937 1893 1088 1977 quodnisi
1103 1893 1248 1959 celeriter

121 1997 214 2063 suciis
230 1999 307 2063 loret
321 1998 511 2076 subuenlunr,
529 2010 650 2082 praeter
664 2001 757 2087 ipsam
766 1997 902 2063 Alricum
918 2007 1029 2062 terrum
1045 1997 1129 2075 nibil,
1146 2016 1186 2063 ne
1201 2006 1248 2063 te·

123 2108 201 2165 etum
210 2098 340 2182 quiden,
350 2120 409 2183 quo
424 2121 458 2165 se
473 2101 654 2186 reciperent,
670 2102 708 2166 ab
723 2101 840 2165 illorum
856 2101 971 2164 scelere
985 2098 1160 2182 insidiisque
1173 2097 1246 2163 reli·

88 2197 108 2265 5
124 2221 211 2267 cuum
221 2202 365 2269 buturum.
381 2201 556 2289 Atqueipse
571 2204 602 2268 iu
613 2214 693 2269 tanta
704 2214 769 2268 erut
781 2200 1242 2287 testinationeetexpeetstione‚

124 2314 157 2377 ttl
171 2315 293 2390 postero
307 2304 368 2384 die,
384 2326 472 2388 quam
488 2306 621 2371 misisset
633 2305 748 2371 litteras
765 2305 969 2386 nuntiumque,
986 2304 1114 2368 classem
1129 2301 1248 2367 exerei-
1268 2308 1302 2363 lu

125 2417 249 2489 tumque
261 2407 371 2471 morari
388 2409 512 2486 diceret,
531 2408 596 2473 dies
610 2418 773 2489 noctesque
788 2406 891 2470 oculos
906 2417 1096 2489 mentemque
1112 2404 1148 2468 ad
1163 2422 1247 2469 mure

88 2505 109 2569 6
125 2508 286 2590 dispositos
303 2509 491 2592 directusque
503 2511 635 2575 baberet.
663 2508 731 2575 Neo
740 2509 858 2572 mirum.
882 2507 1154 2574 Animaduertebut
1166 2505 1245 2571 mim

127 2608 214 2677 uillas
231 2610 329 2687 esum,
354 2630 444 2694 egros
460 2612 587 2690 uusteri,
610 2630 701 2694 pecus
717 2611 816 2694 diripi,
839 2612 997 2688 trucidari,
1017 2611 1124 2694 oppida
1138 2608 1247 2673 castel·

125 2714 212 2795 laque
227 2712 304 2779 dirui
322 2714 498 2798 deserique,
522 2713 670 2798 principes
693 2715 846 2779 ciuitatum
869 2723 921 2777 aut
939 2712 1068 2776 interfici
1084 2722 1136 2775 aut
1150 2712 1183 2774 in
1198 2726 1248 2774 es·

127 2815 206 2879 leuis
221 2817 339 2895 teneri,
362 2816 473 2882 liberos
489 2838 591 2883 eorum
607 2817 741 2881 obsidum
759 2815 922 2879 nominoio
937 2813 1113 2876 seruitutem
1128 2812 1248 2897 abripis
1271 2822 1304 2877 st

88 2915 162 2985 riis
184 2936 219 2983 se
239 2918 272 2983 iu
286 2918 416 2984 miseriis
431 2939 573 3001 suamque
588 2919 673 2983 tidem
690 2914 911 3001 implorantibus
927 2913 1041 2977 auxilio
1057 2921 1180 2994 propter
1194 2934 1248 2977 co·

89 3016 241 3102 8piurum
262 3022 441 3104 paucitatem
463 3042 531 3087 esso
551 3043 610 3085 uon
626 3040 727 3106 posse.
771 3015 888 3083 Milites
902 3016 1021 3081 iuterim
1035 3014 1068 3079 in
1082 3032 1173 3097 opere
1190 3034 1247 3077 cx·

127 3140 230 3186 eruere
252 3132 341 3204 atque
356 3135 456 3189 castro
474 3125 611 3201 munire,
635 3134 754 3199 turres,
779 3120 903 3189 castello
918 3122 1017 3187 iecere
1032 3116 1187 3201 molesque
1202 3118 1248 3179 ia-

67 3220 110 3295 2'1
125 3242 195 3287 cere
216 3223 248 3287 in
270 3243 354 3288 mero
378 3247 437 3291 riou
459 3227 671 3293 intermittere.
728 3222 832 3308 Scipio
852 3223 973 3289 iuterim
996 3220 1169 3304 elcpbuntos
1192 3219 1250 3284 boo

126 3325 211 3388 ruodo
228 3326 461 3391 condocolaoere
476 3329 615 3392 instituit.
662 3326 748 3390 Durus
764 3327 911 3390 iustruxit
930 3324 1023 3401 acies,
1048 3343 1136 3385 utrem
1152 3321 1249 3384 lundi-
1272 3330 1304 3384 ³⁰

233 3498 248 3546 b
262 3497 286 3545 in
301 3496 417 3547 Africum
430 3514 487 3550 eum
500 3501 581 3567 copiis
593 3516 618 3564 o,
630 3516 685 3550 cum
699 3498 783 3565 copiis
796 3499 824 3547 iu
837 3496 952 3547 lllricam
966 3494 1025 3545 ectu.
1132 3492 1249 3557 lingere

124 3574 148 3621 b.
255 3573 287 3624 lu
296 3574 477 3627 constituisset
489 3593 503 3627 e
516 3592 533 3627 a
547 3577 562 3627 b
574 3592 597 3640 e,
612 3575 775 3626 constitisset
789 3574 816 3623 iu
829 3589 857 3623 u.
965 3573 993 3624 tl
1004 3571 1097 3621 accitis
1111 3569 1248 3634 Scaliger,

123 3653 200 3717 agitis
213 3669 268 3717 σος
282 3657 430 3720 aggregetis
445 3657 469 3705 b.
478 3655 617 3707 Lucernam
631 3672 681 3721 ego
694 3659 798 3705 notoru'.
813 3652 913 3707 ltuus.
1020 3651 1075 3701 snio
1088 3648 1250 3700 aduersariis

123 3746 150 3793 o,
159 3731 320 3784 aduersariis
333 3734 388 3784 suis
403 3733 463 3784 edd.
571 3735 697 3788 llmlssis
711 3750 728 3783 o
743 3733 756 3782 b
771 3748 794 3795 r,
809 3746 864 3783 onr.
878 3747 906 3780 u.
921 3730 951 3780 P.
960 3729 1021 3781 2⁰9.
1127 3726 1251 3779 tutulo-

124 3808 277 3871 sum(o)u.
385 3811 634 3863 etudliubirinrnb.
740 3810 940 3875 cntoscopumb.
1049 3806 1249 3869 lluriltitabr,

123 3875 210 3925 missis
223 3892 250 3925 u.
380 3894 411 3930 ao
425 3882 496 3931 nullu
509 3898 536 3945 o,
551 3888 577 3931 ct
590 3880 661 3931 nullu
676 3882 707 3941 b,·
722 3886 767 3929 not
780 3878 835 3928 ulle
850 3878 938 3929 Aldus
952 3892 979 3925 u.
1109 3875 1210 3941 byomis
1222 3889 1249 3926 a.

232 3950 264 4002 lb
276 3954 371 4005 eelerri
383 3972 409 4018 u,
424 3958 549 4006 celeriter
562 3958 586 4007 b.
700 3961 763 4004 onte
776 3952 892 4005 Africum
906 3952 970 4003 odd.
985 3952 1011 4002 in
1026 3952 1051 4003 b·
1166 3951 1199 4003 ld
1211 3964 1252 4001 re·

122 4026 253 4078 lltuumu·
358 4032 616 4098 ldenpeotstiuneo.
721 4027 1250 4095 bununtiuruqueub,nuntiumqucinSi·

123 4108 209 4159 cilium
221 4122 250 4159 u.
354 4111 390 4163 22
402 4110 532 4176 depositus
546 4129 562 4162 a
575 4113 629 4164 ed.
744 4111 778 4163 ut
790 4110 923 4177 principes
938 4110 1011 4159 ‘mse
1023 4105 1165 4174 ptos-tmi’,
1179 4107 1251 4173 prin-

123 4186 307 4254 cipesquo(u).
413 4188 446 4241 25
459 4188 608 4257 abripuisse
620 4189 645 4238 in
659 4205 685 4240 u.
792 4186 1019 4250 liesseresea.
1125 4184 1247 4249 2llstque

121 4280 139 4312 a
155 4264 227 4316 ‘mse
243 4263 278 4328 b’,
292 4280 344 4317 our.
359 4265 445 4317 Aldus
458 4280 485 4315 u.
592 4265 624 4316 30
638 4265 783 4317 condecere
798 4262 888 4315 lusere
898 4276 926 4314 o.
