2692 4688
487 166 813 236 —lei-

82 342 276 426 iungeremus
305 351 337 408 et
357 341 484 406 ahenum
508 340 610 406 ‘siue'
633 361 694 405 non
714 339 863 424 superiori
882 339 1063 425 respondere
1085 342 1140 405 seul
1160 360 1214 407 se·

85 445 207 528 quentia
221 444 384 528 adiungere
399 455 616 519 statueremus,
643 453 745 507 tumen
758 443 891 525 ineptum
911 455 977 506 erut
996 443 1107 509 abusus
1123 464 1212 528 prae—

84 547 180 630 ceptis
200 546 278 625 diei,
309 546 360 629 qui
383 546 549 631 praeceptis
572 545 658 627 plane
681 546 835 609 contraria
857 544 1015 609 iaciebant.
1053 544 1212 612 Daehnius

83 647 214 712 coniecit
236 659 321 712 ‘cum
337 650 374 713 ael
390 671 457 713 eum
473 648 570 711 locum
585 648 718 711 uenisset
733 645 864 711 arbusti’
886 648 973 729 idque
987 649 1143 713 arbustum
1157 650 1215 715 oli·

83 761 186 815 uctum
210 751 267 814 ulioi
292 752 518 834 iuterpretatur.
558 748 675 814 Verum
696 750 752 814 lroo
773 750 917 814 oliuetum
941 750 1018 814 ultra
1042 752 1213 817 oeouullen

84 865 152 918 erat
173 855 218 937 (5.
237 853 290 933 1),
314 853 343 916 hi
357 852 491 917 homiues
504 852 539 915 iu
552 853 701 917 conualle.
737 850 905 917 Praeterea
926 840 1215 920 neeessario'tleola·

83 959 209 1022 randum
225 966 309 1033 erat,
340 954 390 1039 qni
411 954 476 1018 siue
492 953 576 1017 obliti
592 965 818 1038 praeceptorum
833 955 899 1019 siue
915 955 1004 1018 ueriti
1019 967 1142 1036 essent,
1175 978 1216 1024 ne

85 1061 344 1144 opprimerentur,
368 1076 466 1139 neque
477 1056 508 1120 id
523 1055 598 1120 satis
614 1058 770 1140 perspicue
790 1059 824 1121 lit
844 1059 1020 1142 pronomine
1037 1057 1115 1123 ‘illi’
1132 1062 1218 1127 alie·

86 1173 149 1241 cto,
167 1163 245 1245 quod
259 1159 397 1226 Deelrnio
413 1158 580 1224 laciendum
597 1159 772 1237 uidebatur,
790 1160 876 1224 euius
891 1171 992 1223 tumen
1007 1161 1051 1225 rei
1067 1182 1106 1226 ne
1119 1163 1218 1246 ipsius

94 1265 210 1348 quidem
220 1264 280 1327 olla
295 1274 342 1328 est
356 1261 560 1347 probabilitas.
586 1258 759 1325 Proabusis
774 1263 832 1327 illis
848 1263 1071 1346 ponendierant
1087 1264 1216 1329 ‘nortun

172 1363 245 1430 Inde
261 1385 278 1426 a
294 1366 353 1428 line
368 1385 396 1426 c.
414 1363 454 1427 51
471 1364 545 1427 haec
560 1364 718 1448 leguntur:
740 1362 829 1429 ‘Duru
845 1365 919 1429 haec
935 1385 1038 1449 opera,
1055 1386 1131 1448 quoe
1142 1378 1219 1433 ente

87 1469 172 1546 lixi,
196 1467 308 1532 fiebunt
322 1487 341 1529 a
355 1466 542 1549 legionibus,
565 1467 686 1531 interim
708 1487 777 1550 pars
799 1468 864 1530 acie
886 1468 1035 1531 instructo
1056 1469 1112 1532 sub
1129 1469 1219 1535 toste

89 1570 205 1647 stabat,
230 1569 347 1653 equites
370 1568 489 1633 barbari
508 1568 645 1652 leuisque
667 1579 841 1633 armaturae
861 1569 982 1653 proeliis
997 1569 1120 1635 minutis
1134 1591 1219 1637 com·

88 1673 187 1737 minus
203 1672 393 1736 dimicabunt.
421 1667 589 1737 Caesarei
604 1691 644 1734 eu
658 1691 748 1753 opere
763 1693 829 1735 eom
844 1670 903 1735 iam
919 1673 974 1735 sub
989 1693 1150 1755 uesperum
1165 1694 1219 1739 cc·

87 1777 153 1860 pius
166 1775 198 1839 in
214 1786 315 1840 castro
330 1775 498 1851 reduceret,
514 1792 622 1855 magno
637 1773 759 1835 incurso
774 1794 841 1837 cum
856 1774 936 1838 omni
952 1774 1084 1857 equitatu
1096 1775 1222 1860 lenique

88 1889 241 1943 armatura
254 1876 340 1954 lule,
357 1872 477 1959 Scipio,
494 1872 649 1940 Labienus
664 1874 696 1939 in
711 1875 894 1960 legionarios
909 1878 1051 1960 impeturn
1067 1878 1218 1945 lecerunt.

88 1980 217 2064 Equites
232 1978 409 2044 Caesariani
430 1980 462 2043 ui
483 1978 645 2043 uniuersae
667 1978 842 2060 subitaeque
866 1979 993 2042 hostium
1017 1980 1220 2047 multitudinis

90 2085 165 2168 pulsi
181 2102 339 2168 parumper
353 2081 534 2147 cesserunt’.
559 2080 782 2145 Animaduertit
797 2080 940 2146 Daoisius
953 2082 1100 2145 extremis
1115 2084 1220 2149 uerltis

90 2197 122 2251 et
135 2187 185 2264 iis,
202 2207 278 2269 quae
294 2185 434 2267 deinceps
450 2184 604 2269 leguntur,
622 2184 726 2248 hostes
741 2185 773 2247 in
787 2185 949 2267 equitatum
965 2181 1110 2249 Caesaris
1124 2186 1221 2271 irnpe-

90 2299 153 2353 tum
171 2290 279 2354 iecisse
293 2285 505 2352 lemonmrari.
530 2283 636 2368 ltaque
652 2285 744 2350 uerba
762 2286 803 2351 ‘iu
819 2286 1001 2370 legionarios
1016 2288 1160 2370 impeturn
1175 2291 1221 2355 le·

90 2393 206 2456 cerunt'
222 2402 364 2474 corrupta
378 2389 532 2453 iudicauit.
557 2386 598 2450 Et
612 2408 685 2451 sone
700 2388 857 2472 legionarii
874 2389 932 2453 dici
940 2391 1041 2455 solent
1052 2389 1221 2473 peditesle·

92 2494 224 2576 giorum.
251 2491 365 2556 Verum
390 2491 439 2555 lio
460 2512 520 2555 noo
536 2490 661 2555 moleste
675 2489 891 2572 intelleguntur
904 2491 1063 2576 legionarii
1086 2494 1219 2576 equites,

90 2617 156 2659 cum
174 2594 318 2678 proximis
332 2593 537 2676 superioribus
553 2592 653 2657 uerbis
669 2606 939 2658 commemorentur
956 2594 1086 2677 ‘equites
1097 2596 1220 2661 barbari

90 2696 226 2783 leuisque
241 2697 436 2763 armatnrue’.
463 2696 576 2761 Notum
593 2707 641 2763 est
655 2707 755 2760 autem
770 2696 953 2779 aliquantum
968 2707 1039 2763 ante
1054 2699 1128 2764 haec
1143 2708 1222 2767 leur·

92 2823 166 2886 pom
181 2802 316 2884 equitatu
330 2801 441 2864 ciuium
456 2800 660 2865 Romanorum
678 2820 738 2862 non
753 2820 824 2863 usos
841 2821 910 2864 esse
920 2798 1086 2865 Romanos.
1111 2800 1220 2867 llelin·

93 2906 194 2987 quitur
208 2905 311 2990 igitur,
330 2914 363 2966 ut
378 2902 493 2985 equites
509 2902 676 2967 auxiliares
688 2901 803 2965 diuisos
813 2901 1221 2988 luissestptornusparten·

93 3028 149 3090 qoe
164 3008 223 3070 leui
240 3017 428 3082 armaturae,
451 3015 565 3089 partem
580 3005 670 3082 item,
694 3015 726 3068 ut
741 3004 904 3085 antiquitus
921 3005 1026 3081 liebat,
1050 3006 1220 3089 legionibus

94 3109 267 3173 attributum
283 3130 362 3172 esse.
398 3105 490 3191 llque
512 3107 556 3171 ita
577 3108 670 3171 luisse
686 3127 726 3171 ex
740 3106 817 3169 Tae.
834 3128 905 3171 ann.
924 3104 981 3184 lv,
998 3105 1042 3172 73
1055 3119 1087 3172 et
1103 3110 1173 3175 lrist.
1190 3108 1219 3189 l,

93 3212 297 3284 enarremus,
325 3212 373 3275 ubi
391 3218 518 3275 ‘turmae
533 3210 662 3274 sociales
678 3211 854 3292 equitesque
868 3209 1029 3292 legionum’
1045 3221 1075 3275 et
1092 3213 1221 3295 ‘equites

93 3314 220 3398 legionis
236 3314 483 3395 auxiliorumqoe’
499 3324 782 3377 commemorantur.
808 3309 869 3376 set
885 3333 922 3375 ne
933 3312 1062 3394 quislroc
1072 3316 1222 3398 postlilte·

93 3438 158 3479 ram
174 3418 289 3479 oleorum
302 3417 510 3498 rempubl-icam
522 3415 694 3479 institutum
709 3416 822 3491 croslet,
840 3436 878 3478 ne
893 3416 929 3478 de
937 3417 1093 3498 superiore
1101 3419 1221 3502 quiden

94 3529 226 3602 tempore
247 3518 446 3582 testimouium
469 3519 563 3582 deest.
593 3516 773 3584 Plutarchus
796 3518 873 3582 enim
898 3516 1011 3581 Anton.
1030 3517 1072 3581 37
1096 3520 1171 3585 laco
1185 3523 1222 3586 de

94 3620 486 3685 Antoniiexerciturelcrt:
504 3618 592 3704 ἦσαν
601 3620 635 3688 δὲ
645 3618 823 3706 Ῥωμαίων
838 3626 906 3705 μὲν
921 3614 1035 3687 αὐτῶν
1051 3620 1223 3711 έξαιιιςμῦ·

95 3727 261 3808 (ιιοιπεζοὶ
273 3726 329 3790 καὶ
344 3722 382 3789 τὸ
394 3722 998 3810 ‘Pupiulnecouvuoueypra'ouvimmunda
1008 3719 1151 3810 Ἰβήρων
1166 3728 1224 3795 nul

95 3830 238 3894 Κελτῶν
245 3823 373 3912 μύριοι,
383 3822 719 3895 τώνδθᾶλλωνέθνών
728 3829 980 3916 lyr'uovoouprtc
987 3828 1224 3915 provocaturum

95 3926 414 4014 ἕππιῦσινόμοῠκαὶ
424 3933 547 4009 ψιλοῖς.
572 3929 789 3995 Vndesimulid
798 3933 986 4016 perspicitur,
1004 3933 1121 4015 equites
1130 3934 1225 4017 legio-

94 4032 181 4096 nibus
197 4032 357 4095 attributos
368 4028 473 4093 Gallos
489 4043 518 4095 et
532 4032 681 4116 llispanos
695 4034 799 4097 luisse.
826 4031 920 4098 Leuis
936 4047 1033 4098 auteur
1050 4046 1223 4100 armaturae

95 4136 378 4219 equilrspraecipue
387 4132 535 4196 Numidas
543 4137 635 4200 luisse
644 4146 877 4200 consentaneum
894 4147 951 4201 est.
976 4137 1077 4220 Atque
1092 4139 1225 4221 eusban·

95 4239 272 4309 herusolicit
286 4237 427 4321 scriptor,
445 4237 514 4319 quia
529 4259 547 4301 a
563 4236 855 4303 cultollomauurum
865 4243 997 4306 menime
1009 4237 1225 4307 abhorrebunt.
