<?xml version="1.0" encoding="UTF-8"?>
<!DOCTYPE html PUBLIC "-//W3C//DTD XHTML 1.0 Transitional//EN"
    "http://www.w3.org/TR/xhtml1/DTD/xhtml1-transitional.dtd">
<html xmlns="http://www.w3.org/1999/xhtml" xml:lang="en" lang="en">
 <head>
  <title>
</title>
<meta http-equiv="Content-Type" content="text/html;charset=utf-8" />
  <meta name='ocr-system' content='tesseract 3.04.00' />
  <meta name='ocr-capabilities' content='ocr_page ocr_carea ocr_par ocr_line ocrx_word'/>
</head>
<body>
  <div class='ocr_page' id='page_1' title='image "./civliicaesarisc02hirtgoog_0054.png"; bbox 0 0 2684 4694; ppageno 0'>
   <div class='ocr_carea' id='block_1_1' title="bbox 516 222 819 290">
    <p class='ocr_par' dir='ltr' id='par_1_1' title="bbox 516 222 819 290">
     <span class='ocr_line' id='line_1_1' title="bbox 516 222 819 290; baseline 0.013 -18"><span class='ocrx_word' id='word_1_1' title='bbox 516 222 819 290; x_wconf 67' lang='lat'>-47-</span> 
     </span>
    </p>
   </div>
   <div class='ocr_carea' id='block_1_2' title="bbox 98 391 1229 2410">
    <p class='ocr_par' dir='ltr' id='par_1_2' title="bbox 98 391 1229 2410">
     <span class='ocr_line' id='line_1_2' title="bbox 101 391 1229 480; baseline 0.012 -23"><span class='ocrx_word' id='word_1_2' title='bbox 101 412 153 457; x_wconf 91' lang='lat' dir='ltr'><strong>um</strong></span> <span class='ocrx_word' id='word_1_3' title='bbox 167 391 449 457; x_wconf 63' lang='lat' dir='ltr'><strong>nummulariorum</strong></span> <span class='ocrx_word' id='word_1_4' title='bbox 464 391 521 458; x_wconf 91' lang='lat' dir='ltr'><strong>soli</strong></span> <span class='ocrx_word' id='word_1_5' title='bbox 535 393 707 479; x_wconf 74' lang='lat' dir='ltr'><strong>interpolati</strong></span> <span class='ocrx_word' id='word_1_6' title='bbox 732 407 930 480; x_wconf 71' lang='lat' dir='ltr'><strong>snperemutp</strong></span> <span class='ocrx_word' id='word_1_7' title='bbox 958 418 1031 465; x_wconf 82' lang='lat' dir='ltr'><strong>cusu</strong></span> <span class='ocrx_word' id='word_1_8' title='bbox 1060 412 1162 467; x_wconf 85' lang='lat' dir='ltr'><strong>antem</strong></span> <span class='ocrx_word' id='word_1_9' title='bbox 1184 406 1229 471; x_wconf 88' lang='lat' dir='ltr'><strong>ia·</strong></span> 
     </span>
     <span class='ocr_line' id='line_1_3' title="bbox 100 496 1228 588; baseline 0.01 -27"><span class='ocrx_word' id='word_1_10' title='bbox 100 507 184 561; x_wconf 91' lang='lat' dir='ltr'><strong>ctum</strong></span> <span class='ocrx_word' id='word_1_11' title='bbox 199 506 263 572; x_wconf 88' lang='lat' dir='ltr'><strong>est,</strong></span> <span class='ocrx_word' id='word_1_12' title='bbox 280 496 368 572; x_wconf 90' lang='lat' dir='ltr'><strong>ntis,</strong></span> <span class='ocrx_word' id='word_1_13' title='bbox 384 496 435 577; x_wconf 81' lang='lat' dir='ltr'><strong>qni</strong></span> <span class='ocrx_word' id='word_1_14' title='bbox 450 497 583 561; x_wconf 78' lang='lat' dir='ltr'><strong>codicem</strong></span> <span class='ocrx_word' id='word_1_15' title='bbox 598 497 781 561; x_wconf 77' lang='lat' dir='ltr'><strong>deteriorum</strong></span> <span class='ocrx_word' id='word_1_16' title='bbox 798 498 960 584; x_wconf 90' lang='lat' dir='ltr'><strong>principem</strong></span> <span class='ocrx_word' id='word_1_17' title='bbox 975 503 1107 588; x_wconf 78' lang='lat' dir='ltr'><strong>scripsit,</strong></span> <span class='ocrx_word' id='word_1_18' title='bbox 1124 526 1228 572; x_wconf 85' lang='lat' dir='ltr'><strong>exem·</strong></span> 
     </span>
     <span class='ocr_line' id='line_1_4' title="bbox 100 596 1227 690; baseline 0.007 -28"><span class='ocrx_word' id='word_1_19' title='bbox 100 598 169 684; x_wconf 80' lang='lat' dir='ltr'><strong>plor</strong></span> <span class='ocrx_word' id='word_1_20' title='bbox 188 608 259 661; x_wconf 92' lang='lat' dir='ltr'><strong>octo</strong></span> <span class='ocrx_word' id='word_1_21' title='bbox 280 596 425 661; x_wconf 88' lang='lat' dir='ltr'><strong>librorum</strong></span> <span class='ocrx_word' id='word_1_22' title='bbox 447 599 583 664; x_wconf 86' lang='lat' dir='ltr'><strong>debello</strong></span> <span class='ocrx_word' id='word_1_23' title='bbox 606 597 724 664; x_wconf 84' lang='lat' dir='ltr'><strong>Gallico</strong></span> <span class='ocrx_word' id='word_1_24' title='bbox 747 600 977 665; x_wconf 72' lang='lat' dir='ltr'><strong>nancisceretur</strong></span> <span class='ocrx_word' id='word_1_25' title='bbox 997 615 1029 667; x_wconf 86' lang='lat' dir='ltr'><strong>et</strong></span> <span class='ocrx_word' id='word_1_26' title='bbox 1047 617 1151 690; x_wconf 89' lang='lat' dir='ltr'><strong>postea</strong></span> <span class='ocrx_word' id='word_1_27' title='bbox 1175 610 1227 673; x_wconf 87' lang='lat' dir='ltr'><strong>dc-</strong></span> 
     </span>
     <span class='ocr_line' id='line_1_5' title="bbox 98 701 1225 785; baseline 0.011 -20"><span class='ocrx_word' id='word_1_28' title='bbox 98 722 192 779; x_wconf 86' lang='lat' dir='ltr'><strong>mnm,</strong></span> <span class='ocrx_word' id='word_1_29' title='bbox 210 720 297 783; x_wconf 82' lang='lat' dir='ltr'><strong>qnam</strong></span> <span class='ocrx_word' id='word_1_30' title='bbox 318 720 372 764; x_wconf 91' lang='lat' dir='ltr'><strong>eos</strong></span> <span class='ocrx_word' id='word_1_31' title='bbox 395 701 615 785; x_wconf 73' lang='lat' dir='ltr'><strong>descripserat,</strong></span> <span class='ocrx_word' id='word_1_32' title='bbox 639 702 767 765; x_wconf 83' lang='lat' dir='ltr'><strong>ultorum</strong></span> <span class='ocrx_word' id='word_1_33' title='bbox 789 703 921 767; x_wconf 89' lang='lat' dir='ltr'><strong>omnium</strong></span> <span class='ocrx_word' id='word_1_34' title='bbox 944 710 1225 776; x_wconf 78' lang='lat' dir='ltr'><strong>commentariorum</strong></span> 
     </span>
     <span class='ocr_line' id='line_1_6' title="bbox 98 801 1224 888; baseline 0.011 -22"><span class='ocrx_word' id='word_1_35' title='bbox 98 803 230 886; x_wconf 78' lang='lat' dir='ltr'><strong>indeque</strong></span> <span class='ocrx_word' id='word_1_36' title='bbox 244 822 331 866; x_wconf 90' lang='lat' dir='ltr'><strong>sunm</strong></span> <span class='ocrx_word' id='word_1_37' title='bbox 346 804 547 888; x_wconf 76' lang='lat' dir='ltr'><strong>apographum</strong></span> <span class='ocrx_word' id='word_1_38' title='bbox 562 803 726 888; x_wconf 79' lang='lat' dir='ltr'><strong>suppleret.</strong></span> <span class='ocrx_word' id='word_1_39' title='bbox 770 801 843 867; x_wconf 91' lang='lat' dir='ltr'><strong>Non</strong></span> <span class='ocrx_word' id='word_1_40' title='bbox 859 816 930 870; x_wconf 88' lang='lat' dir='ltr'><strong>snut</strong></span> <span class='ocrx_word' id='word_1_41' title='bbox 944 817 1043 872; x_wconf 79' lang='lat' dir='ltr'><strong>antem</strong></span> <span class='ocrx_word' id='word_1_42' title='bbox 1061 810 1089 874; x_wconf 86' lang='lat' dir='ltr'><strong>hi</strong></span> <span class='ocrx_word' id='word_1_43' title='bbox 1106 813 1224 879; x_wconf 88' lang='lat' dir='ltr'><strong>codices</strong></span> 
     </span>
     <span class='ocr_line' id='line_1_7' title="bbox 98 905 1225 993; baseline 0.008 -22"><span class='ocrx_word' id='word_1_44' title='bbox 98 926 205 971; x_wconf 80' lang='lat' dir='ltr'><strong>onnes</strong></span> <span class='ocrx_word' id='word_1_45' title='bbox 220 905 353 969; x_wconf 86' lang='lat' dir='ltr'><strong>eiusdem</strong></span> <span class='ocrx_word' id='word_1_46' title='bbox 369 906 508 990; x_wconf 90' lang='lat' dir='ltr'><strong>generis,</strong></span> <span class='ocrx_word' id='word_1_47' title='bbox 532 907 585 969; x_wconf 92' lang='lat' dir='ltr'><strong>sed</strong></span> <span class='ocrx_word' id='word_1_48' title='bbox 609 909 752 970; x_wconf 78' lang='lat' dir='ltr'><strong>hactenns</strong></span> <span class='ocrx_word' id='word_1_49' title='bbox 767 905 928 985; x_wconf 86' lang='lat' dir='ltr'><strong>dillernut,</strong></span> <span class='ocrx_word' id='word_1_50' title='bbox 951 910 1030 993; x_wconf 89' lang='lat' dir='ltr'><strong>qood</strong></span> <span class='ocrx_word' id='word_1_51' title='bbox 1051 912 1102 976; x_wconf 83' lang='lat' dir='ltr'><strong>ulii</strong></span> <span class='ocrx_word' id='word_1_52' title='bbox 1125 914 1225 981; x_wconf 84' lang='lat' dir='ltr'><strong>uliiss</strong></span> 
     </span>
     <span class='ocr_line' id='line_1_8' title="bbox 99 1008 1226 1096; baseline 0.006 -21"><span class='ocrx_word' id='word_1_53' title='bbox 99 1010 231 1075; x_wconf 76' lang='lat' dir='ltr'><strong>librariis</strong></span> <span class='ocrx_word' id='word_1_54' title='bbox 246 1008 342 1092; x_wconf 78' lang='lat' dir='ltr'><strong>magis</strong></span> <span class='ocrx_word' id='word_1_55' title='bbox 356 1018 426 1071; x_wconf 88' lang='lat' dir='ltr'><strong>snut</strong></span> <span class='ocrx_word' id='word_1_56' title='bbox 442 1008 597 1093; x_wconf 83' lang='lat' dir='ltr'><strong>deprunsti</strong></span> <span class='ocrx_word' id='word_1_57' title='bbox 612 1019 643 1073; x_wconf 88' lang='lat' dir='ltr'><strong>et</strong></span> <span class='ocrx_word' id='word_1_58' title='bbox 653 1030 708 1092; x_wconf 92' lang='lat' dir='ltr'><strong>pro</strong></span> <span class='ocrx_word' id='word_1_59' title='bbox 719 1008 831 1072; x_wconf 87' lang='lat' dir='ltr'><strong>indicio</strong></span> <span class='ocrx_word' id='word_1_60' title='bbox 844 1009 1082 1096; x_wconf 87' lang='lat' dir='ltr'><strong>uniuscuiusque</strong></span> <span class='ocrx_word' id='word_1_61' title='bbox 1096 1015 1127 1078; x_wconf 93' lang='lat' dir='ltr'><strong>iu</strong></span> <span class='ocrx_word' id='word_1_62' title='bbox 1141 1015 1226 1082; x_wconf 80' lang='lat' dir='ltr'><strong>libris</strong></span> 
     </span>
     <span class='ocr_line' id='line_1_9' title="bbox 99 1110 1225 1196; baseline 0.009 -21"><span class='ocrx_word' id='word_1_63' title='bbox 99 1112 138 1175; x_wconf 83' lang='lat' dir='ltr'><strong>tle</strong></span> <span class='ocrx_word' id='word_1_64' title='bbox 151 1112 230 1176; x_wconf 83' lang='lat' dir='ltr'><strong>lello</strong></span> <span class='ocrx_word' id='word_1_65' title='bbox 244 1110 379 1190; x_wconf 86' lang='lat' dir='ltr'><strong>Gallico,</strong></span> <span class='ocrx_word' id='word_1_66' title='bbox 396 1130 463 1175; x_wconf 87' lang='lat' dir='ltr'><strong>cnm</strong></span> <span class='ocrx_word' id='word_1_67' title='bbox 479 1111 689 1196; x_wconf 75' lang='lat' dir='ltr'><strong>interpolatum</strong></span> <span class='ocrx_word' id='word_1_68' title='bbox 706 1110 839 1174; x_wconf 79' lang='lat' dir='ltr'><strong>codicem</strong></span> <span class='ocrx_word' id='word_1_69' title='bbox 855 1123 960 1175; x_wconf 88' lang='lat' dir='ltr'><strong>nsctns</strong></span> <span class='ocrx_word' id='word_1_70' title='bbox 976 1124 1077 1194; x_wconf 90' lang='lat' dir='ltr'><strong>esset,</strong></span> <span class='ocrx_word' id='word_1_71' title='bbox 1094 1120 1225 1185; x_wconf 88' lang='lat' dir='ltr'><strong>correcti</strong></span> 
     </span>
     <span class='ocr_line' id='line_1_10' title="bbox 99 1210 1225 1299; baseline 0.006 -20"><span class='ocrx_word' id='word_1_72' title='bbox 99 1224 190 1297; x_wconf 82' lang='lat' dir='ltr'><strong>utque</strong></span> <span class='ocrx_word' id='word_1_73' title='bbox 204 1214 344 1299; x_wconf 86' lang='lat' dir='ltr'><strong>suppleti,</strong></span> <span class='ocrx_word' id='word_1_74' title='bbox 362 1214 404 1276; x_wconf 86' lang='lat' dir='ltr'><strong>ita</strong></span> <span class='ocrx_word' id='word_1_75' title='bbox 419 1222 453 1275; x_wconf 89' lang='lat' dir='ltr'><strong>nt</strong></span> <span class='ocrx_word' id='word_1_76' title='bbox 466 1213 621 1291; x_wconf 90' lang='lat' dir='ltr'><strong>nonnulli,</strong></span> <span class='ocrx_word' id='word_1_77' title='bbox 643 1213 727 1276; x_wconf 90' lang='lat' dir='ltr'><strong>uelut</strong></span> <span class='ocrx_word' id='word_1_78' title='bbox 741 1210 923 1277; x_wconf 85' lang='lat' dir='ltr'><strong>Dresdcusis</strong></span> <span class='ocrx_word' id='word_1_79' title='bbox 939 1215 1050 1299; x_wconf 91' lang='lat' dir='ltr'><strong>primns</strong></span> <span class='ocrx_word' id='word_1_80' title='bbox 1065 1228 1098 1283; x_wconf 93' lang='lat' dir='ltr'><strong>et</strong></span> <span class='ocrx_word' id='word_1_81' title='bbox 1110 1218 1225 1286; x_wconf 84' lang='lat' dir='ltr'><strong>Vindo-</strong></span> 
     </span>
     <span class='ocr_line' id='line_1_11' title="bbox 99 1315 1223 1404; baseline 0.01 -25"><span class='ocrx_word' id='word_1_82' title='bbox 99 1315 244 1380; x_wconf 81' lang='lat' dir='ltr'><strong>loueusis</strong></span> <span class='ocrx_word' id='word_1_83' title='bbox 258 1316 424 1392; x_wconf 87' lang='lat' dir='ltr'><strong>seonudns,</strong></span> <span class='ocrx_word' id='word_1_84' title='bbox 449 1316 499 1398; x_wconf 84' lang='lat' dir='ltr'><strong>qni</strong></span> <span class='ocrx_word' id='word_1_85' title='bbox 521 1324 592 1380; x_wconf 89' lang='lat' dir='ltr'><strong>suut</strong></span> <span class='ocrx_word' id='word_1_86' title='bbox 613 1334 655 1379; x_wconf 82' lang='lat' dir='ltr'><strong>ex</strong></span> <span class='ocrx_word' id='word_1_87' title='bbox 678 1315 782 1378; x_wconf 85' lang='lat' dir='ltr'><strong>eodem</strong></span> <span class='ocrx_word' id='word_1_88' title='bbox 798 1315 901 1379; x_wconf 89' lang='lat' dir='ltr'><strong>codice</strong></span> <span class='ocrx_word' id='word_1_89' title='bbox 915 1317 1075 1404; x_wconf 82' lang='lat' dir='ltr'><strong>descripti,</strong></span> <span class='ocrx_word' id='word_1_90' title='bbox 1099 1342 1171 1387; x_wconf 84' lang='lat' dir='ltr'><strong>rsro</strong></span> <span class='ocrx_word' id='word_1_91' title='bbox 1185 1324 1223 1390; x_wconf 85' lang='lat' dir='ltr'><strong>als</strong></span> 
     </span>
     <span class='ocr_line' id='line_1_12' title="bbox 99 1417 1223 1509; baseline 0.007 -27"><span class='ocrx_word' id='word_1_92' title='bbox 99 1417 227 1505; x_wconf 83' lang='lat' dir='ltr'><strong>integris</strong></span> <span class='ocrx_word' id='word_1_93' title='bbox 242 1419 408 1495; x_wconf 87' lang='lat' dir='ltr'><strong>discedunt,</strong></span> <span class='ocrx_word' id='word_1_94' title='bbox 425 1418 489 1495; x_wconf 84' lang='lat' dir='ltr'><strong>ulii,</strong></span> <span class='ocrx_word' id='word_1_95' title='bbox 506 1429 540 1482; x_wconf 92' lang='lat' dir='ltr'><strong>nt</strong></span> <span class='ocrx_word' id='word_1_96' title='bbox 555 1417 714 1482; x_wconf 85' lang='lat' dir='ltr'><strong>Gothunus</strong></span> <span class='ocrx_word' id='word_1_97' title='bbox 730 1417 862 1501; x_wconf 87' lang='lat' dir='ltr'><strong>primns,</strong></span> <span class='ocrx_word' id='word_1_98' title='bbox 888 1420 952 1483; x_wconf 84' lang='lat' dir='ltr'><strong>iere</strong></span> <span class='ocrx_word' id='word_1_99' title='bbox 972 1422 1052 1485; x_wconf 86' lang='lat' dir='ltr'><strong>omui</strong></span> <span class='ocrx_word' id='word_1_100' title='bbox 1075 1444 1115 1487; x_wconf 87' lang='lat' dir='ltr'><strong>ex</strong></span> <span class='ocrx_word' id='word_1_101' title='bbox 1138 1436 1223 1509; x_wconf 84' lang='lat' dir='ltr'><strong>parte</strong></span> 
     </span>
     <span class='ocr_line' id='line_1_13' title="bbox 100 1519 1224 1605; baseline 0.007 -20"><span class='ocrx_word' id='word_1_102' title='bbox 100 1521 345 1605; x_wconf 75' lang='lat' dir='ltr'><strong>interpolatorum</strong></span> <span class='ocrx_word' id='word_1_103' title='bbox 370 1520 484 1584; x_wconf 79' lang='lat' dir='ltr'><strong>similes</strong></span> <span class='ocrx_word' id='word_1_104' title='bbox 506 1521 576 1584; x_wconf 78' lang='lat' dir='ltr'><strong>siut.</strong></span> <span class='ocrx_word' id='word_1_105' title='bbox 612 1520 778 1584; x_wconf 79' lang='lat' dir='ltr'><strong>Admodum</strong></span> <span class='ocrx_word' id='word_1_106' title='bbox 794 1519 825 1582; x_wconf 91' lang='lat' dir='ltr'><strong>iu</strong></span> <span class='ocrx_word' id='word_1_107' title='bbox 842 1520 896 1584; x_wconf 87' lang='lat' dir='ltr'><strong>hsc</strong></span> <span class='ocrx_word' id='word_1_108' title='bbox 911 1542 944 1586; x_wconf 89' lang='lat' dir='ltr'><strong>rs</strong></span> <span class='ocrx_word' id='word_1_109' title='bbox 959 1525 1161 1591; x_wconf 75' lang='lat' dir='ltr'><strong>memorabilis</strong></span> <span class='ocrx_word' id='word_1_110' title='bbox 1176 1538 1224 1592; x_wconf 89' lang='lat' dir='ltr'><strong>est</strong></span> 
     </span>
     <span class='ocr_line' id='line_1_14' title="bbox 101 1619 1224 1704; baseline 0.008 -19"><span class='ocrx_word' id='word_1_111' title='bbox 101 1619 285 1687; x_wconf 84' lang='lat' dir='ltr'><strong>Pctuuinuns</strong></span> <span class='ocrx_word' id='word_1_112' title='bbox 300 1623 408 1698; x_wconf 80' lang='lat' dir='ltr'><strong>codex,</strong></span> <span class='ocrx_word' id='word_1_113' title='bbox 426 1622 475 1704; x_wconf 86' lang='lat' dir='ltr'><strong>qni</strong></span> <span class='ocrx_word' id='word_1_114' title='bbox 490 1623 523 1686; x_wconf 90' lang='lat' dir='ltr'><strong>iu</strong></span> <span class='ocrx_word' id='word_1_115' title='bbox 538 1623 623 1687; x_wconf 88' lang='lat' dir='ltr'><strong>libris</strong></span> <span class='ocrx_word' id='word_1_116' title='bbox 638 1623 674 1686; x_wconf 94' lang='lat' dir='ltr'><strong>de</strong></span> <span class='ocrx_word' id='word_1_117' title='bbox 693 1621 724 1686; x_wconf 88' lang='lat' dir='ltr'><strong>b.</strong></span> <span class='ocrx_word' id='word_1_118' title='bbox 742 1620 846 1699; x_wconf 72' lang='lat' dir='ltr'><strong>Gall,</strong></span> <span class='ocrx_word' id='word_1_119' title='bbox 869 1642 936 1685; x_wconf 88' lang='lat' dir='ltr'><strong>cnm</strong></span> <span class='ocrx_word' id='word_1_120' title='bbox 952 1642 991 1686; x_wconf 86' lang='lat' dir='ltr'><strong>ex</strong></span> <span class='ocrx_word' id='word_1_121' title='bbox 1007 1624 1158 1692; x_wconf 84' lang='lat' dir='ltr'><strong>deteriore</strong></span> <span class='ocrx_word' id='word_1_122' title='bbox 1173 1649 1224 1694; x_wconf 88' lang='lat' dir='ltr'><strong>co·</strong></span> 
     </span>
     <span class='ocr_line' id='line_1_15' title="bbox 100 1722 1222 1809; baseline 0.008 -20"><span class='ocrx_word' id='word_1_123' title='bbox 100 1725 166 1790; x_wconf 88' lang='lat' dir='ltr'><strong>dico</strong></span> <span class='ocrx_word' id='word_1_124' title='bbox 188 1726 264 1789; x_wconf 85' lang='lat' dir='ltr'><strong>sutis</strong></span> <span class='ocrx_word' id='word_1_125' title='bbox 292 1726 412 1807; x_wconf 87' lang='lat' dir='ltr'><strong>integro</strong></span> <span class='ocrx_word' id='word_1_126' title='bbox 440 1725 607 1809; x_wconf 91' lang='lat' dir='ltr'><strong>descriptus</strong></span> <span class='ocrx_word' id='word_1_127' title='bbox 630 1724 689 1800; x_wconf 92' lang='lat' dir='ltr'><strong>sit,</strong></span> <span class='ocrx_word' id='word_1_128' title='bbox 720 1744 739 1786; x_wconf 84' lang='lat' dir='ltr'><strong>s</strong></span> <span class='ocrx_word' id='word_1_129' title='bbox 765 1722 895 1788; x_wconf 79' lang='lat' dir='ltr'><strong>secunda</strong></span> <span class='ocrx_word' id='word_1_130' title='bbox 919 1746 1008 1789; x_wconf 87' lang='lat' dir='ltr'><strong>mann</strong></span> <span class='ocrx_word' id='word_1_131' title='bbox 1031 1749 1136 1795; x_wconf 86' lang='lat' dir='ltr'><strong>omncs</strong></span> <span class='ocrx_word' id='word_1_132' title='bbox 1158 1734 1222 1799; x_wconf 86' lang='lat' dir='ltr'><strong>lere</strong></span> 
     </span>
     <span class='ocr_line' id='line_1_16' title="bbox 99 1826 1222 1914; baseline 0.007 -24"><span class='ocrx_word' id='word_1_133' title='bbox 99 1827 314 1914; x_wconf 79' lang='lat' dir='ltr'><strong>discrepantius</strong></span> <span class='ocrx_word' id='word_1_134' title='bbox 344 1827 591 1911; x_wconf 72' lang='lat' dir='ltr'><strong>interpolatorum</strong></span> <span class='ocrx_word' id='word_1_135' title='bbox 618 1826 751 1889; x_wconf 86' lang='lat' dir='ltr'><strong>codicum</strong></span> <span class='ocrx_word' id='word_1_136' title='bbox 779 1827 928 1911; x_wconf 73' lang='lat' dir='ltr'><strong>ascriptos</strong></span> <span class='ocrx_word' id='word_1_137' title='bbox 950 1826 1050 1893; x_wconf 82' lang='lat' dir='ltr'><strong>lubet.</strong></span> <span class='ocrx_word' id='word_1_138' title='bbox 1087 1828 1157 1896; x_wconf 87' lang='lat' dir='ltr'><strong>Duo</strong></span> <span class='ocrx_word' id='word_1_139' title='bbox 1172 1856 1222 1899; x_wconf 89' lang='lat' dir='ltr'><strong>co·</strong></span> 
     </span>
     <span class='ocr_line' id='line_1_17' title="bbox 100 1925 1221 2015; baseline 0.007 -23"><span class='ocrx_word' id='word_1_140' title='bbox 100 1929 194 2008; x_wconf 88' lang='lat' dir='ltr'><strong>dices,</strong></span> <span class='ocrx_word' id='word_1_141' title='bbox 211 1932 392 2015; x_wconf 79' lang='lat' dir='ltr'><strong>quiseptem</strong></span> <span class='ocrx_word' id='word_1_142' title='bbox 407 1929 637 1993; x_wconf 74' lang='lat' dir='ltr'><strong>commentarios</strong></span> <span class='ocrx_word' id='word_1_143' title='bbox 653 1928 689 1992; x_wconf 92' lang='lat' dir='ltr'><strong>de</strong></span> <span class='ocrx_word' id='word_1_144' title='bbox 703 1927 733 1991; x_wconf 80' lang='lat' dir='ltr'><strong>o.</strong></span> <span class='ocrx_word' id='word_1_145' title='bbox 745 1925 825 1993; x_wconf 88' lang='lat' dir='ltr'><strong>Gsll.</strong></span> <span class='ocrx_word' id='word_1_146' title='bbox 844 1929 1011 2010; x_wconf 89' lang='lat' dir='ltr'><strong>continent,</strong></span> <span class='ocrx_word' id='word_1_147' title='bbox 1031 1929 1221 2001; x_wconf 84' lang='lat' dir='ltr'><strong>Dulerionns</strong></span> 
     </span>
     <span class='ocr_line' id='line_1_18' title="bbox 99 2030 1222 2116; baseline 0.006 -20"><span class='ocrx_word' id='word_1_148' title='bbox 99 2030 385 2098; x_wconf 85' lang='lat' dir='ltr'><strong>etViudnbnuensis</strong></span> <span class='ocrx_word' id='word_1_149' title='bbox 396 2052 503 2104; x_wconf 91' lang='lat' dir='ltr'><strong>nouus,</strong></span> <span class='ocrx_word' id='word_1_150' title='bbox 521 2030 776 2116; x_wconf 79' lang='lat' dir='ltr'><strong>deprenstissimis</strong></span> <span class='ocrx_word' id='word_1_151' title='bbox 788 2031 876 2095; x_wconf 88' lang='lat' dir='ltr'><strong>huius</strong></span> <span class='ocrx_word' id='word_1_152' title='bbox 894 2033 987 2116; x_wconf 87' lang='lat' dir='ltr'><strong>partis</strong></span> <span class='ocrx_word' id='word_1_153' title='bbox 1008 2035 1222 2103; x_wconf 79' lang='lat' dir='ltr'><strong>adnumerandi</strong></span> 
     </span>
     <span class='ocr_line' id='line_1_19' title="bbox 99 2132 1222 2217; baseline 0.006 -18"><span class='ocrx_word' id='word_1_154' title='bbox 99 2145 189 2199; x_wconf 83' lang='lat' dir='ltr'><strong>snut:</strong></span> <span class='ocrx_word' id='word_1_155' title='bbox 221 2153 319 2216; x_wconf 80' lang='lat' dir='ltr'><strong>neque</strong></span> <span class='ocrx_word' id='word_1_156' title='bbox 345 2143 427 2198; x_wconf 85' lang='lat' dir='ltr'><strong>certe</strong></span> <span class='ocrx_word' id='word_1_157' title='bbox 448 2132 600 2198; x_wconf 89' lang='lat' dir='ltr'><strong>meliorem</strong></span> <span class='ocrx_word' id='word_1_158' title='bbox 622 2132 741 2210; x_wconf 80' lang='lat' dir='ltr'><strong>lubuit,</strong></span> <span class='ocrx_word' id='word_1_159' title='bbox 773 2134 824 2217; x_wconf 90' lang='lat' dir='ltr'><strong>qui</strong></span> <span class='ocrx_word' id='word_1_160' title='bbox 846 2135 967 2198; x_wconf 90' lang='lat' dir='ltr'><strong>eosdem</strong></span> <span class='ocrx_word' id='word_1_161' title='bbox 991 2134 1083 2202; x_wconf 83' lang='lat' dir='ltr'><strong>libros</strong></span> <span class='ocrx_word' id='word_1_162' title='bbox 1104 2137 1222 2207; x_wconf 74' lang='lat' dir='ltr'><strong>Graece</strong></span> 
     </span>
     <span class='ocr_line' id='line_1_20' title="bbox 100 2232 1221 2328; baseline 0.006 -26"><span class='ocrx_word' id='word_1_163' title='bbox 100 2237 212 2312; x_wconf 85' lang='lat' dir='ltr'><strong>uertit,</strong></span> <span class='ocrx_word' id='word_1_164' title='bbox 237 2255 322 2320; x_wconf 87' lang='lat' dir='ltr'><strong>quem</strong></span> <span class='ocrx_word' id='word_1_165' title='bbox 344 2232 548 2300; x_wconf 81' lang='lat' dir='ltr'><strong>Schneiderus</strong></span> <span class='ocrx_word' id='word_1_166' title='bbox 571 2235 673 2300; x_wconf 63' lang='lat' dir='ltr'><strong>officio</strong></span> <span class='ocrx_word' id='word_1_167' title='bbox 702 2256 761 2319; x_wconf 88' lang='lat' dir='ltr'><strong>qno</strong></span> <span class='ocrx_word' id='word_1_168' title='bbox 789 2237 856 2301; x_wconf 88' lang='lat' dir='ltr'><strong>inre</strong></span> <span class='ocrx_word' id='word_1_169' title='bbox 881 2236 1028 2320; x_wconf 87' lang='lat' dir='ltr'><strong>impresso</strong></span> <span class='ocrx_word' id='word_1_170' title='bbox 1057 2243 1221 2328; x_wconf 80' lang='lat' dir='ltr'><strong>exemplari</strong></span> 
     </span>
     <span class='ocr_line' id='line_1_21' title="bbox 100 2334 1222 2410; baseline 0.005 -5"><span class='ocrx_word' id='word_1_171' title='bbox 100 2360 187 2405; x_wconf 87' lang='lat' dir='ltr'><strong>nsum</strong></span> <span class='ocrx_word' id='word_1_172' title='bbox 207 2339 349 2402; x_wconf 88' lang='lat' dir='ltr'><strong>sllirmnt.</strong></span> <span class='ocrx_word' id='word_1_173' title='bbox 395 2336 471 2402; x_wconf 88' lang='lat' dir='ltr'><strong>ltem</strong></span> <span class='ocrx_word' id='word_1_174' title='bbox 494 2335 659 2402; x_wconf 87' lang='lat' dir='ltr'><strong>Petrarchs</strong></span> <span class='ocrx_word' id='word_1_175' title='bbox 687 2339 718 2403; x_wconf 93' lang='lat' dir='ltr'><strong>iu</strong></span> <span class='ocrx_word' id='word_1_176' title='bbox 750 2339 875 2404; x_wconf 83' lang='lat' dir='ltr'><strong>historin</strong></span> <span class='ocrx_word' id='word_1_177' title='bbox 898 2334 1043 2404; x_wconf 76' lang='lat' dir='ltr'><strong>Caesaris</strong></span> <span class='ocrx_word' id='word_1_178' title='bbox 1064 2343 1222 2410; x_wconf 75' lang='lat' dir='ltr'><strong>admodum</strong></span> 
     </span>
    </p>
   </div>
   <div class='ocr_carea' id='block_1_3' title="bbox 100 2440 1222 2837">
    <p class='ocr_par' dir='ltr' id='par_1_3' title="bbox 100 2440 1222 2837">
     <span class='ocr_line' id='line_1_22' title="bbox 100 2440 1221 2536; baseline -0.006 -28"><span class='ocrx_word' id='word_1_179' title='bbox 100 2443 207 2508; x_wconf 76' lang='lat' dir='ltr'><strong>melum</strong></span> <span class='ocrx_word' id='word_1_180' title='bbox 237 2441 369 2506; x_wconf 76' lang='lat' dir='ltr'><strong>colice·</strong></span> <span class='ocrx_word' id='word_1_181' title='bbox 397 2441 528 2504; x_wconf 90' lang='lat' dir='ltr'><strong>omuinm</strong></span> <span class='ocrx_word' id='word_1_182' title='bbox 558 2440 841 2505; x_wconf 67' lang='lat' dir='ltr'><strong>commentariorum</strong></span> <span class='ocrx_word' id='word_1_183' title='bbox 878 2444 1043 2527; x_wconf 86' lang='lat' dir='ltr'><strong>expressit.</strong></span> <span class='ocrx_word' id='word_1_184' title='bbox 1095 2444 1137 2512; x_wconf 85' lang='lat' dir='ltr'><strong>lii</strong></span> <span class='ocrx_word' id='word_1_185' title='bbox 1165 2449 1221 2536; x_wconf 89' lang='lat' dir='ltr'><strong>igi.</strong></span> 
     </span>
     <span class='ocr_line' id='line_1_23' title="bbox 100 2542 1221 2634; baseline 0.008 -25"><span class='ocrx_word' id='word_1_186' title='bbox 100 2554 151 2609; x_wconf 90' lang='lat' dir='ltr'><strong>tur</strong></span> <span class='ocrx_word' id='word_1_187' title='bbox 169 2545 309 2623; x_wconf 85' lang='lat' dir='ltr'><strong>codices,</strong></span> <span class='ocrx_word' id='word_1_188' title='bbox 331 2564 399 2608; x_wconf 91' lang='lat' dir='ltr'><strong>cum</strong></span> <span class='ocrx_word' id='word_1_189' title='bbox 422 2553 454 2606; x_wconf 87' lang='lat' dir='ltr'><strong>et</strong></span> <span class='ocrx_word' id='word_1_190' title='bbox 466 2542 656 2607; x_wconf 74' lang='lat' dir='ltr'><strong>libror-iorum</strong></span> <span class='ocrx_word' id='word_1_191' title='bbox 671 2542 784 2607; x_wconf 88' lang='lat' dir='ltr'><strong>indicio</strong></span> <span class='ocrx_word' id='word_1_192' title='bbox 798 2555 830 2607; x_wconf 90' lang='lat' dir='ltr'><strong>ct</strong></span> <span class='ocrx_word' id='word_1_193' title='bbox 844 2544 949 2610; x_wconf 80' lang='lat' dir='ltr'><strong>mixtis</strong></span> <span class='ocrx_word' id='word_1_194' title='bbox 964 2548 1120 2634; x_wconf 80' lang='lat' dir='ltr'><strong>utriusque</strong></span> <span class='ocrx_word' id='word_1_195' title='bbox 1135 2554 1221 2618; x_wconf 84' lang='lat' dir='ltr'><strong>ismi-</strong></span> 
     </span>
     <span class='ocr_line' id='line_1_24' title="bbox 100 2644 1221 2731; baseline 0.008 -20"><span class='ocrx_word' id='word_1_196' title='bbox 100 2646 158 2711; x_wconf 84' lang='lat' dir='ltr'><strong>lise</strong></span> <span class='ocrx_word' id='word_1_197' title='bbox 171 2646 331 2731; x_wconf 89' lang='lat' dir='ltr'><strong>scripturis</strong></span> <span class='ocrx_word' id='word_1_198' title='bbox 345 2644 544 2711; x_wconf 73' lang='lat' dir='ltr'><strong>adulteratum</strong></span> <span class='ocrx_word' id='word_1_199' title='bbox 558 2645 763 2711; x_wconf 88' lang='lat' dir='ltr'><strong>testimoninm</strong></span> <span class='ocrx_word' id='word_1_200' title='bbox 778 2647 923 2729; x_wconf 78' lang='lat' dir='ltr'><strong>afferunt,</strong></span> <span class='ocrx_word' id='word_1_201' title='bbox 947 2661 1010 2714; x_wconf 91' lang='lat' dir='ltr'><strong>tom</strong></span> <span class='ocrx_word' id='word_1_202' title='bbox 1035 2652 1151 2719; x_wconf 85' lang='lat' dir='ltr'><strong>densum</strong></span> <span class='ocrx_word' id='word_1_203' title='bbox 1167 2676 1221 2721; x_wconf 84' lang='lat' dir='ltr'><strong>su·</strong></span> 
     </span>
     <span class='ocr_line' id='line_1_25' title="bbox 101 2749 1222 2837; baseline 0.008 -22"><span class='ocrx_word' id='word_1_204' title='bbox 101 2750 200 2815; x_wconf 80' lang='lat' dir='ltr'><strong>liesdi</strong></span> <span class='ocrx_word' id='word_1_205' title='bbox 215 2758 304 2827; x_wconf 89' lang='lat' dir='ltr'><strong>suut,</strong></span> <span class='ocrx_word' id='word_1_206' title='bbox 327 2768 394 2813; x_wconf 84' lang='lat' dir='ltr'><strong>cum</strong></span> <span class='ocrx_word' id='word_1_207' title='bbox 407 2766 558 2813; x_wconf 82' lang='lat' dir='ltr'><strong>consensu</strong></span> <span class='ocrx_word' id='word_1_208' title='bbox 572 2749 705 2814; x_wconf 78' lang='lat' dir='ltr'><strong>orsuinm</strong></span> <span class='ocrx_word' id='word_1_209' title='bbox 719 2760 773 2815; x_wconf 79' lang='lat' dir='ltr'><strong>snt</strong></span> <span class='ocrx_word' id='word_1_210' title='bbox 787 2750 851 2814; x_wconf 87' lang='lat' dir='ltr'><strong>lere</strong></span> <span class='ocrx_word' id='word_1_211' title='bbox 865 2752 1016 2833; x_wconf 77' lang='lat' dir='ltr'><strong>omnium,</strong></span> <span class='ocrx_word' id='word_1_212' title='bbox 1039 2756 1108 2837; x_wconf 87' lang='lat' dir='ltr'><strong>qnid</strong></span> <span class='ocrx_word' id='word_1_213' title='bbox 1123 2757 1155 2821; x_wconf 93' lang='lat' dir='ltr'><strong>iu</strong></span> <span class='ocrx_word' id='word_1_214' title='bbox 1169 2778 1222 2824; x_wconf 86' lang='lat' dir='ltr'><strong>on-</strong></span> 
     </span>
    </p>
   </div>
   <div class='ocr_carea' id='block_1_4' title="bbox 100 2850 1256 4375">
    <p class='ocr_par' dir='ltr' id='par_1_4' title="bbox 100 2850 1256 4375">
     <span class='ocr_line' id='line_1_26' title="bbox 101 2850 1222 2943; baseline 0.008 -27"><span class='ocrx_word' id='word_1_215' title='bbox 101 2850 166 2916; x_wconf 87' lang='lat' dir='ltr'><strong>lios</strong></span> <span class='ocrx_word' id='word_1_216' title='bbox 179 2870 285 2916; x_wconf 89' lang='lat' dir='ltr'><strong>eorum</strong></span> <span class='ocrx_word' id='word_1_217' title='bbox 299 2850 433 2937; x_wconf 84' lang='lat' dir='ltr'><strong>principe</strong></span> <span class='ocrx_word' id='word_1_218' title='bbox 447 2852 590 2937; x_wconf 89' lang='lat' dir='ltr'><strong>seriptum</strong></span> <span class='ocrx_word' id='word_1_219' title='bbox 606 2851 709 2931; x_wconf 84' lang='lat' dir='ltr'><strong>inerit,</strong></span> <span class='ocrx_word' id='word_1_220' title='bbox 726 2852 908 2917; x_wconf 86' lang='lat' dir='ltr'><strong>ostenditur.</strong></span> <span class='ocrx_word' id='word_1_221' title='bbox 944 2852 1027 2918; x_wconf 85' lang='lat' dir='ltr'><strong>Nam</strong></span> <span class='ocrx_word' id='word_1_222' title='bbox 1042 2876 1109 2919; x_wconf 91' lang='lat' dir='ltr'><strong>eum</strong></span> <span class='ocrx_word' id='word_1_223' title='bbox 1124 2878 1222 2943; x_wconf 80' lang='lat' dir='ltr'><strong>neque</strong></span> 
     </span>
     <span class='ocr_line' id='line_1_27' title="bbox 100 2950 1224 3041; baseline 0.006 -23"><span class='ocrx_word' id='word_1_224' title='bbox 100 2953 219 3041; x_wconf 84' lang='lat' dir='ltr'><strong>integer</strong></span> <span class='ocrx_word' id='word_1_225' title='bbox 232 2956 348 3033; x_wconf 83' lang='lat' dir='ltr'><strong>codex,</strong></span> <span class='ocrx_word' id='word_1_226' title='bbox 364 2955 444 3019; x_wconf 89' lang='lat' dir='ltr'><strong>unde</strong></span> <span class='ocrx_word' id='word_1_227' title='bbox 458 2954 552 3019; x_wconf 80' lang='lat' dir='ltr'><strong>libros</strong></span> <span class='ocrx_word' id='word_1_228' title='bbox 567 2954 603 3016; x_wconf 90' lang='lat' dir='ltr'><strong>de</strong></span> <span class='ocrx_word' id='word_1_229' title='bbox 617 2952 696 3018; x_wconf 82' lang='lat' dir='ltr'><strong>bello</strong></span> <span class='ocrx_word' id='word_1_230' title='bbox 711 2950 829 3017; x_wconf 81' lang='lat' dir='ltr'><strong>Gallico</strong></span> <span class='ocrx_word' id='word_1_231' title='bbox 844 2955 1010 3040; x_wconf 84' lang='lat' dir='ltr'><strong>descriptos</strong></span> <span class='ocrx_word' id='word_1_232' title='bbox 1026 2958 1151 3038; x_wconf 78' lang='lat' dir='ltr'><strong>ludent,</strong></span> <span class='ocrx_word' id='word_1_233' title='bbox 1168 2980 1224 3025; x_wconf 85' lang='lat' dir='ltr'><strong>ue·</strong></span> 
     </span>
     <span class='ocr_line' id='line_1_28' title="bbox 102 3053 1223 3144; baseline 0.005 -22"><span class='ocrx_word' id='word_1_234' title='bbox 102 3078 158 3141; x_wconf 79' lang='lat' dir='ltr'><strong>qne</strong></span> <span class='ocrx_word' id='word_1_235' title='bbox 171 3058 389 3144; x_wconf 81' lang='lat' dir='ltr'><strong>iuterpolstns,</strong></span> <span class='ocrx_word' id='word_1_236' title='bbox 406 3078 448 3121; x_wconf 85' lang='lat' dir='ltr'><strong>ex</strong></span> <span class='ocrx_word' id='word_1_237' title='bbox 462 3078 522 3141; x_wconf 87' lang='lat' dir='ltr'><strong>quo</strong></span> <span class='ocrx_word' id='word_1_238' title='bbox 535 3057 568 3120; x_wconf 93' lang='lat' dir='ltr'><strong>in</strong></span> <span class='ocrx_word' id='word_1_239' title='bbox 582 3053 708 3138; x_wconf 88' lang='lat' dir='ltr'><strong>reliquis</strong></span> <span class='ocrx_word' id='word_1_240' title='bbox 723 3056 946 3120; x_wconf 87' lang='lat' dir='ltr'><strong>commentariis</strong></span> <span class='ocrx_word' id='word_1_241' title='bbox 962 3058 1042 3123; x_wconf 87' lang='lat' dir='ltr'><strong>ducti</strong></span> <span class='ocrx_word' id='word_1_242' title='bbox 1057 3070 1146 3141; x_wconf 92' lang='lat' dir='ltr'><strong>snut,</strong></span> <span class='ocrx_word' id='word_1_243' title='bbox 1172 3083 1223 3128; x_wconf 90' lang='lat' dir='ltr'><strong>so·</strong></span> 
     </span>
     <span class='ocr_line' id='line_1_29' title="bbox 102 3156 1223 3251; baseline 0.002 -26"><span class='ocrx_word' id='word_1_244' title='bbox 102 3160 205 3245; x_wconf 85' lang='lat' dir='ltr'><strong>pessit,</strong></span> <span class='ocrx_word' id='word_1_245' title='bbox 222 3180 296 3225; x_wconf 79' lang='lat' dir='ltr'><strong>uere</strong></span> <span class='ocrx_word' id='word_1_246' title='bbox 311 3160 455 3244; x_wconf 60' lang='lat' dir='ltr'><strong>maedam</strong></span> <span class='ocrx_word' id='word_1_247' title='bbox 470 3167 689 3236; x_wconf 88' lang='lat' dir='ltr'><strong>sernsnernut,</strong></span> <span class='ocrx_word' id='word_1_248' title='bbox 713 3176 789 3239; x_wconf 84' lang='lat' dir='ltr'><strong>quse</strong></span> <span class='ocrx_word' id='word_1_249' title='bbox 810 3156 841 3220; x_wconf 88' lang='lat' dir='ltr'><strong>iu</strong></span> <span class='ocrx_word' id='word_1_250' title='bbox 856 3157 984 3244; x_wconf 77' lang='lat' dir='ltr'><strong>integris</strong></span> <span class='ocrx_word' id='word_1_251' title='bbox 998 3171 1028 3226; x_wconf 89' lang='lat' dir='ltr'><strong>et</strong></span> <span class='ocrx_word' id='word_1_252' title='bbox 1043 3163 1074 3225; x_wconf 92' lang='lat' dir='ltr'><strong>in</strong></span> <span class='ocrx_word' id='word_1_253' title='bbox 1088 3162 1223 3251; x_wconf 86' lang='lat' dir='ltr'><strong>interpo-</strong></span> 
     </span>
     <span class='ocr_line' id='line_1_30' title="bbox 102 3258 1218 3344; baseline 0.006 -17"><span class='ocrx_word' id='word_1_254' title='bbox 102 3261 169 3327; x_wconf 91' lang='lat' dir='ltr'><strong>latis</strong></span> <span class='ocrx_word' id='word_1_255' title='bbox 183 3272 237 3327; x_wconf 85' lang='lat' dir='ltr'><strong>snt</strong></span> <span class='ocrx_word' id='word_1_256' title='bbox 257 3262 394 3327; x_wconf 81' lang='lat' dir='ltr'><strong>omnibns</strong></span> <span class='ocrx_word' id='word_1_257' title='bbox 416 3270 470 3325; x_wconf 86' lang='lat' dir='ltr'><strong>ant</strong></span> <span class='ocrx_word' id='word_1_258' title='bbox 490 3259 659 3344; x_wconf 73' lang='lat' dir='ltr'><strong>plerisque,</strong></span> <span class='ocrx_word' id='word_1_259' title='bbox 684 3280 759 3342; x_wconf 86' lang='lat' dir='ltr'><strong>qnos</strong></span> <span class='ocrx_word' id='word_1_260' title='bbox 779 3258 933 3340; x_wconf 79' lang='lat' dir='ltr'><strong>habemns,</strong></span> <span class='ocrx_word' id='word_1_261' title='bbox 951 3262 1120 3331; x_wconf 77' lang='lat' dir='ltr'><strong>oblitterato</strong></span> <span class='ocrx_word' id='word_1_262' title='bbox 1136 3280 1218 3334; x_wconf 88' lang='lat' dir='ltr'><strong>sunt.</strong></span> 
     </span>
     <span class='ocr_line' id='line_1_31' title="bbox 103 3360 1222 3450; baseline 0.008 -22"><span class='ocrx_word' id='word_1_263' title='bbox 103 3360 147 3429; x_wconf 90' lang='lat' dir='ltr'><strong>lta</strong></span> <span class='ocrx_word' id='word_1_264' title='bbox 161 3366 200 3429; x_wconf 90' lang='lat' dir='ltr'><strong>de</strong></span> <span class='ocrx_word' id='word_1_265' title='bbox 214 3366 245 3429; x_wconf 81' lang='lat' dir='ltr'><strong>b.</strong></span> <span class='ocrx_word' id='word_1_266' title='bbox 262 3363 344 3431; x_wconf 74' lang='lat' dir='ltr'><strong>Gall.</strong></span> <span class='ocrx_word' id='word_1_267' title='bbox 362 3363 395 3443; x_wconf 93' lang='lat' dir='ltr'><strong>l,</strong></span> <span class='ocrx_word' id='word_1_268' title='bbox 415 3362 476 3442; x_wconf 75' lang='lat'><strong>3⁹,</strong></span> <span class='ocrx_word' id='word_1_269' title='bbox 493 3363 527 3441; x_wconf 83' lang='lat'><strong>2,</strong></span> <span class='ocrx_word' id='word_1_270' title='bbox 545 3382 631 3444; x_wconf 82' lang='lat' dir='ltr'><strong>quem</strong></span> <span class='ocrx_word' id='word_1_271' title='bbox 646 3361 743 3426; x_wconf 89' lang='lat' dir='ltr'><strong>locum</strong></span> <span class='ocrx_word' id='word_1_272' title='bbox 759 3382 851 3446; x_wconf 85' lang='lat' dir='ltr'><strong>supro</strong></span> <span class='ocrx_word' id='word_1_273' title='bbox 864 3362 924 3427; x_wconf 85' lang='lat' dir='ltr'><strong>isus</strong></span> <span class='ocrx_word' id='word_1_274' title='bbox 939 3386 968 3450; x_wconf 88' lang='lat' dir='ltr'><strong>p.</strong></span> <span class='ocrx_word' id='word_1_275' title='bbox 985 3365 1025 3431; x_wconf 80' lang='grc'><strong>41</strong></span> <span class='ocrx_word' id='word_1_276' title='bbox 1043 3390 1222 3437; x_wconf 83' lang='lat' dir='ltr'><strong>commemo-</strong></span> 
     </span>
     <span class='ocr_line' id='line_1_32' title="bbox 103 3462 1222 3553; baseline 0.004 -22"><span class='ocrx_word' id='word_1_277' title='bbox 103 3468 179 3547; x_wconf 89' lang='lat' dir='ltr'><strong>raui,</strong></span> <span class='ocrx_word' id='word_1_278' title='bbox 197 3488 265 3532; x_wconf 74' lang='lat' dir='ltr'><strong>cnm</strong></span> <span class='ocrx_word' id='word_1_279' title='bbox 280 3467 369 3553; x_wconf 82' lang='lat' dir='ltr'><strong>Egm.</strong></span> <span class='ocrx_word' id='word_1_280' title='bbox 387 3479 418 3532; x_wconf 87' lang='lat' dir='ltr'><strong>et</strong></span> <span class='ocrx_word' id='word_1_281' title='bbox 435 3464 522 3533; x_wconf 87' lang='lat' dir='ltr'><strong>Vrat.</strong></span> <span class='ocrx_word' id='word_1_282' title='bbox 541 3486 587 3550; x_wconf 90' lang='lat' dir='ltr'><strong>pr.</strong></span> <span class='ocrx_word' id='word_1_283' title='bbox 603 3462 688 3530; x_wconf 75' lang='lat' dir='ltr'><strong>recte</strong></span> <span class='ocrx_word' id='word_1_284' title='bbox 703 3467 777 3530; x_wconf 79' lang='lat' dir='ltr'><strong>haec</strong></span> <span class='ocrx_word' id='word_1_285' title='bbox 791 3465 902 3530; x_wconf 79' lang='lat' dir='ltr'><strong>hubent</strong></span> <span class='ocrx_word' id='word_1_286' title='bbox 917 3471 986 3553; x_wconf 81' lang='lat' dir='ltr'><strong>‘qni</strong></span> <span class='ocrx_word' id='word_1_287' title='bbox 1001 3492 1043 3535; x_wconf 87' lang='lat' dir='ltr'><strong>ex</strong></span> <span class='ocrx_word' id='word_1_288' title='bbox 1058 3472 1132 3536; x_wconf 85' lang='lat' dir='ltr'><strong>urbe</strong></span> <span class='ocrx_word' id='word_1_289' title='bbox 1147 3473 1222 3538; x_wconf 83' lang='lat' dir='ltr'><strong>susi-</strong></span> 
     </span>
     <span class='ocr_line' id='line_1_33' title="bbox 105 3566 1220 3651; baseline 0.006 -18"><span class='ocrx_word' id='word_1_290' title='bbox 105 3570 192 3635; x_wconf 85' lang='lat' dir='ltr'><strong>citise</strong></span> <span class='ocrx_word' id='word_1_291' title='bbox 213 3590 307 3635; x_wconf 79' lang='lat' dir='ltr'><strong>cause</strong></span> <span class='ocrx_word' id='word_1_292' title='bbox 328 3566 493 3635; x_wconf 76' lang='lat' dir='ltr'><strong>Caesarem</strong></span> <span class='ocrx_word' id='word_1_293' title='bbox 515 3568 611 3633; x_wconf 88' lang='lat' dir='ltr'><strong>secuti</strong></span> <span class='ocrx_word' id='word_1_294' title='bbox 634 3588 695 3630; x_wconf 91' lang='lat' dir='ltr'><strong>uon</strong></span> <span class='ocrx_word' id='word_1_295' title='bbox 716 3587 854 3651; x_wconf 79' lang='lat' dir='ltr'><strong>maguum</strong></span> <span class='ocrx_word' id='word_1_296' title='bbox 879 3570 909 3632; x_wconf 91' lang='lat' dir='ltr'><strong>iu</strong></span> <span class='ocrx_word' id='word_1_297' title='bbox 932 3592 967 3635; x_wconf 88' lang='lat' dir='ltr'><strong>re</strong></span> <span class='ocrx_word' id='word_1_298' title='bbox 988 3574 1110 3638; x_wconf 74' lang='lat' dir='ltr'><strong>militari</strong></span> <span class='ocrx_word' id='word_1_299' title='bbox 1133 3596 1220 3639; x_wconf 88' lang='lat' dir='ltr'><strong>usum</strong></span> 
     </span>
     <span class='ocr_line' id='line_1_34' title="bbox 106 3669 1222 3758; baseline 0.007 -24"><span class='ocrx_word' id='word_1_300' title='bbox 106 3670 259 3738; x_wconf 78' lang='lat' dir='ltr'><strong>lalebsut&#39;</strong></span> <span class='ocrx_word' id='word_1_301' title='bbox 274 3673 395 3737; x_wconf 89' lang='lat' dir='ltr'><strong>omissis</strong></span> <span class='ocrx_word' id='word_1_302' title='bbox 409 3672 465 3750; x_wconf 89' lang='lat' dir='ltr'><strong>iis,</strong></span> <span class='ocrx_word' id='word_1_303' title='bbox 488 3692 564 3755; x_wconf 85' lang='lat' dir='ltr'><strong>quse</strong></span> <span class='ocrx_word' id='word_1_304' title='bbox 579 3672 611 3734; x_wconf 94' lang='lat' dir='ltr'><strong>in</strong></span> <span class='ocrx_word' id='word_1_305' title='bbox 625 3669 750 3752; x_wconf 88' lang='lat' dir='ltr'><strong>reliquis</strong></span> <span class='ocrx_word' id='word_1_306' title='bbox 764 3670 892 3756; x_wconf 86' lang='lat' dir='ltr'><strong>integris</strong></span> <span class='ocrx_word' id='word_1_307' title='bbox 909 3681 941 3737; x_wconf 90' lang='lat' dir='ltr'><strong>et</strong></span> <span class='ocrx_word' id='word_1_308' title='bbox 955 3674 1142 3758; x_wconf 73' lang='lat' dir='ltr'><strong>interpolatis</strong></span> <span class='ocrx_word' id='word_1_309' title='bbox 1157 3678 1222 3742; x_wconf 88' lang='lat' dir='ltr'><strong>ndi·</strong></span> 
     </span>
     <span class='ocr_line' id='line_1_35' title="bbox 105 3772 1221 3862; baseline 0.004 -22"><span class='ocrx_word' id='word_1_310' title='bbox 105 3775 234 3851; x_wconf 87' lang='lat' dir='ltr'><strong>oinntur,</strong></span> <span class='ocrx_word' id='word_1_311' title='bbox 251 3776 324 3840; x_wconf 88' lang='lat' dir='ltr'><strong>item</strong></span> <span class='ocrx_word' id='word_1_312' title='bbox 340 3772 381 3851; x_wconf 97' lang='lat' dir='ltr'><strong>ll,</strong></span> <span class='ocrx_word' id='word_1_313' title='bbox 400 3773 453 3852; x_wconf 88' lang='grc'><strong>17,</strong></span> <span class='ocrx_word' id='word_1_314' title='bbox 471 3775 492 3837; x_wconf 78' lang='lat' dir='ltr'><strong>l</strong></span> <span class='ocrx_word' id='word_1_315' title='bbox 508 3781 555 3837; x_wconf 86' lang='lat' dir='ltr'><strong>‘nt</strong></span> <span class='ocrx_word' id='word_1_316' title='bbox 568 3772 666 3836; x_wconf 82' lang='lat' dir='ltr'><strong>instsr</strong></span> <span class='ocrx_word' id='word_1_317' title='bbox 677 3772 755 3836; x_wconf 85' lang='lat' dir='ltr'><strong>muri</strong></span> <span class='ocrx_word' id='word_1_318' title='bbox 770 3773 827 3836; x_wconf 88' lang='lat' dir='ltr'><strong>hae</strong></span> <span class='ocrx_word' id='word_1_319' title='bbox 838 3793 926 3858; x_wconf 90' lang='lat' dir='ltr'><strong>sepes</strong></span> <span class='ocrx_word' id='word_1_320' title='bbox 938 3776 1122 3840; x_wconf 83' lang='lat' dir='ltr'><strong>munimento</strong></span> <span class='ocrx_word' id='word_1_321' title='bbox 1135 3799 1221 3862; x_wconf 88' lang='lat' dir='ltr'><strong>prse-</strong></span> 
     </span>
     <span class='ocr_line' id='line_1_36' title="bbox 104 3875 1221 3964; baseline 0.004 -22"><span class='ocrx_word' id='word_1_322' title='bbox 104 3875 230 3956; x_wconf 85' lang='lat' dir='ltr'><strong>lsrent&#39;,</strong></span> <span class='ocrx_word' id='word_1_323' title='bbox 245 3896 313 3942; x_wconf 90' lang='lat' dir='ltr'><strong>cum</strong></span> <span class='ocrx_word' id='word_1_324' title='bbox 327 3879 360 3942; x_wconf 91' lang='lat' dir='ltr'><strong>in</strong></span> <span class='ocrx_word' id='word_1_325' title='bbox 375 3876 501 3962; x_wconf 88' lang='lat' dir='ltr'><strong>integris</strong></span> <span class='ocrx_word' id='word_1_326' title='bbox 517 3875 741 3939; x_wconf 81' lang='lat' dir='ltr'><strong>‘munimentis&#39;</strong></span> <span class='ocrx_word' id='word_1_327' title='bbox 756 3875 900 3959; x_wconf 89' lang='lat' dir='ltr'><strong>scriptum</strong></span> <span class='ocrx_word' id='word_1_328' title='bbox 915 3877 966 3954; x_wconf 89' lang='lat' dir='ltr'><strong>sit,</strong></span> <span class='ocrx_word' id='word_1_329' title='bbox 984 3878 1016 3941; x_wconf 94' lang='lat' dir='ltr'><strong>in</strong></span> <span class='ocrx_word' id='word_1_330' title='bbox 1031 3877 1221 3964; x_wconf 77' lang='lat' dir='ltr'><strong>interpolatis</strong></span> 
     </span>
     <span class='ocr_line' id='line_1_37' title="bbox 107 3973 1221 4063; baseline 0.006 -21"><span class='ocrx_word' id='word_1_331' title='bbox 107 3980 353 4058; x_wconf 74' lang='lat' dir='ltr'><strong>‘muni-cutum&#39;,</strong></span> <span class='ocrx_word' id='word_1_332' title='bbox 370 3980 449 4062; x_wconf 83' lang='lat' dir='ltr'><strong>qnod</strong></span> <span class='ocrx_word' id='word_1_333' title='bbox 464 3996 524 4041; x_wconf 92' lang='lat' dir='ltr'><strong>nou</strong></span> <span class='ocrx_word' id='word_1_334' title='bbox 539 3987 652 4041; x_wconf 83' lang='lat' dir='ltr'><strong>recten</strong></span> <span class='ocrx_word' id='word_1_335' title='bbox 668 3973 856 4042; x_wconf 83' lang='lat' dir='ltr'><strong>Schneidero</strong></span> <span class='ocrx_word' id='word_1_336' title='bbox 871 3980 1035 4063; x_wconf 84' lang='lat' dir='ltr'><strong>prnelotnm</strong></span> <span class='ocrx_word' id='word_1_337' title='bbox 1051 3990 1110 4045; x_wconf 86' lang='lat' dir='ltr'><strong>est.</strong></span> <span class='ocrx_word' id='word_1_338' title='bbox 1139 3981 1221 4049; x_wconf 84' lang='lat' dir='ltr'><strong>Nsm</strong></span> 
     </span>
     <span class='ocr_line' id='line_1_38' title="bbox 105 4079 1256 4168; baseline -0.003 -20"><span class='ocrx_word' id='word_1_339' title='bbox 105 4100 208 4167; x_wconf 83' lang='lat' dir='ltr'><strong>topos,</strong></span> <span class='ocrx_word' id='word_1_340' title='bbox 231 4102 309 4167; x_wconf 80' lang='lat' dir='ltr'><strong>qnae</strong></span> <span class='ocrx_word' id='word_1_341' title='bbox 330 4090 395 4146; x_wconf 76' lang='lat' dir='ltr'><strong>tots</strong></span> <span class='ocrx_word' id='word_1_342' title='bbox 407 4079 595 4145; x_wconf 86' lang='lat' dir='ltr'><strong>Neruiorum</strong></span> <span class='ocrx_word' id='word_1_343' title='bbox 616 4088 700 4143; x_wconf 87' lang='lat' dir='ltr'><strong>terrs</strong></span> <span class='ocrx_word' id='word_1_344' title='bbox 721 4090 826 4158; x_wconf 69' lang='lat' dir='ltr'><strong>mont,</strong></span> <span class='ocrx_word' id='word_1_345' title='bbox 852 4083 1026 4146; x_wconf 78' lang='lat' dir='ltr'><strong>necessario</strong></span> <span class='ocrx_word' id='word_1_346' title='bbox 1049 4084 1136 4168; x_wconf 80' lang='lat' dir='ltr'><strong>pluro</strong></span> <span class='ocrx_word' id='word_1_347' title='bbox 1156 4108 1222 4152; x_wconf 95' lang='lat' dir='ltr'><strong>mn·</strong></span> <span class='ocrx_word' id='word_1_348' title='bbox 1242 4132 1256 4145; x_wconf 92' lang='lat'><strong>.</strong></span> 
     </span>
     <span class='ocr_line' id='line_1_39' title="bbox 106 4181 1219 4271; baseline 0.005 -24"><span class='ocrx_word' id='word_1_349' title='bbox 106 4184 236 4249; x_wconf 85' lang='lat' dir='ltr'><strong>uiuents</strong></span> <span class='ocrx_word' id='word_1_350' title='bbox 257 4185 403 4270; x_wconf 84' lang='lat' dir='ltr'><strong>prselcre</strong></span> <span class='ocrx_word' id='word_1_351' title='bbox 426 4183 549 4248; x_wconf 86' lang='lat' dir='ltr'><strong>diceuds</strong></span> <span class='ocrx_word' id='word_1_352' title='bbox 565 4190 664 4260; x_wconf 80' lang='lat' dir='ltr'><strong>orout,</strong></span> <span class='ocrx_word' id='word_1_353' title='bbox 682 4181 755 4246; x_wconf 85' lang='lat' dir='ltr'><strong>lose</strong></span> <span class='ocrx_word' id='word_1_354' title='bbox 769 4192 870 4247; x_wconf 79' lang='lat' dir='ltr'><strong>sutem</strong></span> <span class='ocrx_word' id='word_1_355' title='bbox 885 4202 937 4248; x_wconf 86' lang='lat' dir='ltr'><strong>res</strong></span> <span class='ocrx_word' id='word_1_356' title='bbox 953 4205 1013 4249; x_wconf 92' lang='lat' dir='ltr'><strong>uou</strong></span> <span class='ocrx_word' id='word_1_357' title='bbox 1029 4187 1219 4271; x_wconf 76' lang='lat' dir='ltr'><strong>impediebat,</strong></span> 
     </span>
     <span class='ocr_line' id='line_1_40' title="bbox 107 4281 1221 4375; baseline -0.001 -22"><span class='ocrx_word' id='word_1_358' title='bbox 107 4288 269 4369; x_wconf 67' lang='lat' dir='ltr'><strong>suminus</strong></span> <span class='ocrx_word' id='word_1_359' title='bbox 282 4287 402 4375; x_wconf 68' lang='lat' dir='ltr'><strong>singula</strong></span> <span class='ocrx_word' id='word_1_360' title='bbox 415 4306 503 4354; x_wconf 85' lang='lat' dir='ltr'><strong>moro</strong></span> <span class='ocrx_word' id='word_1_361' title='bbox 517 4293 777 4370; x_wconf 84' lang='lat' dir='ltr'><strong>compararentur.</strong></span> <span class='ocrx_word' id='word_1_362' title='bbox 793 4281 1023 4352; x_wconf 81' lang='lat' dir='ltr'><strong>llemornlilins</strong></span> <span class='ocrx_word' id='word_1_363' title='bbox 1038 4287 1069 4352; x_wconf 89' lang='lat' dir='ltr'><strong>iu</strong></span> <span class='ocrx_word' id='word_1_364' title='bbox 1085 4288 1169 4352; x_wconf 81' lang='lat' dir='ltr'><strong>libris</strong></span> <span class='ocrx_word' id='word_1_365' title='bbox 1183 4288 1221 4353; x_wconf 91' lang='lat' dir='ltr'><strong>de</strong></span> 
     </span>
    </p>
   </div>
   <div class='ocr_carea' id='block_1_5' title="bbox 0 0 1346 4694">
    <p class='ocr_par' dir='ltr' id='par_1_5' title="bbox 0 0 1346 4694">
     <span class='ocr_line' id='line_1_41' title="bbox 0 0 1346 4694; baseline 0 0"><span class='ocrx_word' id='word_1_366' title='bbox 0 0 1346 4694; x_wconf 95' lang='lat' dir='ltr'><strong> </strong></span> 
     </span>
    </p>
   </div>
  </div>
 </body>
</html>
