2692 4688
504 200 828 267 ...ml-...-

96 376 210 440 arietes
232 373 443 451 insumuntur,
468 384 668 457 quantumque
683 384 734 439 aut
747 375 844 439 ruinis
871 374 998 439 deicitur
1020 386 1072 441 out
1092 379 1220 461 peruius

96 477 243 562 recipitur
251 475 321 552 loci,
331 475 481 539 intantum
490 476 671 540 munitiones
678 478 889 561 proferuntur’.
908 476 1220 564 llicuerbum‘aptan·

97 578 159 644 tur’
181 589 355 662 corruptum
378 599 447 642 esse
468 580 526 641 iarn
549 575 673 662 Lipsius
689 579 817 644 uiderat.
841 578 920 644 Nan
937 581 987 663 qni
1003 582 1045 647 ita
1059 583 1219 648 defendere

97 692 259 758 conantur,
284 691 316 742 ιιι
338 677 482 745 Caesaris
507 700 598 764 opera
620 681 818 747 testudinibus
839 704 876 748 ac
899 684 1041 749 musculis
1057 697 1137 751 tecta
1152 710 1219 755 esse
1264 732 1269 737 -

96 796 245 863 statuant,
263 804 324 847 non
332 793 690 865 repntaueruntneutram
697 786 863 849 machinam
871 789 908 850 ad
922 787 1136 852 defendendum
1153 792 1220 857 usui

97 889 203 966 luisse,
220 886 720 972 sedutramqneadirnpugnandum
736 899 1026 972 essecomparatanr.
1042 888 1152 973 Neque
1167 914 1219 977 op-

98 991 158 1076 pidi
173 1000 277 1074 partes
292 989 493 1053 testudinibus
501 990 705 1067 nemusculis,
721 993 774 1055 sed
785 992 858 1055 baec
866 992 963 1076 oppidi
973 992 1105 1076 partibus
1120 1004 1221 1076 aptata

99 1094 224 1159 dicenda
240 1102 340 1155 erant.
366 1087 492 1169 Verum,
510 1113 585 1174 quae
601 1115 619 1156 a
634 1091 738 1177 Lipsio
754 1094 907 1177 proposita
922 1104 1004 1170 sunt,
1024 1098 1220 1179 ‘quatiuntur’
1296 1114 1297 1119 ’

98 1207 152 1262 sut
165 1193 360 1279 ‘captantur‘,
384 1214 487 1257 eorum
504 1206 641 1258 neutrum
657 1205 758 1278 aptum
773 1207 831 1275 est,
856 1197 937 1280 prins
952 1218 991 1260 ne
1006 1200 1140 1263 codicum
1156 1200 1221 1283 qui·

99 1299 164 1362 de·
179 1296 309 1379 uestigia
324 1296 443 1380 premit.
467 1294 664 1361 scribendum
681 1309 748 1363 erat
764 1297 979 1382 ‘temptantur'.

183 1396 225 1466 C.
242 1399 263 1464 7
279 1395 511 1483 Oudendorpius
526 1401 650 1465 retinuit
665 1401 740 1465 banc
755 1401 951 1484 scripturam:
978 1398 1059 1484 ‘Qun
1073 1404 1154 1467 laeto
1169 1403 1222 1469 du·

99 1503 246 1568 bitatione
261 1501 377 1566 sublata
394 1511 495 1566 tantus
510 1502 635 1567 incessit
649 1504 749 1581 timor,
766 1504 845 1567 ntad
855 1514 1021 1569 extremum
1033 1526 1134 1569 cesum
1143 1506 1223 1590 peri·

101 1607 155 1670 culi
172 1626 278 1671 omnes
293 1605 410 1668 deducti
425 1605 610 1683 uiderentur,
626 1606 773 1688 atquealii
784 1607 893 1671 morari
902 1602 1065 1673 Caesarem
1073 1609 1221 1686 dicerent,

101 1711 170 1793 qnin
192 1729 290 1773 naues
313 1708 514 1771 conscendere
536 1708 665 1784 iuberet,
682 1708 732 1772 alii
748 1709 841 1773 multo
856 1711 1024 1792 grauiorem
1041 1711 1220 1774 extimesce-

100 1824 167 1876 rent
181 1833 297 1888 casuus,
315 1811 392 1893 quod
408 1829 505 1892 neque
525 1810 616 1874 celari
634 1810 853 1875 Alexandrinis
869 1821 994 1896 possent
1007 1811 1038 1875 in
1054 1813 1221 1895 apparando

100 1916 184 1999 iuga,
201 1936 267 1978 enm
284 1924 344 1977 tani
359 1933 452 1997 paruo
467 1914 563 1996 spatio
579 1914 725 1978 distarent
740 1915 776 1976 ab
792 1914 877 1996 ipsis,
894 1913 1224 1998 neqneillisinminen·

100 2017 184 2080 tibus
200 2026 288 2098 atque
301 2015 526 2097 insequentibus
542 2016 619 2079 ullus
633 2017 665 2078 in
674 2037 768 2079 naues
775 2027 913 2099 receptus
921 2014 1066 2080 daretur'.
1091 2012 1151 2080 Sed
1158 2018 1223 2101 ipse

103 2118 332 2200 Oudendorpins
348 2118 491 2202 probabat
507 2119 592 2192 baec,
610 2138 686 2199 quae
702 2117 878 2181 inomnibus
888 2118 972 2181 codd.
982 2120 1140 2199 leguntur:
1161 2118 1222 2181 ‘alii

102 2222 198 2285 multo
212 2220 334 2303 granius
356 2220 591 2284 extimescerent
615 2220 739 2290 casnm'‚
758 2229 786 2283 et
804 2240 904 2282 casum
920 2239 988 2281 enm
1003 2219 1061 2281 dici
1076 2219 1224 2301 interpre-

102 2324 232 2400 tabatur,
250 2324 328 2407 quod
343 2345 419 2405 aqua
434 2323 472 2387 cb
485 2322 705 2386 Alexandrinis
720 2332 786 2386 erat
796 2331 948 2404 corrupta.
974 2319 1087 2387 Verum
1104 2331 1162 2383 turn
1181 2321 1224 2383 di-

103 2427 227 2490 eendum
244 2435 312 2489 erat
328 2425 420 2489 ‘illurn
436 2425 560 2502 casnm'‚
578 2437 609 2488 et
624 2446 661 2488 ne
678 2425 733 2488 boe
749 2425 863 2507 quidem
880 2425 916 2487 ad
933 2424 1109 2489 sententiam
1125 2435 1223 2508 aptum

105 2538 179 2591 erat.
202 2525 312 2610 Neque
333 2528 412 2591 enirn
435 2549 536 2592 casum
558 2528 641 2592 illum
668 2527 813 2591 timebant
834 2524 1022 2606 Caesariani,
1047 2527 1154 2612 quippe
1174 2527 1222 2610 qui

103 2631 235 2706 adesset,
260 2630 313 2693 sed
336 2651 375 2694 ne
390 2631 522 2713 effugere
539 2651 598 2693 non
614 2640 745 2714 possent.
767 2628 952 2715 Fugiendnnr
969 2642 1067 2695 eutem
1083 2631 1220 2694 omuibus

105 2733 280 2809 uidebatur,
304 2734 356 2795 sed
372 2732 459 2796 alteri
475 2734 544 2816 luga
560 2755 593 2798 se
609 2733 735 2797 salntem
751 2754 855 2818 parere
869 2733 1043 2818 sperabant,
1061 2733 1145 2797 alleri
1161 2734 1221 2795 sal·

104 2857 155 2900 nos
170 2856 207 2900 se
224 2836 327 2918 ingere
344 2856 403 2898 non
425 2856 514 2918 posse
529 2836 744 2921 intellegebant
758 2857 852 2918 eoque
862 2837 974 2899 maiore
985 2834 1092 2897 timore
1107 2834 1221 2896 crucia·

106 2935 224 3001 bantur.
260 2934 364 3020 ltaque
379 2938 415 3001 de
431 2935 477 3000 M.
499 2935 621 3022 llauptii
637 2941 784 3003 sententis
799 2949 918 3002 retento
934 2937 985 3000 illo
1010 2936 1168 3018 ‘grunius’
1191 2957 1224 2999 o·

105 3044 214 3106 nrninm
232 3041 368 3105 codicum
393 3040 515 3104 ‘casum'
537 3042 632 3106 deleui
647 3053 782 3124 utpotea
804 3043 947 3122 magistro
969 3039 1148 3121 ascriptum,
1177 3039 1227 3122 qui

106 3145 253 3209 obiectum
277 3143 465 3207 desiderabat
488 3154 519 3206 et
541 3145 694 3227 superiora
716 3145 857 3208 memoria
875 3142 996 3205 tenebat
1012 3149 1058 3205 ‘ut
1071 3141 1108 3203 ad
1124 3150 1226 3205 extre·

106 3269 182 3313 nnn
199 3269 302 3312 casum
313 3246 435 3331 periculi
444 3267 548 3310 omnes
556 3246 673 3309 deducti
683 3244 879 3311 uiderentur'.
903 3243 1020 3309 Deinde
1035 3264 1089 3327 pro
1104 3245 1230 3312 soloecc,

106 3352 206 3416 nuno
230 3348 469 3413 ‘Alexandrinis'
500 3370 541 3413 ex
562 3347 636 3413 Par.
661 3369 724 3412 sec.
756 3346 837 3412 Scal.
866 3346 956 3412 Voss.
974 3347 1058 3430 posui
1077 3347 1225 3410 ‘Alexan-

106 3455 202 3520 drini’.
234 3451 345 3535 Neque
368 3473 442 3516 nero
466 3452 521 3515 boc
543 3452 611 3515 loco
633 3472 673 3514 ex
696 3450 846 3514 codicibus
862 3451 1017 3514 emendato
1032 3448 1225 3513 dubitandum

105 3570 161 3636 est,
179 3557 253 3640 quin
268 3576 349 3631 uno,
366 3554 414 3635 qui
430 3564 551 3637 praeter
566 3553 644 3616 bunc
659 3553 761 3616 eodem
778 3554 853 3617 uitio
868 3553 1002 3627 laborat,
1027 3549 1123 3616 Corn.
1141 3551 1222 3636 Nep.

104 3661 171 3724 Alc.
191 3659 222 3735 5,
241 3656 263 3723 2
278 3667 362 3720 recle
377 3652 531 3719 Gesnerus
546 3657 579 3721 in
594 3656 735 3720 tbesnuro
748 3655 967 3723 correxerit‘id
977 3654 1147 3721 Alcibiades
1163 3657 1227 3720 diu·

105 3764 161 3826 tius
178 3761 272 3825 celari
289 3780 348 3822 non
365 3759 482 3842 potuit'.

189 3860 228 3927 C.
247 3863 285 3938 8,
310 3860 332 3923 4
353 3861 459 3944 scripsi
490 3868 609 3946 ‘magno
631 3862 752 3944 negotio
774 3863 901 3946 impetus
927 3861 1053 3926 bostium
1081 3861 1226 3926 aduersos

104 3963 318 4029 munitionibus
333 3963 504 4041 sustinere,
521 3963 627 4044 quibus
643 3963 755 4027 relictis
771 3986 827 4030 nec
842 3965 908 4029 loco
924 3985 980 4029 nec
995 3983 1120 4027 numero
1137 3983 1224 4047 pares

103 4089 171 4133 esse
194 4067 307 4152 posse’.
340 4062 420 4128 Nam
445 4085 554 4142 exeo,
579 4066 656 4147 quod
680 4066 788 4144 editur,
816 4066 993 4144 sustineri,
1018 4088 1160 4152 peruersa
1175 4086 1225 4128 res

104 4173 241 4236 nascitur
262 4169 388 4253 impetus
410 4166 540 4231 bostium
563 4169 694 4232 aduersi.
719 4166 823 4234 Sensit
843 4170 898 4234 boc
922 4166 1075 4245 Clarlins,
1097 4168 1149 4230 sed
1167 4167 1226 4228 ele·

103 4294 179 4355 gans
194 4293 282 4356 quam
298 4270 431 4354 ineptum
447 4269 547 4333 dicere
564 4269 677 4333 maluit.
