2692 4688
458 174 926 251 consummar-ao.
1050 266 1053 273 ,
1254 178 1324 251 aso

144 356 283 442 inpulsas
298 355 461 438 equitatum
477 377 593 420 amarem
617 356 712 440 prima
733 365 822 419 nocte
842 354 879 418 ad
902 363 1002 417 castra
1024 352 1154 419 boetiam
1177 354 1267 420 mittit

143 460 184 524 ad
199 458 310 521 llumcn
325 455 512 541 Bagradam
530 457 636 540 quibus
651 468 791 541 praeerat
806 453 959 533 Saburra,
984 455 1020 518 de
1042 476 1100 539 quo
1114 468 1185 522 ante
1199 471 1266 524 erat

144 560 299 637 auditam,
326 561 378 624 sed
394 580 451 622 rex
467 560 603 624 omnibus
619 560 713 643 copiis
727 558 940 641 insequebatur
955 567 986 620 et
1000 577 1058 621 sex
1071 558 1183 623 miliana
1199 582 1267 644 pao·

143 684 232 728 suum
248 660 409 725 interuallo
424 683 442 724 a
458 658 592 726 Saburra
608 662 797 726 consederat.
842 659 971 744 Equites
992 660 1076 725 missi
1101 671 1189 725 nocte
1208 663 1303 727 iterd

108 778 125 829 t
148 764 324 840 conficiant,
342 764 528 848 inprudentis
543 765 638 846 adque
653 763 939 847 inopinantisbostis
950 761 1176 847 aggrediuntur.
1199 762 1268 828 Nu-

144 867 244 933 midae
260 865 339 929 eninr
355 866 480 948 quadam
503 865 628 929 barbara
651 866 868 929 consuetudine
882 864 973 929 nullis
988 863 1143 928 ordinibus
1158 867 1266 949 passim

145 967 359 1035 consederunt.
392 965 457 1029 llos
473 987 632 1051 oppressos
653 988 759 1031 somno
782 978 812 1030 et
834 967 986 1050 dispersos
1008 967 1105 1031 adorti
1128 967 1303 1049 magnom5

144 1091 251 1137 eornm
267 1090 423 1134 numerum
440 1069 640 1147 interficiunt3
658 1070 740 1134 molti
756 1069 908 1154 perterriti
924 1068 1108 1154 profugiunt.
1139 1066 1210 1151 Quo
1226 1070 1270 1133 la·

145 1182 196 1237 cto
206 1173 243 1235 ad
252 1169 417 1237 Curionem
434 1173 549 1255 equites
565 1182 757 1235 reuertuntur
772 1172 964 1254 captiuosque
979 1171 1017 1232 ad
1025 1192 1092 1234 eum
1107 1174 1266 1237 reducunt.

90 1284 125 1337 to
147 1269 244 1337 Curio
258 1296 325 1337 cum
341 1272 479 1337 omnibus
495 1273 587 1357 copiis
604 1283 710 1356 quarta
726 1272 828 1358 uigilia
851 1274 970 1338 exierat
992 1273 1163 1336 cohortibus
1177 1282 1200 1335 v
1215 1294 1265 1336 ea·
1278 1272 1323 1343 U

147 1376 222 1439 stris
236 1375 385 1460 praesidio
400 1375 527 1440 relictis.
558 1373 744 1459 Progressus
760 1374 840 1439 milia
856 1396 997 1458 passuum
1013 1384 1047 1439 vt
1063 1377 1177 1458 equites
1195 1374 1305 1439 oon-2

147 1477 252 1556 uenit,
276 1498 338 1541 rena
359 1488 475 1563 gestam
499 1478 655 1560 cognonitq
681 1477 840 1561 eeaptiuis
855 1478 991 1560 quaerit,
1014 1479 1082 1561 quis
1101 1479 1209 1542 castris
1229 1480 1267 1543 ad

146 1576 318 1662 Bagradam
334 1581 465 1664 praesit:
484 1580 666 1663 respondent
681 1576 857 1643 Saburram.
889 1578 1017 1662 Reliqua
1034 1580 1132 1643 studio
1148 1579 1266 1645 itineris
1282 1580 1302 1645 3

148 1681 325 1746 conficiendi
348 1702 495 1766 quaerere
517 1682 728 1765 praetermittit
756 1683 954 1766 proximaque
973 1682 1137 1765 respiciens
1166 1683 1265 1765 signa,

94 1794 125 1846 to
149 1782 346 1862 ‘Videtisne',
363 1783 476 1866 inquit,
496 1785 637 1862 milites,
661 1784 847 1868 captiuorum
870 1786 1035 1849 orationem
1052 1805 1119 1847 cnm
1135 1786 1267 1870 perfugis

150 1885 337 1949 conueniret
352 1886 457 1951 abesse
471 1907 586 1971 regem,
603 1886 730 1969 exiguas
745 1906 812 1949 esse
828 1887 929 1970 copias
942 1887 1062 1965 missas,
1080 1878 1266 1970 quaepaucis

150 1986 301 2069 equitibus
315 2008 403 2071 pares
418 2007 486 2052 esse
502 2010 561 2051 non
577 1987 751 2072 potuerint?
779 1984 910 2050 Proinde
925 1989 961 2050 ad
978 1990 1134 2072 praedam,
1151 1991 1186 2053 ad
1202 1990 1267 2073 glo-

148 2088 224 2153 riam
241 2100 418 2172 properate,
435 2101 468 2153 ut
484 2091 541 2153 iam
558 2090 594 2154 de
610 2089 748 2174 praemiis
765 2088 876 2152 uestris
900 2090 981 2152 etde
996 2091 1152 2154 referenda
1168 2091 1266 2175 gratia

148 2190 282 2274 cogitare
296 2189 495 2276 incipiamus'.
514 2190 610 2256 Erant
627 2212 679 2276 per
688 2211 722 2255 se
737 2211 857 2275 magna,
875 2210 950 2274 quae
966 2201 1124 2272 gesserant
1138 2193 1264 2273 equites,
1282 2192 1303 2255 4

88 2302 124 2357 2⁰
148 2293 325 2376 praesertim
349 2315 415 2358 cum
437 2315 540 2359 eorum
565 2296 692 2378 exiguas
714 2314 858 2358 numerus
881 2313 946 2355 oum
969 2302 1053 2355 tanta
1081 2292 1269 2355 multitudine

148 2391 347 2459 Numidarum
364 2398 564 2461 conterretur.
590 2396 674 2461 llaec
690 2397 840 2461 tamenab
856 2396 928 2479 ipsis
944 2394 1075 2458 iollatius
1092 2416 1269 2459 commemo·

148 2495 303 2575 rabuntur,
322 2509 355 2561 ut
370 2499 407 2562 de
422 2500 484 2563 suis
501 2501 635 2564 homines
651 2500 786 2564 laudibus
803 2499 931 2563 libenter
945 2498 1128 2582 praedicant.
1170 2495 1267 2563 Multa
1283 2497 1303 2562 5

148 2608 303 2682 practerea
318 2601 414 2683 spolia
430 2602 695 2684 praeferebantur,
719 2602 796 2687 capti
821 2602 954 2666 homines
977 2603 1101 2685 equique
1123 2603 1266 2686 produce·
1322 2670 1326 2689 ¹

147 2699 278 2778 bantur,
301 2712 352 2779 at,
377 2704 515 2785 quidquid
531 2705 731 2768 intercederet
746 2705 907 2788 temporis,
931 2706 986 2768 hoo
1010 2725 1097 2767 omne
1114 2705 1268 2767 uictoriam

90 2814 125 2869 25
149 2803 258 2866 morari
275 2803 439 2868 uideretur.
471 2804 518 2869 lta
539 2807 602 2890 spei
619 2803 762 2871 Curionis
785 2807 910 2870 militum
933 2806 1031 2869 studia
1055 2825 1114 2867 non
1128 2802 1264 2868 deerant.

149 2903 275 2988 Equites
291 2907 376 2988 sequi
391 2906 474 2971 iubet
488 2929 558 2972 sese
572 2909 688 2992 iterque
704 2909 863 2985 accelerat,
881 2918 1011 2989 utquam
1029 2907 1207 2969 maximeen
1224 2905 1304 2971 [ιι-6

149 3028 188 3091 ga
203 3009 380 3091 perterritos
395 3009 506 3075 adoriri
522 3023 634 3095 posset.
666 3011 710 3074 Aa
727 3012 771 3075 illi
792 3012 900 3073 itinere
922 3009 1012 3071 totius
1030 3009 1125 3071 noctis
1141 3010 1268 3072 conlecti

150 3109 291 3193 subsequi
307 3132 365 3173 non
383 3123 540 3195 poteraut,
558 3125 648 3195 atque
662 3113 713 3175 alii
728 3114 787 3175 alio
804 3114 868 3174 looo
884 3110 1076 3173 resistebant.
1121 3108 1172 3175 Nc
1195 3113 1268 3177 baec

152 3210 266 3292 quidem
282 3208 445 3277 Curionem
461 3217 497 3278 ad
513 3235 594 3298 spem
611 3214 817 3277 morabantur.
848 3210 920 3275 luiba
936 3212 1049 3275 certior
1064 3214 1158 3277 lactus
1174 3237 1192 3277 a
1210 3212 1267 3279 Sa·
1278 3216 1324 3285 40

91 3324 126 3378 ³0
149 3313 244 3378 burra
258 3315 293 3378 de
310 3329 456 3380 nocturno
471 3317 585 3400 proelio
601 3328 624 3380 tt
640 3317 720 3380 milio
735 3314 938 3400 Hispanorum
961 3325 992 3379 et
1007 3312 1161 3380 Gallorum
1186 3318 1269 3399 equi·

261 3555 272 3607 l
288 3556 407 3623 inpulsas
420 3576 446 3611 a.
550 3561 567 3613 2
580 3560 722 3622 bragadnm
738 3560 762 3609 b.
873 3560 888 3610 3
901 3574 970 3625 pass.
985 3575 1011 3621 o,
1027 3574 1120 3624 passus
1135 3560 1159 3610 b.

149 3633 296 3684 lar'nua'to
310 3635 377 3687 oar.
393 3652 445 3685 aim.
461 3651 487 3685 u.
606 3638 620 3685 5
634 3637 821 3701 prudentisque
834 3636 865 3685 ad
881 3636 950 3701 inop.
965 3637 1027 3685 abe
1040 3636 1211 3700 (inopinantis
1225 3636 1270 3684 bo·

151 3710 200 3760 stis
212 3711 251 3774 a).
384 3713 491 3780 benim]
505 3722 590 3765 autem
604 3715 652 3764 ob.
796 3713 823 3765 ll
839 3713 892 3762 mil.
908 3728 999 3778 passus
1012 3728 1037 3775 o,
1053 3714 1124 3764 mille
1138 3728 1230 3780 passus
1245 3714 1270 3764 b.

263 3787 293 3837 12
306 3804 320 3838 ο
333 3791 446 3855 captiuis
459 3806 476 3841 α
486 3793 509 3854 b,
525 3806 556 3840 ex
570 3791 681 3856 captiuis
691 3806 718 3840 a.
825 3791 856 3842 ta
866 3789 1024 3855 respondens
1038 3805 1063 3841 o.
1171 3790 1271 3842 licon·

150 3863 480 3920 ficiotrdiraerurodat.u.
589 3869 760 3934 lirinquida.
866 3869 1020 3936 prolugisb.
1127 3868 1270 3937 ldpoocls]

151 3941 243 3993 dicbus
257 3945 320 3994 odd.
336 3948 406 3996 aba.
514 3948 544 3998 17
558 3949 688 4014 potuerint
700 3964 716 3997 a
728 3949 745 4001 2
758 3948 836 4010 dett,
852 3956 992 4013 potuerunt
1004 3964 1032 3997 a.
1156 3949 1186 4001 tu
1201 3950 1272 4016 equi·

126 4074 129 4084 1
151 4021 201 4083 tes]
216 4021 314 4072 milites
327 4040 343 4072 a
355 4024 379 4073 b.
485 4027 515 4077 at
533 4026 636 4075 intlatus
650 4040 676 4074 u.
799 4025 832 4075 23
846 4025 955 4090 equique
971 4025 1141 4089 ciacconius,
1157 4027 1271 4092 equites-

152 4113 203 4162 que
217 4099 295 4150 eodd.
308 4101 340 4151 Ρ.
357 4103 414 4152 152.
520 4104 553 4156 at
567 4103 633 4152 ornnl
648 4102 756 4152 uictoria
770 4103 864 4153 morari
878 4110 996 4155 uteretur
1008 4106 1056 4155 ab.
1179 4107 1212 4157 28
1226 4120 1273 4153 neo

152 4178 205 4226 ab·
312 4181 345 4231 29
360 4181 460 4247 quidem
474 4182 543 4244 aba,
557 4182 659 4247 quidem
672 4196 715 4230 res
728 4197 755 4231 u.
878 4184 1046 4234 morabantur
1059 4187 1109 4248 be,
1124 4183 1273 4233 morabatur

153 4257 229 4322 (ωτι.
