2692 4688
434 155 731 229 COMMICAP.
747 160 901 233 lile-1⁷.
1236 172 1301 241 tto

118 330 207 397 miles
221 330 331 396 dextra
346 349 382 395 ac
395 330 520 397 sinistra
534 353 622 397 mnrn
637 343 750 413 tectus,
769 336 915 403 aduersus
929 335 1021 419 plutei
1030 336 1241 428 nliectnnpcri

117 452 325 517 quaecamque
339 442 411 497 sunt
425 434 492 498 usui
506 435 573 500 sine
588 435 721 520 periculo
734 436 901 523 subportat.
918 433 1071 505 Celeriter
1082 462 1133 507 res
1147 445 1278 513 admi-d

117 536 284 601 nistraturc
303 534 436 599 diuturni
450 535 564 601 laboris
579 537 788 604 detrimentum
802 541 927 605 solertia
942 551 974 604 et
988 542 1099 607 uirtute
1114 546 1239 613 militen

116 638 205 703 breui
218 636 444 703 reconciliatur.
477 636 588 703 Portae
608 639 715 723 quibus
737 640 812 705 lucis
834 642 955 706 uidetur
969 644 1134 726 eruptionis
1149 669 1242 713 causa

78 754 97 805 t
119 741 153 807 in
167 760 255 805 muro
263 739 483 823 relinquuntur.
501 737 589 823 Quod
603 741 654 807 oui
669 741 772 807 hostes
788 743 939 818 uiderunt,
955 765 1003 823 en,
1021 766 1099 828 quae
1112 749 1162 813 diu
1177 750 1243 815 lun·
1259 750 1300 823 ld

116 862 216 927 popue
228 842 329 927 spatio
342 842 426 907 retici
440 862 499 907 non
516 864 606 927 posse
618 855 813 928 sperassent,
837 864 998 929 paucorum
1019 848 1134 915 dierum
1148 872 1242 937 opera

118 954 151 1009 et
162 944 267 1009 labore
280 944 324 1009 ita
338 946 465 1024 relecta,
481 955 515 1009 ut
528 945 629 1011 nullus
645 946 785 1030 perfidiae
799 968 896 1031 neque
903 949 1052 1033 eruptioni
1067 951 1242 1019 louusesset

119 1066 177 1113 uec
191 1045 349 1131 quicquan
363 1047 485 1113 omnino
499 1047 740 1131 relinqueretur,
763 1070 821 1135 qua
841 1060 894 1115 aut
910 1052 940 1116 ui
955 1051 1095 1119 militibus
1110 1066 1164 1119 aut
1177 1055 1242 1141 igni

119 1148 261 1234 operibus
276 1150 378 1215 noceri
395 1158 515 1234 posset,
531 1149 695 1232 eodemque
709 1152 849 1235 exemplo
864 1153 1000 1217 sentiunt
1014 1164 1107 1219 totam
1123 1157 1238 1238 umen,
1254 1158 1277 1223 2

60 1262 97 1319 lt
119 1272 181 1337 qna
193 1252 235 1317 sit
246 1252 348 1317 aditus
361 1253 400 1315 ab
416 1262 510 1326 terra,
526 1271 612 1315 auro
628 1251 816 1335 nuribusque
831 1254 1053 1321 circummuniri
1069 1278 1178 1341 posse,
1194 1260 1241 1325 sic

119 1365 158 1420 ut
169 1352 768 1438 ipsiscnnsisteudiinsuismunitionibus
782 1356 867 1421 huus
875 1378 936 1422 non
951 1370 1045 1439 esset,
1062 1382 1130 1425 cum
1146 1380 1242 1444 paese

120 1456 310 1521 inaedificata
328 1455 362 1520 in
382 1456 477 1521 muris
496 1455 535 1521 alt
550 1457 687 1521 ercrcitu
702 1469 808 1523 nostro
822 1459 940 1523 moenia
957 1460 1133 1525 uiderentur
1147 1482 1183 1527 ac
1197 1472 1242 1527 te·

120 1558 183 1624 lun
195 1580 288 1625 mana
300 1558 501 1636 miteretur,
519 1579 699 1642 suorumque
714 1570 931 1626 tormentorum
946 1584 1044 1639 usum,
1061 1563 1168 1647 quibus
1183 1563 1241 1648 ipsi
1254 1561 1276 1627 3

119 1682 230 1746 magna
243 1661 469 1748 sperauisaent,
493 1661 591 1745 spatio
611 1661 840 1745 propinquitatis
862 1664 988 1729 interire
1002 1669 1124 1748 parique
1138 1666 1242 1731 condi·

64 1775 99 1829 tt
120 1763 263 1829 cieuses
277 1785 363 1829 muro
384 1784 421 1828 ac
444 1762 574 1827 turribus
596 1763 724 1833 deflendi
748 1765 818 1831 duta
839 1786 874 1831 se
897 1766 1009 1831 uirtute
1023 1768 1135 1831 uostris
1150 1768 1241 1833 adae·

119 1886 216 1949 quara
228 1888 291 1931 non
306 1886 395 1949 postu
407 1865 606 1949 intellegunt,
622 1866 657 1932 ad
674 1868 794 1932 easdem
810 1867 969 1933 deditionis
984 1868 1176 1935 condiciones
1190 1890 1241 1935 re·

119 1976 259 2033 emunt.

207 2066 254 2135 dl.
266 2066 368 2136 Varro
380 2069 412 2135 in
428 2071 573 2136 ulteriore
588 2069 735 2155 Hispania
749 2070 836 2136 initio
851 2071 979 2154 coguitis
994 2072 1030 2135 iis
1047 2072 1146 2151 rebus,
1164 2094 1241 2158 quac
1256 2072 1298 2144 li

121 2180 194 2238 sunt
213 2173 246 2237 ir
266 2170 355 2239 ltalia
376 2184 503 2257 gestae,
527 2174 660 2238 diffidens
680 2171 871 2258 Pompeianis
892 2174 983 2237 rebus
1004 2174 1182 2239 amicissime
1205 2176 1242 2239 dc

61 2285 99 2343 2⁰
121 2271 256 2341 Camars
268 2274 464 2358 loquelatur:
489 2288 735 2359 praeoccupatum
757 2294 828 2339 sese
849 2273 999 2358 legatione
1020 2273 1057 2338 ab
1073 2272 1134 2339 Cn.
1151 2273 1277 2340 Pom-2

122 2378 203 2463 pcin,
218 2377 315 2443 teneri
329 2376 507 2443 obstrictum
523 2379 597 2456 lide3
615 2378 866 2443 necessitudinem
882 2377 1000 2459 quidem
1015 2376 1071 2441 sibi
1086 2377 1179 2441 nihilo
1187 2378 1243 2440 mi·

121 2500 227 2547 norenn
241 2500 308 2545 cnm
323 2475 460 2545 Caesare
474 2481 682 2559 intercedere,
706 2502 803 2564 neque
823 2502 858 2545 se
872 2480 1034 2565 ignorare,
1058 2482 1135 2564 quod
1157 2490 1243 2545 esset

104 2584 249 2668 'odicium
265 2583 369 2667 legati,
386 2583 436 2666 qui
452 2584 633 2648 fiduciariam
649 2604 770 2668 operam
786 2583 948 2660 obtineret,
966 2604 1042 2667 quae
1057 2584 1139 2648 uires
1153 2604 1241 2662 suae,

122 2706 198 2770 quas
218 2686 360 2751 uoluntas
382 2705 455 2768 erga
470 2680 633 2749 Caesarem
656 2687 747 2750 totius
768 2686 951 2768 prouinciae.
997 2684 1081 2749 ilaec
1104 2686 1241 2749 omnibus

63 2798 99 2852 at
121 2788 238 2853 ierebat
260 2787 449 2851 sermonibus
470 2810 567 2871 nepus
589 2810 623 2853 se
645 2789 678 2853 in
701 2789 789 2852 ullam
807 2800 920 2872 partem
936 2786 1086 2850 mouebat.
1129 2783 1277 2850 Postea3

122 2910 209 2969 uersu
226 2912 294 2955 cunt
309 2886 473 2955 Camurem
494 2893 532 2955 ad
547 2890 715 2957 Massiliam
738 2890 866 2957 detineri
882 2889 1041 2973 cognouit,
1066 2886 1169 2971 cupias
1183 2882 1242 2949 Pe-

122 2993 192 3057 treii
207 3014 277 3057 cnm
291 2992 430 3057 exercitu
443 2992 564 3058 Afranii
578 3014 649 3059 ruse
663 2994 857 3069 coniunctas,
881 3011 990 3073 magna
1004 2988 1117 3052 auxilia
1132 3007 1245 3053 conuc·

123 3095 224 3172 nisse,
241 3115 349 3180 magua
364 3116 433 3159 esse
447 3096 479 3158 in
494 3117 547 3180 spe
561 3106 649 3179 atque
665 3096 819 3177 expectari
835 3105 867 3157 et
881 3092 1053 3156 consentire
1068 3109 1186 3154 omnem
1200 3089 1244 3153 ci-

124 3196 268 3260 teriorem
290 3198 472 3281 prouinciam
488 3218 622 3280 quaeque
638 3208 742 3281 postea
757 3196 948 3272 acciderant,
976 3194 1013 3257 ds
1035 3192 1183 3275 angustiis
1204 3193 1243 3257 ad

64 3308 100 3363 tt
122 3295 250 3364 Ilerdam
265 3299 313 3365 rai
327 3300 555 3377 frumentariae,
572 3299 698 3384 accepit,
716 3310 807 3383 atque
822 3299 896 3362 haec
911 3297 947 3361 ad
963 3316 1029 3361 eum
1048 3295 1139 3361 latius
1155 3305 1243 3376 utque

236 3455 248 3506 1
263 3455 370 3507 deutera
384 3455 424 3519 (a)
434 3473 467 3506 u:
481 3461 514 3507 ot
525 3457 616 3507 destun
630 3457 674 3507 tte
686 3472 791 3522 quicque
804 3454 881 3505 codd.
896 3457 970 3506 tueri
980 3452 1160 3504 Setaetuerus
1168 3466 1198 3515 p.
1210 3448 1243 3503 13

124 3534 255 3598 affimat.
379 3535 483 3585 obiectu
494 3535 589 3597 Aldus,
604 3535 708 3585 obiecto
721 3550 738 3585 a
753 3537 817 3585 ‘mei
829 3533 863 3585 δ’.
995 3536 1012 3584 ’ὶ
1026 3544 1201 3597 quaecumque
1214 3546 1241 3594 u,

122 3626 348 3678 nou-cunque.
449 3613 842 3676 suntnsuimusuisuntedd.
958 3611 1134 3676 subportetu.

123 3688 140 3738 3
154 3687 275 3739 sollertia
287 3704 315 3739 e.
463 3693 480 3741 4
492 3690 679 3742 reconciliatur
690 3690 778 3754 codd„
794 3688 997 3740 reconcinnetur
1008 3686 1094 3739 Aldus
1106 3702 1134 3735 a.

123 3766 191 3817 iila
202 3780 256 3817 nrt.
271 3766 297 3816 d.
404 3766 491 3818 nullus
505 3766 665 3831 Stephanus,
681 3767 777 3818 nullius
790 3769 841 3817 ab.
956 3765 972 3815 8
985 3778 1030 3812 neu
1043 3778 1071 3826 u,
1086 3778 1170 3829 neque
1182 3764 1243 3816 edd.

234 3842 370 3909 quicquam
381 3859 407 3906 o,
422 3859 475 3894 nnn
489 3844 637 3910 quidquam.
739 3859 789 3909 qua
802 3859 819 3894 a
833 3844 908 3893 ‘rnen
923 3840 957 3900 7',
972 3856 1021 3905 quo
1036 3854 1064 3889 u.
1152 3840 1189 3908 ni]
1202 3842 1242 3893 eia

122 3920 173 3983 ad,
188 3919 268 3971 alceir
281 3935 306 3970 e.
390 3921 421 3972 ld
432 3920 624 3971 circummuniti
633 3920 777 3983 Aieurdua,
792 3919 924 3971 circumiri
934 3917 1011 3970 codd.
1101 3916 1128 3969 ll
1140 3934 1243 3985 pecca.

114 4030 119 4035 -
236 3997 407 4051 l2mediaa.
501 3996 1241 4061 telum-euniceretnraic‚tela-conicerenturu.

236 4074 267 4127 13
280 4090 384 4125 suornm
398 4079 499 4127 omisca
512 4074 610 4140 copule
625 4075 649 4124 i.
775 4076 805 4127 ll
818 4075 967 4126 conditione
981 4074 1032 4140 (ι).
1172 4076 1203 4126 15
1216 4090 1245 4126 sc

124 4151 224 4202 uirtute
236 4167 262 4214 c,
278 4152 377 4202 uirtute
389 4168 418 4202 se
431 4152 492 4205 edd.
626 4151 656 4204 ld
669 4153 833 4205 conditiones
846 4152 898 4217 (a),
1039 4153 1070 4205 ts
1083 4153 1203 4204 ulteriori
1216 4155 1241 4203 t.

234 4227 407 4296 llpnpsnias.
513 4229 602 4280 ltiisn.
706 4231 737 4285 21
754 4231 838 4281 minus
853 4231 878 4281 d.
981 4231 1203 4296 sterpetum.

160 4322 254 4382 Caesar,
264 4325 299 4370 ed.
315 4323 424 4385 Nipperd.
1054 4313 1096 4376 35
