2684 4694
160 1482 199 1552 C.
224 1482 317 1551 lulius
338 1481 457 1551 Caesar
477 1504 536 1566 quo
559 1495 694 1569 tempore
720 1485 949 1549 commentarios
969 1505 1072 1550 rerum
1092 1506 1215 1552 auarum

96 1589 311 1671 composuerit,
334 1589 372 1652 de
394 1597 630 1651 concoctarum
647 1585 953 1654 nemiuemretulisse
973 1589 1106 1653 erbiuor
1127 1610 1215 1674 prac-

95 1701 144 1754 ter
157 1687 362 1768 Frontonem,
380 1689 433 1773 qui
447 1691 484 1753 dc
499 1689 578 1753 bello
592 1686 737 1752 Parthico
752 1689 789 1751 ad
806 1685 850 1752 M.
868 1688 1026 1756 Aurelium
1041 1712 1072 1775 p.
1084 1688 1149 1756 203
1164 1692 1213 1757 cd.

93 1790 184 1855 Rom.
203 1792 276 1856 haec
292 1791 415 1856 scribito
435 1792 495 1855 ‘fac
516 1789 691 1854 memineris
711 1801 742 1855 ot
764 1812 831 1855 cum
851 1792 951 1857 animo
973 1804 1025 1859 too
1040 1795 1156 1878 cogites
1172 1790 1212 1860 C,

94 1890 259 1959 Caesarem
274 1892 464 1957 atrocissimo
485 1891 564 1956 bello
578 1888 698 1957 Gallico
713 1913 780 1957 cum
803 1894 862 1959 alio
882 1895 975 1958 multa
994 1897 1136 1962 militaria
1150 1907 1214 1961 tum

93 1997 184 2062 etium
206 1997 282 2061 duos
302 1997 339 2059 de
359 1994 500 2076 analogia
517 1994 610 2059 libros
632 1995 911 2080 scrupulosissimus
932 1991 1110 2083 scripsisse,
1133 1999 1215 2064 iuter

93 2100 155 2164 tela
170 2099 305 2165 uolantia
320 2099 357 2161 de
373 2096 541 2161 nominibus
558 2096 759 2176 declinandis,
784 2099 822 2163 dc
840 2099 1001 2164 uerborum
1022 2101 1216 2185 aspirationi·

91 2201 149 2266 bus
169 2213 201 2266 et
221 2200 391 2265 redonibus
411 2201 494 2265 iuter
508 2198 637 2265 classica
658 2209 689 2265 et
709 2199 820 2265 oubas’.
851 2199 895 2264 Et
915 2201 1010 2265 libros
1024 2202 1060 2265 de
1075 2203 1214 2287 analogia

93 2301 256 2391 Suetonius
271 2302 328 2367 uit.
346 2298 439 2367 Caes.
456 2322 484 2368 c.
502 2300 544 2367 56
558 2304 591 2368 in
606 2303 734 2369 transitu
748 2301 869 2387 Alpium
885 2323 904 2366 a
918 2298 1072 2381 Caesare,
1089 2326 1156 2367 cum
1171 2324 1213 2368 ex

93 2407 235 2473 citeriore
249 2403 349 2472 Gallio
371 2406 567 2472 conuentibus
583 2406 712 2492 peractis
734 2406 771 2469 ud
787 2405 953 2469 exercitum
978 2406 1111 2483 rediret,
1137 2407 1213 2471 scri·

92 2521 160 2595 ptos
176 2530 244 2574 esso
259 2519 400 2575 testatur.
428 2509 543 2573 Verum
558 2520 592 2573 ut
607 2510 663 2571 doc
679 2530 697 2572 a
712 2506 867 2572 Frontone
881 2509 1015 2573 oratorie
1031 2521 1212 2573 exornatum

92 2624 156 2691 est,
173 2612 215 2675 ita
232 2613 311 2695 quod
325 2612 363 2676 de
377 2610 599 2674 commentariis
615 2610 721 2673 scribit
734 2610 809 2681 (alia
825 2611 903 2673 enim
916 2612 1055 2676 militaria
1068 2607 1212 2677 Caesaris

92 2737 153 2779 nou
168 2717 304 2795 suerunt)
319 2735 380 2776 non
397 2724 478 2777 ccrta
494 2712 691 2788 auctoritate,
714 2713 767 2775 sed
783 2733 838 2776 suo
853 2713 994 2796 opinione
1009 2717 1114 2781 ductus
1130 2716 1213 2780 adir-

91 2838 191 2881 masse
206 2816 425 2881 existimandus
441 2826 498 2879 est.
528 2812 610 2879 Nam
625 2815 655 2878 id
670 2814 787 2896 quidem
802 2815 867 2899 ipsa
881 2836 932 2879 rcs
948 2816 1045 2893 docet,
1063 2837 1213 2881 commcn-

90 2918 185 2982 tarios
202 2940 263 2981 nou
277 2919 359 2982 iuter
372 2916 444 2981 belli
458 2916 641 2995 certamina,
665 2918 719 2981 scd
741 2928 825 2982 certe
845 2918 939 3001 gestis
955 2918 1043 2983 rebus
1059 2939 1113 3002 per
1128 2920 1212 3001 quie·

91 3032 151 3085 tem
168 3021 361 3084 hibernorum
376 3020 557 3104 compositos
573 3039 654 3083 esse.
684 3017 779 3102 Atqui
795 3040 833 3083 ne
848 3019 975 3101 singulis
991 3021 1107 3102 quidem
1122 3022 1211 3085 anuis

90 3123 225 3204 singulos
245 3120 477 3187 commentarios
497 3120 716 3206 scriptitauisse
736 3116 919 3199 Caesarem,
942 3123 994 3186 sed
1017 3144 1077 3186 uuo
1099 3123 1211 3207 impeto

90 3226 183 3291 libros
206 3227 242 3291 dc
264 3226 343 3291 bello
365 3220 483 3287 Gallico
503 3233 536 3287 et
558 3231 663 3306 postca
683 3223 719 3287 de
740 3223 817 3288 bello
838 3224 919 3289 ciuili
941 3226 1104 3309 periecisse
1125 3236 1210 3289 recte

90 3326 296 3394 Schneiderus
311 3328 343 3392 io
360 3323 485 3398 Wachl.
503 3324 625 3408 philon.
641 3320 676 3402 1,
701 3322 764 3387 108
785 3325 875 3391 Hirtii
893 3328 993 3392 uerbis
1009 3328 1209 3392 demonstrari

89 3432 183 3511 dixit,
207 3432 257 3515 qui
279 3433 309 3515 §.
320 3427 354 3494 ιδ
368 3430 464 3514 praei.
481 3426 550 3491 iibri
566 3422 640 3491 Vssl
654 3426 691 3489 de
705 3426 735 3489 b.
753 3424 833 3491 Gall.
851 3431 1081 3495 commentarios
1096 3451 1115 3492 a
1131 3426 1211 3494 Cae·

88 3555 159 3599 sarc
181 3545 214 3598 et
235 3532 374 3597 facillime
397 3541 428 3595 et
447 3529 604 3595 celerrime
623 3530 772 3611 periectos
794 3529 935 3596 affirmat.
968 3530 1061 3616 quue
1077 3533 1113 3597 de
1129 3554 1210 3596 eorn-

89 3636 244 3702 mcumriis
265 3636 301 3700 de
326 3634 405 3699 bello
426 3631 544 3697 Gallico
566 3631 643 3695 idem
664 3627 867 3696 Schneidcrus
891 3630 1049 3699 Ciceronis
1073 3636 1209 3719 epistolis

88 3739 260 3804 confirmari
274 3736 407 3802 incndite
429 3736 497 3819 qui,
514 3755 581 3798 cum
596 3745 663 3818 post
678 3734 804 3797 reditum
819 3734 856 3797 ab
872 3737 963 3799 exilio
980 3732 1106 3800 Caesari
1123 3737 1210 3799 ualde

89 3841 245 3905 familiaris
266 3840 332 3904 siue
348 3848 429 3903 essct
452 3838 519 3902 siue
535 3836 630 3901 uideri
645 3847 769 3921 cuperet
784 3847 815 3901 et
830 3833 975 3918 Quintum
991 3840 1116 3901 fratrem
1130 3836 1208 3900 Tre-

8 3936 15 3945 ’
86 3942 259 4025 batiomquc
280 3942 337 4007 siti
361 3941 623 4006 familiarissimum
647 3940 679 4003 iu
694 3939 758 4004 eins
774 3942 913 4005 exercitu
929 3939 1068 4017 haberet,
1094 3936 1208 4003 Caesa-

87 4066 150 4109 rem
163 4065 213 4109 res
228 4065 299 4109 suas
313 4043 424 4109 litteris
439 4043 580 4108 mandare
596 4063 690 4124 neque
706 4043 796 4106 celari
813 4043 960 4126 potuisset
974 4063 1083 4124 noque,
1100 4044 1126 4107 si
1143 4064 1209 4107 cer·

88 4147 150 4210 tior
164 4148 261 4212 iactus
277 4159 376 4227 osset,
401 4158 515 4211 tacere.
546 4142 661 4209 Verum
682 4155 782 4208 tamen
804 4155 874 4208 anto
894 4145 963 4208 belli
980 4146 1077 4209 ciuilis
1092 4146 1208 4209 initium

88 4251 321 4316 commentarios
343 4252 380 4316 dc
399 4249 478 4315 bello
493 4246 611 4314 Gallico
626 4247 754 4330 scriptos
770 4269 837 4313 esse
852 4250 1043 4312 statuendum
1060 4259 1124 4323 est,
1149 4268 1207 4309 non

962 4350 998 4413 1.
