2692 4688
73 232 139 303 mo
267 306 270 313 ,
466 221 595 289 naun}
619 217 920 289 arsrntunrasas

76 406 119 476 ld
135 420 292 485 numquam
316 409 363 463 est
385 399 505 461 lactum.
538 394 636 461 Huius
657 395 714 460 diei
731 405 869 460 ermanno
885 404 1019 477 tempore
1034 415 1052 458 a
1066 390 1264 480 Pompeianis

134 505 207 569 clam
218 503 284 588 [ad]
293 512 415 565 nostros
430 498 660 563 tabellariusest
671 498 793 577 missus,
805 508 838 561 ut
851 517 887 560 ea
896 507 985 561 nocte
994 507 1093 561 tures
1103 518 1263 584 aggerem·

98 606 120 672 2
135 627 191 692 que
207 604 404 670 incenderent
419 613 450 666 et
464 602 554 665 tertia
570 601 671 685 uigilia
687 601 871 685 eruptionem
889 601 1034 664 lacerent.
1066 597 1114 664 lta
1130 600 1203 685 igne
1218 612 1264 665 te-

134 711 289 790 lorumque
305 704 490 768 multitudine
506 704 584 767 iacta
600 724 665 767 cum
679 703 901 788 benemagnam
912 712 1026 786 partem
1036 704 1182 787 temporis
1192 725 1264 769 con·

135 810 354 895 sumpsissent,
371 817 506 890 portam,
525 825 599 888 quae
616 807 771 890 eregione
787 817 818 870 et
832 807 863 869 in
879 815 1040 890 conspectu
1057 803 1193 891 Pompeii
1211 828 1261 872 ca·
1279 820 1293 869 t

137 923 267 977 atrorum
285 912 400 986 inerat,
425 919 628 992 aperuerunt,
647 909 808 992 copiaeque
824 918 905 971 totae
922 909 1108 995 eruptionem
1126 908 1266 973 lecerunt

136 1032 296 1096 secumque
313 1010 488 1074 extulerunt
501 1012 648 1095 uirgulta,
666 1022 771 1074 crutes
786 1011 822 1074 ad
834 1012 931 1074 lossas
941 1011 1133 1094 complendas
1149 1021 1180 1074 et
1194 1011 1264 1076 har·

136 1134 267 1200 paganas
284 1113 321 1176 ad
336 1132 435 1190 casas,
453 1133 527 1195 quae
542 1113 764 1177 stramenticiae
780 1112 816 1176 ab
832 1112 947 1176 uostris
960 1112 1153 1176 hibernorum
1171 1133 1262 1177 causa

103 1217 312 1282 daediticatae
342 1224 448 1292 erant,
480 1213 641 1277 diruendas
664 1223 695 1278 et
716 1214 936 1294 incendendas,
969 1226 1125 1298 practerea
1154 1236 1262 1298 argen-

138 1329 218 1398 tum,
244 1317 440 1395 uestimenta,
467 1327 515 1390 ut,
540 1316 606 1378 dum
624 1318 721 1380 nostri
736 1316 767 1378 in
783 1316 895 1401 praeda
911 1317 1093 1395 detinentur,
1110 1316 1152 1379 illi
1170 1317 1264 1381 caede
1284 1326 1311 1379 tt

139 1422 216 1484 laeta
239 1420 275 1482 ad
297 1408 444 1503 praesidia
459 1416 593 1501 Pompeii
617 1438 649 1481 se
671 1418 860 1502 reciperent:
886 1440 953 1483 nam
975 1417 1051 1502 quod
1068 1418 1265 1482 existimabat

140 1543 192 1585 eos
209 1541 298 1605 posse
315 1535 453 1583 conatum
470 1521 599 1598 efficere,
617 1530 705 1584 nocte
720 1531 783 1583 tota
800 1521 876 1585 ultra
891 1519 954 1585 ibat
967 1521 1076 1584 dumea
1092 1517 1216 1584 Salsum
1233 1523 1264 1585 in

103 1623 125 1685 4
139 1622 215 1686 acic.
248 1617 336 1701 Quod
353 1622 460 1684 iactum
478 1620 548 1684 licet
563 1622 809 1705 necopinantibus
825 1623 934 1687 nostris
955 1632 1036 1684 esset
1049 1631 1190 1704 gestum,
1207 1634 1266 1705 ¹ta·

141 1744 210 1787 men
234 1723 344 1786 uirtute
368 1724 437 1786 lrcti
459 1723 596 1808 repulsos
619 1724 778 1808 multisque
802 1721 972 1789 uulneribus
994 1722 1127 1786 adiectos
1151 1723 1264 1806 oppido

140 1836 362 1910 represserunt,
380 1825 516 1910 praedam
532 1847 674 1909 armaque
690 1848 793 1890 eorum
810 1839 880 1892 sunt
894 1826 978 1912 potiti
990 1826 1133 1908 uiuosque
1142 1824 1262 1911 aliquos
1287 1838 1318 1890 tt

105 1925 297 2012 teupernus,
315 1928 362 2010 qui
379 1938 499 2011 postero
515 1930 563 1993 die
579 1941 651 1994 sunt
661 1931 824 1996 interiecti.
843 1928 1016 2013 Eodemque
1025 1938 1156 2013 tempore
1164 1937 1266 1993 mus·

143 2032 214 2113 luga
230 2029 380 2093 nuntiauit
395 2051 436 2094 ex
452 2031 559 2116 oppido
574 2029 709 2110 lunium,
735 2034 784 2117 qui
800 2033 831 2097 in
848 2032 986 2097 cuniculo
1001 2031 1127 2111 luisset,
1149 2030 1267 2114 iugula·

143 2133 225 2196 tione
248 2132 459 2216 oppidanorum
484 2135 560 2197 lacta
583 2134 727 2199 clamasse
750 2136 866 2199 lacinus
890 2156 924 2200 se
939 2134 1097 2199 antaradum
1121 2133 1267 2198 etscelus

107 2231 271 2300 dlecissez
297 2257 363 2298 nam
380 2256 432 2299 eos
449 2236 522 2301 nihil
538 2238 697 2316 meruisse,
714 2259 805 2321 quare
821 2239 872 2301 tali
888 2238 1202 2323 poenaadlicerentur,
1216 2236 1268 2320 qui

146 2359 199 2403 eos
222 2337 257 2402 ad
281 2359 350 2401 aras
373 2348 403 2402 et
427 2341 508 2403 locos
525 2360 597 2403 suos
613 2339 821 2424 recepissent,
846 2361 958 2424 eosque
974 2340 1134 2425 hospitium
1149 2338 1267 2403 scelere
1286 2346 1318 2402 11

146 2442 384 2520 εοηιεηιὶιιεεεες
409 2444 501 2505 multa
524 2453 681 2526 praeterea
706 2443 839 2520 dixisse,
864 2444 1084 2526 quaeratione
1108 2443 1267 2507 deterritos

88 2541 130 2627 17
145 2542 271 2626 amplius
287 2543 499 2626 iugulationem
517 2566 576 2608 non
592 2545 710 2609 lenisse.
741 2541 786 2609 lta
810 2556 930 2631 postero
951 2544 999 2608 die
1016 2543 1135 2610 Tullius
1151 2545 1267 2630 legatus

144 2665 210 2708 cum
221 2640 494 2709 CatoneLusitano
510 2649 592 2711 uenit
607 2657 638 2711 et
647 2646 723 2733 apud
733 2643 898 2712 Caesarem
915 2648 1006 2712 uerba
1023 2648 1111 2711 lecit:
1132 2646 1269 2712 ‘Vtinam
1323 2668 1330 2686 ·

144 2748 260 2832 quidem
285 2749 323 2811 dii
347 2748 529 2813 immortales
546 2750 705 2828 iecissent,
731 2761 764 2814 ut
787 2761 853 2814 tuus
876 2750 974 2834 potius
997 2747 1082 2811 miles
1105 2770 1194 2831 quam
1210 2744 1269 2813 Cn.

145 2849 268 2935 Pompei
286 2853 381 2915 lactus
398 2871 494 2914 essem
519 2862 548 2914 ct
571 2853 647 2916 hanc
663 2854 782 2917 uirtutis
797 2851 993 2916 constantiam
1010 2849 1041 2911 iu
1058 2859 1110 2912 tua
1126 2849 1272 2930 uictoria,
1292 2859 1322 2911 tt

109 2951 205 3017 2non
221 2955 251 3018 in
268 2954 347 3017 illius
360 2955 529 3019 calamitate
540 2966 735 3040 praestarem.
761 2949 855 3018 Cuius
866 2954 1003 3016 funestae
1014 2950 1116 3014 laudes
1125 2952 1273 3032 quomam

146 3057 183 3117 ad
208 3057 284 3118 hanc
307 3056 456 3120 fortunam
472 3058 661 3137 reciderant,
687 3067 720 3121 ot
740 3056 823 3122 ciues
838 3055 967 3122 Romani
991 3052 1159 3137 indigentes
1181 3075 1272 3138 prae·

146 3155 214 3219 sidii
233 3203 380 3219 ......
400 3169 431 3222 et
445 3171 567 3244 propter
578 3161 692 3244 patriae
708 3160 873 3225 luctuosam
888 3158 1049 3244 perniciem
1065 3155 1202 3220 dedimur
1217 3158 1271 3221 ho·

147 3257 234 3321 stium
252 3278 387 3337 nurnero,
405 3261 455 3346 qui
472 3282 567 3342 neque
582 3263 613 3326 in
630 3262 708 3327 illius
724 3284 866 3349 prospera
882 3262 946 3327 acie
961 3263 1086 3346 primam
1103 3262 1269 3340 fortunam,

111 3359 131 3425 3
149 3381 245 3443 neque
260 3362 290 3423 in
307 3362 434 3427 aduersa
451 3365 610 3429 secundam
622 3365 803 3430 obtinuimus
820 3365 1019 3451 [uictoriam].
1045 3360 1105 3445 Qui
1119 3361 1271 3445 legionum
1293 3372 1323 3424 tt

256 3516 265 3567 1
283 3532 411 3584 nunquam
426 3523 435 3581 (
454 3519 475 3584 ).
593 3522 654 3574 lud
667 3522 773 3575 deleuit
787 3522 927 3575 Claudius.
1044 3518 1198 3585 ttcmporis
1210 3533 1270 3584 ego,

145 3596 211 3645 muri
226 3595 301 3646 codd.
318 3596 348 3646 Ρ.
360 3598 420 3650 2311.
526 3600 606 3650 derat
620 3600 643 3650 d.
751 3601 888 3665 lnirgnlta
902 3608 987 3652 cram
1001 3615 1066 3666 ego,-
1080 3598 1195 3649 cultates
1208 3601 1272 3646 unte

146 3689 217 3724 corr.
232 3690 257 3737 u,
273 3675 385 3727 cultatas
401 3678 415 3726 d
429 3679 472 3743 cs
480 3684 505 3728 ct
520 3693 590 3728 corr.
605 3694 639 3742 a,-
659 3680 775 3731 calcatas
789 3696 816 3732 u.
832 3679 896 3732 Vid.
912 3681 937 3730 b.
953 3678 1026 3730 Gatt.
1040 3677 1087 3740 111,
1105 3677 1145 3739 18,
1161 3677 1187 3728 8.
1206 3673 1270 3726 Tac.

145 3750 263 3814 aanV,
275 3753 316 3802 51.
423 3755 616 3805 astronomiae
626 3771 652 3818 a,
663 3757 814 3808 strumentis
827 3759 851 3820 d,
860 3757 985 3808 stramine
998 3772 1020 3806 c.
1126 3754 1158 3803 ad
1173 3755 1271 3804 nostris

139 3825 169 3889 s·
285 3829 315 3878 ld
328 3831 485 3881 uestimenta
498 3847 515 3880 a
530 3832 555 3894 d,
570 3839 596 3880 et
609 3833 764 3884 uestimenta
777 3850 804 3884 u.
911 3834 1062 3884 detinentur
1074 3846 1091 3880 a
1102 3831 1120 3881 2
1133 3830 1212 3894 dett,
1229 3831 1273 3882 de·

145 3901 333 3952 linerenturu·
443 3907 646 3957 l2conatnuc.
754 3909 1002 3976 ldlicet]ctadc.
1111 3907 1270 3960 ltadicctos

145 3993 171 4027 a.
280 3978 310 4027 15
320 3982 440 4045 praedam
455 3997 576 4049 armaque
589 3998 607 4033 o
620 3984 644 4046 d,
660 3985 807 4052 praedaque
821 3994 849 4037 ct
861 3987 940 4037 armis
953 4002 979 4037 u.
1086 3984 1273 4037 t9adllccren·

145 4063 188 4105 tur
200 4071 227 4105 a.
378 4057 408 4108 21
426 4058 568 4111 deterritus
582 4063 607 4113 b.
752 4064 876 4118 221100.
893 4065 925 4118 17
937 4064 995 4115 uid.
1009 4065 1039 4115 P.
1056 4062 1105 4115 tau
1118 4079 1160 4129 ap.

138 4135 175 4192 25
187 4133 293 4206 Pompei
306 4151 331 4185 a.
456 4139 488 4189 26
502 4141 621 4205 quoniam
635 4142 724 4208 codd„
738 4144 832 4212 quippe
845 4145 933 4196 Aldus
945 4160 973 4196 u.
1097 4143 1131 4195 28
1144 4143 1274 4194 lucanum

134 4236 186 4292 ego
200 4222 311 4275 notaui.
458 4218 579 4273 dodimur
591 4238 608 4274 a
622 4222 637 4274 b
651 4239 675 4289 c,
688 4222 810 4275 dedamur
824 4223 976 4288 Stephanus
988 4239 1014 4274 u.
1143 4222 1177 4274 30
1189 4224 1274 4274 nicto·

126 4307 195 4363 riam
211 4325 263 4381 ego
277 4308 394 4365 seclusi.
