2684 4694
517 184 817 254 ...73-

101 353 210 440 ltaque
224 355 360 420 nonnulli
375 355 449 420 lmeo
465 356 557 421 uerba
572 373 790 444 separnuerunt
805 368 836 424 et
857 360 1080 426 ‘cunctatione‘
1104 361 1140 426 ad
1157 381 1228 426 uor-

103 460 174 523 bum
191 458 386 523 ‘effecissent‘
401 457 496 523 relata
519 461 680 543 ‘opinione
696 463 861 526 timidiores
878 462 992 526 hostes'
1014 463 1072 528 dici
1088 464 1228 528 arbitrati

103 572 194 641 sunt,
218 562 269 645 qui
291 561 322 623 in
345 561 478 639 maiore,
504 583 591 644 qnam
615 565 682 646 quis
706 566 847 649 opinatus
861 575 946 642 erat,
963 565 1069 630 timore
1084 567 1224 630 luissent.

103 663 221 728 Verum
237 662 293 726 laac
308 664 425 726 ratione
440 674 471 727 et
485 666 629 746 particula
646 667 816 750 copulatius
833 667 953 749 ‘atque’
970 666 1130 732 omittenda
1147 677 1225 746 erat,

104 777 137 832 et
150 777 251 829 manen
272 785 308 829 re
323 784 396 847 uera
411 765 506 829 timidi
528 765 630 831 hostes
646 767 829 833 dicerentur.
875 767 1105 852 Comparatiuus
1128 779 1228 834 auten

106 867 307 945 ‘timidiores',
326 887 509 950 quocumque
521 870 608 934 modo
623 871 739 953 reliqua
751 872 844 935 uerba
861 870 940 934 dieta
956 871 1097 953 accipies,
1113 871 1229 935 incom-

104 970 210 1033 modus
226 980 291 1033 est:
317 968 368 1051 qui
389 970 469 1033 euim
484 969 579 1034 timidi
595 973 717 1036 omuino
732 994 792 1036 non
808 983 913 1048 erant,
938 993 977 1035 ue
998 972 1096 1036 uideri
1111 974 1228 1056 quidem

104 1072 271 1136 timidiores
285 1080 443 1155 poteraut,
465 1071 520 1134 sed
539 1072 634 1136 timidi
650 1084 777 1138 tautum.
808 1072 889 1138 Nam
905 1074 981 1156 quod
999 1071 1229 1139 Baumsturkiua

105 1173 289 1251 tinidiores,
307 1193 395 1256 quam
411 1173 475 1237 lieri
490 1172 603 1252 soleat,
622 1175 679 1238 dici
693 1178 825 1259 putauit,
848 1185 932 1240 reete
946 1171 1150 1241 Schneiderus
1166 1198 1231 1241 mo

105 1277 171 1340 nuit
185 1274 289 1339 eada·
304 1276 456 1340 sententia
469 1275 638 1341 timidiores
653 1289 685 1343 et
699 1277 861 1342 alacriores
883 1279 1124 1361 interpretandos
1145 1300 1228 1360 esse,

107 1377 342 1442 eumalteroram
351 1378 565 1442 timiditasenm
573 1379 729 1443 alacritate
736 1381 899 1444 alterorum
908 1391 1108 1463 comparetur,
1118 1381 1230 1446 ethaeo

104 1479 158 1544 illa
171 1490 259 1546 aucta
274 1481 401 1547 dicatur.
426 1480 531 1566 ltaque
542 1503 608 1545 cum
623 1481 656 1544 in
672 1482 728 1545 ltoc
743 1484 946 1566 comparatiuo
962 1481 1028 1545 uitii
1043 1482 1144 1545 sedem
1159 1500 1229 1546 essa

106 1594 221 1648 oenum
237 1585 296 1662 sit,
319 1585 425 1650 melius
446 1585 578 1649 inueniri
599 1584 674 1649 nihil
694 1593 811 1667 potest,
837 1604 925 1667 quam
946 1583 1024 1666 quod
1039 1603 1057 1646 a
1074 1579 1229 1667 Stephano

107 1687 218 1751 editum
233 1686 285 1752 alii
297 1687 357 1751 iam
372 1685 594 1769 probauernuta
613 1693 696 1750 ‘oum
712 1705 767 1750 sna
782 1685 970 1749 cunctatione
983 1697 1073 1768 atque
1087 1684 1229 1769 opinione

105 1789 224 1854 timoris
246 1791 349 1854 hostes
373 1797 494 1851 nostros
509 1787 675 1852 alacriores
689 1789 727 1852 ad
742 1790 931 1874 pugnandum
948 1787 1146 1865 effecissent’‚
1171 1786 1230 1850 hoo

106 1902 155 1955 est
169 1891 309 1976 opinione
324 1891 453 1966 timoris,
469 1911 558 1974 mam
574 1890 676 1954 hostes
691 1891 885 1975 praebebant,
901 1900 935 1954 ut
951 1890 1003 1968 17,
1020 1887 1053 1953 6.
1070 1888 1131 1968 25,
1149 1887 1167 1952 1
1185 1887 1230 1952 di·

105 1993 199 2056 citur.
231 1989 319 2072 Quae
334 1993 502 2056 emendatio
517 2012 584 2055 enm
599 1990 635 2055 ala
651 1991 731 2054 omui
747 2002 831 2074 porte
849 1992 1034 2069 satisfaciat,
1058 1991 1229 2055 litterarum

105 2094 272 2158 discrimen
288 2112 349 2154 uon
363 2092 438 2156 adso
452 2094 544 2156 anxie
560 2092 774 2173 exquirendum
797 2102 856 2156 est.
894 2091 936 2154 Et
959 2093 1080 2176 ‘opinio
1095 2091 1229 2157 timotia'

105 2195 191 2280 apud
202 2189 365 2259 Caesarem
380 2193 501 2278 saepius
516 2192 646 2279 legitur,
672 2193 756 2258 uelut
770 2195 833 2259 hui.
850 2194 903 2258 lib.
922 2194 974 2273 17,
998 2193 1032 2259 6.
1050 2193 1110 2273 18,
1136 2192 1168 2257 1.
1184 2190 1228 2272 V,

105 2296 163 2377 57,
190 2295 224 2360 4.
902 2322 917 2339 Ἰ

192 2497 265 2564 Lib.
282 2496 339 2574 lv,
358 2499 395 2578 1,
420 2499 463 2566 10
483 2501 557 2566 haee
572 2501 603 2566 iu
619 2502 706 2566 codd.
724 2501 882 2585 leguntur:
917 2500 1037 2586 ‘Atque
1051 2503 1083 2568 iu
1107 2519 1172 2565 ean
1194 2519 1231 2565 se

107 2602 352 2666 cousuetudinem
374 2602 582 2681 adduxeruut,
609 2615 644 2667 nt
665 2603 739 2668 loeis
762 2603 962 2689 frigidissimis
984 2624 1079 2688 neque
1101 2603 1230 2668 uestitus

108 2713 229 2788 praetor
249 2704 341 2788 pelles
364 2704 509 2769 haberent
530 2707 706 2790 quicquam,
738 2728 861 2788 quonum
885 2718 1006 2791 propter
1033 2708 1230 2792 exiguitatem

107 2826 217 2890 magua
231 2816 278 2869 est
292 2808 427 2891 corporis
443 2828 512 2892 pars
527 2819 649 2893 aperta,
673 2820 703 2873 et
718 2808 858 2871 leuantur
873 2810 903 2872 iu
920 2808 1112 2872 fluminibus'.
1144 2806 1231 2889 Quae

108 2929 175 2973 oum
191 2908 263 2972 ierri
278 2930 339 2973 nou
354 2919 489 2994 possent,
506 2909 543 2972 ab
559 2911 696 2974 omnibus
719 2910 869 2974 ‘habeant'
886 2910 1111 2994 scriptumest,
1135 2917 1167 2973 et
1180 2908 1233 2972 de·

107 3011 176 3076 inde
191 3012 296 3095 partim
322 3013 498 3075 ‘leuentur’
519 3023 706 3095 posuerunt,
731 3012 838 3096 partim
855 3011 1026 3075 ‘lunantur'
1041 3009 1233 3074 retinuerunt

110 3132 235 3196 eumque
249 3113 474 3177 coniunctiuum
497 3133 516 3174 n
538 3114 700 3177 ‘lauendo'
721 3113 898 3176 declinatum
915 3134 983 3177 esse
999 3114 1228 3177 contenderunt.

108 3210 224 3278 Verum
240 3213 365 3278 ‘lauere'
382 3222 490 3298 pudtae
506 3214 660 3292 dixerunt,
678 3214 839 3297 scriptores
855 3214 877 3277 ii
893 3225 1018 3294 tautum,
1035 3216 1085 3298 qni
1096 3210 1231 3280 Caesare

110 3325 179 3379 aunt
194 3316 392 3398 antiquiores,
410 3327 445 3381 ut
460 3312 551 3380 Ceto.
578 3315 651 3381 Vid.
669 3313 852 3380 Ramshorn.
869 3336 993 3400 gramm.
1011 3338 1041 3402 p.
1058 3316 1135 3382 207.
1151 3315 1232 3384 Var-

108 3437 162 3496 ro,
186 3428 219 3481 ut
242 3418 452 3501 antiquarius,
477 3418 615 3501 antiquos
629 3418 661 3482 in
676 3417 732 3480 luae
747 3438 863 3500 quoque
877 3438 911 3482 re
925 3431 1047 3486 secutus
1063 3432 1122 3485 est.
1169 3417 1233 3484 Sed

108 3521 311 3585 recentiorum
333 3521 571 3606 antiquariorum
594 3520 731 3604 princeps
753 3529 843 3602 atque
865 3520 991 3605 signiter
1004 3521 1139 3601 Fronto,
1165 3543 1232 3586 oum

110 3623 146 3686 ad
160 3621 207 3688 Μ.
225 3619 318 3688 Caes.
335 3619 393 3703 IV,
410 3623 431 3688 3
446 3627 492 3709 (p.
508 3623 552 3688 97
567 3626 614 3688 ed.
632 3622 740 3705 llom.)
757 3622 831 3686 haec
845 3622 971 3686 scribit:
998 3625 1141 3689 ‘lacrimis
1156 3644 1232 3688 uero

111 3746 203 3810 genas
219 3725 323 3791 lauere
338 3727 445 3806 dinam,
462 3727 641 3791 uestimenta
650 3737 748 3790 autem
763 3726 877 3803 lauare,
889 3746 948 3789 nou
957 3726 1081 3805 lauere’‚
1100 3726 1234 3790 lroouer·

110 3826 177 3890 dua
194 3839 277 3891 certe
291 3828 407 3892 altioris
430 3828 553 3911 spiritus
576 3849 644 3892 osse
658 3827 807 3914 agnoscit.
852 3826 956 3910 ltaque
979 3827 1036 3891 hoo
1057 3851 1073 3889 a
1097 3824 1233 3893 Caesare

111 3928 239 3992 adeuuau
255 3939 313 3992 est.
346 3927 445 3992 Multo
460 3939 560 3992 autern
577 3931 705 4007 lucilius,
722 3930 808 4012 marn
826 3930 988 3994 ‘habeant’
1009 3939 1041 3991 et
1058 3928 1231 4010 donentur),

112 4133 246 4212 rentur’‚
268 4133 348 4217 quod
368 4142 400 4194 ot
413 4129 687 4196 Weissenbornius
707 4134 739 4197 in
755 4132 880 4217 Bergkii
902 4144 934 4196 et
948 4129 1092 4196 Caesaris
1114 4133 1232 4217 ephem.

114 4251 143 4296 a.
161 4231 246 4300 teto
260 4256 291 4321 p.
309 4233 350 4302 54
365 4233 611 4314 commendauit,
627 4243 658 4299 et
671 4229 856 4300 Schneidero
877 4234 936 4299 iam
951 4236 984 4300 iu
997 4245 1126 4299 mentem
1141 4251 1235 4299 uene
