2692 4688
487 196 811 264 ...136—

85 374 164 439 sulto
190 373 316 457 quodam
341 368 487 437 aCoelio
509 371 546 436 ad
569 367 749 436 Ciceronem
767 368 873 448 misso,
898 368 976 452 quod
989 365 1103 451 legitur
1116 364 1206 433 Fam.

85 473 172 553 VIII,
189 472 223 555 8,
239 472 273 554 5,
289 494 369 539 nuuc
385 474 501 558 quidem
525 473 635 537 dicitnr
651 468 700 537 ‘C
718 469 868 536 Lucceius
884 466 923 535 C.
938 473 959 535 f.
977 467 1054 556 Pup.
1071 467 1208 549 llirrus',

84 579 138 642 sed
153 578 189 642 de
204 578 376 642 coniectura
390 573 429 639 Ρ.
445 573 594 640 Maeotii:
612 576 643 640 in
659 576 707 640 ed.
724 574 903 642 Victoriana
916 594 944 638 a.
960 571 1060 650 1536,
1079 592 1211 657 quacum

86 680 184 744 codex
205 676 361 743 Medieeus
386 698 402 741 a
425 676 516 742 Furia
539 678 664 742 collatus
685 689 752 757 est,
771 673 822 742 ‘C.
839 675 963 742 bucius'
978 677 1122 760 scriptum
1146 684 1208 754 eet,

84 801 184 865 neque
197 802 216 845 a
230 779 326 846 Furia
346 781 408 846 ulla
431 780 631 866 discrepantia
653 790 765 844 notata.
802 778 889 843 llunc
909 790 1009 844 autem
1024 777 1152 843 Hirrum
1166 798 1211 843 ex

86 879 154 948 Cic.
171 885 208 948 ad
224 880 264 965 Q
282 886 370 949 fratr.
387 879 447 961 III,
463 880 497 960 8,
511 884 544 947 Ι.
561 883 596 960 9,
613 880 633 947 3
648 882 758 947 scimus
778 883 929 947 tribunum
952 881 1045 967 plebis
1061 882 1098 946 de
1113 882 1211 951 tien·

85 997 152 1052 tura
168 982 228 1051 Cn.
244 983 390 1069 Pompeio
412 985 571 1050 deferenda
593 984 630 1048 ad
651 987 788 1070 populum
808 988 889 1050 ierne
904 984 1050 1049 uoluisse.
1086 980 1135 1048 Dc
1149 1004 1212 1067 qua

84 1109 120 1155 re
134 1087 316 1153 Plutarchus
330 1085 436 1173 Pomp.
448 1086 489 1151 bd
504 1087 548 1151 ita
561 1086 684 1151 scribit:
703 1089 761 1156 ool
775 1084 872 1176 λόγος
887 1082 997 1163 criticis
1011 1082 1129 1178 excipe
1139 1109 1210 1154 mo-

86 1189 146 1266 tte
165 1186 251 1278 ὑπὲρ
274 1182 488 1276 δικτάτορος,
511 1188 552 1257 ὃν
575 1190 706 1276 πρῶτος
720 1193 768 1264 als
782 1189 890 1276 picco
905 1194 1089 1275 ἐξενεγκεῖν
1112 1189 1209 1257 tatu

84 1317 173 1380 μηοο
201 1293 402 1367 Λουκίλλιος
430 1287 644 1380 ὄδὴμαρχος
662 1293 709 1380 τῷ
739 1289 835 1379 δήμῳ
864 1293 1042 1378 παραινῶν
1067 1291 1210 1361 ἑλέσθαι

85 1393 267 1484 δικτάτορα
284 1392 486 1482 Πομπήὶον.
514 1391 619 1478 Itaque
634 1415 744 1458 nomen
760 1394 827 1459 buic
841 1394 953 1459 bomini
968 1394 1027 1459 fuit
1047 1390 1127 1459 Gaio
1143 1390 1211 1459 Lu·

86 1497 157 1562 cilio
173 1496 279 1562 Hirro.
301 1495 411 1581 Neque
426 1497 501 1582 apud
518 1491 609 1561 Caes.
627 1496 657 1561 b.
676 1497 733 1560 eiu.
750 1493 807 1574 ΙΙΙ,
816 1495 871 1576 82,
888 1494 908 1560 5
925 1497 1042 1561 dubium
1058 1507 1118 1574 est,
1134 1496 1211 1581 quin

84 1597 201 1665 Lucius
216 1598 327 1665 Hirrus
342 1599 412 1664 item
429 1610 462 1664 ut
475 1600 552 1685 apud
567 1595 703 1663 Caelium
719 1617 824 1662 maore
839 1619 894 1682 pro
907 1597 1026 1664 Lucilio
1041 1597 1136 1664 Hirro
1156 1618 1211 1685 pe-

83 1702 161 1767 situs
176 1703 234 1766 sit:
252 1703 389 1786 idemque
404 1724 514 1766 nomen
527 1723 575 1786 ap.
593 1700 687 1767 Varr.
705 1700 742 1764 de
756 1720 790 1763 re
804 1712 883 1765 rust.
901 1699 943 1780 ll,
961 1699 992 1782 1,
1009 1701 1211 1768 2reatituan·

84 1806 153 1870 dum
169 1816 227 1886 est,
245 1805 295 1871 ubi
312 1800 363 1869 ιΙΙ.
382 1802 491 1868 Lucilii
507 1803 604 1889 llirpi’
620 1801 764 1887 seriptum
779 1812 838 1866 est.
1235 1797 1243 1811 '

172 1903 211 1972 C.
228 1906 282 1986 22,
299 1907 321 1972 2
336 1906 410 1971 baec
423 1906 456 1969 in
470 1906 556 1970 codd.
573 1906 731 1990 legunturs
751 1901 857 1969 ‘Facta
879 1917 1028 1990 potestate
1043 1927 1085 1971 ex
1099 1906 1210 1993 oppidu

83 2008 223 2088 mittitur,
241 2029 337 2093 neque
358 2009 396 2074 ab
412 2029 448 2074 eo
469 2008 552 2092 prius
567 2005 734 2073 Domitiani
753 2007 863 2073 milites
878 2010 1054 2087 discedunt,
1071 2029 1162 2092 worn
1175 2009 1209 2075 in

83 2122 273 2197 conspectum
288 2106 431 2177 Caesaris
447 2111 622 2175 deducatur.
661 2106 738 2175 Cum
754 2131 790 2175 eo
806 2112 842 2175 de
857 2111 954 2175 salute
969 2132 1024 2175 sua
1038 2122 1106 2175 orat
1119 2121 1209 2197 aque

83 2215 242 2295 obsecrat,
259 2224 291 2278 ut
304 2215 361 2279 sibi
377 2223 498 2299 parcat,
516 2223 708 2298 ueteremque
723 2214 883 2278 amicitiam
899 2224 1113 2278 commemorat
1126 2210 1209 2281 Cac-

83 2319 220 2403 surisquc
235 2317 267 2381 in
282 2338 316 2382 se
331 2316 474 2381 beneficia
491 2313 626 2401 exponit‘
642 2327 716 2380 cett.
739 2315 841 2402 Atque
857 2314 930 2380 baec
944 2313 1088 2381 Daunius
1103 2317 1209 2383 delen·

82 2420 126 2484 dit
140 2421 214 2483 lucis
230 2419 402 2507 quibusdam
417 2416 520 2481 Plauti
541 2418 632 2482 Asia.
649 2415 706 2496 III,
723 2415 764 2497 3,
780 2418 822 2481 71
840 2419 929 2484 ‘bane
951 2419 1021 2483 iube
1042 2429 1148 2504 petere
1160 2429 1208 2485 at·

82 2542 142 2605 quc
164 2541 254 2584 orare
276 2518 413 2598 nrecum',
440 2515 564 2584 Curcul.
582 2518 640 2600 ΙΠ,
656 2520 699 2585 62
722 2528 829 2586 ‘tecum
852 2542 906 2584 oro
928 2532 960 2586 ct
981 2522 1101 2605 quaeso’
1116 2522 1208 2605 (adde

84 2619 158 2688 Cas.
174 2620 233 2701 111,
251 2624 283 2702 Ι,
301 2619 322 2687 5
339 2621 420 2705 ‘quid
437 2634 535 2687 tecum
550 2623 684 2702 oraui‘l',
700 2622 790 2689 Pers.
808 2619 834 2700 Ι,
853 2620 884 2702 3,
902 2623 943 2688 37
960 2623 1030 2688 ‘boc
1045 2625 1127 2690 enim
1147 2625 1208 2691 ian

83 2723 155 2788 berc
176 2725 299 2789 namuci
321 2723 372 2789 tibi
395 2735 552 2808 tecumque
574 2724 685 2808 oraui)
715 2735 744 2791 et
764 2724 901 2790 Terentii
923 2724 1001 2791 llec.
1023 2724 1081 2808 IV,
1105 2729 1147 2810 t,
1163 2728 1209 2797 64

84 2825 146 2914 ‘egi
161 2838 250 2912 atque
264 2828 350 2893 oraui
365 2829 485 2893 tecum'.
524 2824 586 2893 Sed
602 2828 657 2891 boc
672 2827 738 2892 sine
753 2828 842 2921 dubio
858 2848 897 2893 ea
915 2830 1053 2895 familiari
1073 2831 1209 2916 uulgari·

85 2950 141 3014 que
157 2950 296 2995 sermone
313 2933 436 3016 petitum
452 2941 518 3009 cst,
542 2930 574 2995 in
589 2952 668 3014 quo,
692 2941 725 2995 ut
739 2929 831 2994 multa
845 2942 915 2996 suut
930 2932 1093 3013 liberiora,
1115 2935 1160 3000 ita
1173 2935 1209 3001 iu

82 3033 138 3097 bac
160 3055 276 3118 quoque
292 3035 425 3099 'formula
448 3036 559 3098 lactum
583 3044 648 3113 cst,
673 3043 725 3111 ut,
749 3033 825 3117 quod
846 3034 878 3098 in
902 3034 1014 3098 orando
1029 3037 1209 3105 cumalteru

81 3136 244 3220 agebatur,
269 3136 307 3201 ad
333 3136 390 3201 boc
411 3135 535 3202 uerbum
550 3137 636 3220 quasi
651 3137 765 3200 orando
779 3136 925 3201 inclusum
947 3137 1093 3204 orationis
1109 3141 1209 3207 forna

83 3238 367 3302 accommodaretur.
399 3238 510 3324 Neque
525 3240 591 3305 sinc
606 3260 698 3304 causa
712 3239 858 3303 accidisse
873 3239 1021 3319 arbitror,
1037 3248 1073 3306 ut
1087 3240 1209 3309 Teren·

82 3339 154 3419 tius,
171 3339 262 3403 multo
278 3338 328 3403 ille
343 3337 451 3406 Plauto
467 3343 585 3406 cautior
598 3353 629 3406 et
642 3342 829 3425 elegantior,
847 3343 942 3426 ipsum
957 3343 1066 3428 agendi
1080 3344 1210 3412 uerbum

82 3442 227 3506 adiceret.
264 3437 428 3507 Praeterea
444 3443 739 3508 animaduertendum
755 3454 803 3508 est
817 3464 855 3510 ne
871 3445 1001 3510 comicos
1017 3447 1136 3530 quidem
1150 3447 1210 3514 ali·

84 3554 132 3607 ter
154 3542 211 3608 nisi
235 3542 266 3606 iu
289 3545 442 3628 personali
464 3546 640 3632 pronomine
660 3547 715 3610 bac
743 3546 882 3611 libertate
902 3570 975 3613 usos
999 3569 1079 3615 esse.
1116 3549 1209 3635 Apud

82 3647 172 3712 alium
195 3657 295 3709 autem
316 3647 493 3730 scriptorem
507 3647 563 3712 boc
579 3648 694 3713 dicendi
716 3669 812 3734 genus
827 3648 958 3715 inueniri
980 3672 1041 3715 non
1055 3651 1206 3718 arbitrere

82 3770 101 3813 a
116 3745 249 3814 Caesare
275 3760 357 3813 certe
380 3760 470 3835 atque
492 3749 529 3815 ab
553 3752 675 3815 exculto
697 3761 728 3815 et
743 3750 859 3816 urbano
874 3774 1013 3819 sermone
1028 3754 1117 3838 plane
1132 3754 1209 3821 alitr-

83 3871 152 3914 num
168 3861 225 3915 est.
249 3849 359 3934 Neque
374 3862 486 3932 tamen,
505 3855 582 3937 quod
598 3864 669 3917 ante
683 3850 840 3918 Ilauisium
855 3855 960 3934 fiebat,
978 3878 1032 3940 pro
1047 3856 1099 3921 illo
1116 3856 1207 3924 ‘crat’

83 3954 250 4038 ponendum
266 3966 332 4019 erat
349 3953 446 4039 agit,
463 3955 529 4028 secl,
546 3966 580 4018 nt
592 3953 652 4019 Tb.
669 3952 826 4022 bentleius
841 3958 933 4037 uidit,
951 3957 1008 4022 boc
1022 3959 1119 4044 potius
1136 3969 1209 4027 autc

81 4055 156 4121 illud
170 4056 373 4121 inserendum.

169 4154 208 4225 C.
227 4157 280 4237 35,
296 4158 319 4223 4
333 4160 408 4224 baec
423 4158 568 4224 eduntura
586 4160 748 4245 ‘principes
770 4182 844 4227 uero
868 4184 936 4228 esse
959 4184 1062 4229 carum
1077 4166 1209 4251 partium

83 4258 143 4329 Cu.
160 4259 334 4347 Pompeium
349 4272 380 4329 et
395 4256 433 4327 C.
451 4258 632 4342 Caesarem,
651 4274 794 4348 patronos
810 4265 962 4344 ciuitatis,
979 4289 1106 4352 quorum
1126 4268 1210 4335 alter
