2692 4688
460 168 599 237 cotan.
617 168 662 235 lll
679 166 773 236 (ΖΑΡ.
790 168 943 236 tta-ua.
1260 167 1324 235 199

143 343 339 408 defenderent
362 342 526 406 fortissime
541 339 614 405 Tito
629 338 777 419 Polione,
801 342 887 404 cuius
901 362 990 425 opera
1009 343 1155 426 proditum
1172 363 1262 407 ener-

142 447 231 510 citum
247 442 286 508 C.
302 445 416 507 Antoni
433 444 714 519 demonstrauimus,
731 462 749 506 e
764 443 830 507 loco
847 456 1061 526 propugnante.
1087 442 1146 509 Sed
1162 457 1259 508 umen
1275 442 1297 507 6

140 550 238 613 nostri
263 548 375 610 uirtnte
399 547 537 609 uicerunt
559 546 724 626 excisoque
746 546 839 608 ericio
863 547 957 629 primo
973 546 1003 608 in
1019 547 1131 610 maiora
1146 559 1259 625 castra,

139 660 212 734 post
228 648 317 711 etiam
334 649 363 711 in
380 647 546 720 castellum,
564 647 641 730 quod
657 658 722 710 erat
737 648 884 711 inclusum
901 649 1061 712 maioribus
1078 648 1199 725 castris,
1217 649 1262 710 in·

105 764 122 816 t
144 761 292 835 ruperunt
308 761 357 826 et,
374 750 448 832 quod
466 770 502 814 eo
518 751 602 833 pulsa
619 749 697 833 legio
713 770 782 814 sese
798 762 963 834 receperat,
982 752 1141 814 nonnullos
1157 749 1197 813 ibi
1213 769 1263 812 re·

142 863 309 938 pugnantes
325 852 550 916 interfecerunt.
584 850 644 917 Sed
661 855 799 930 lortuna,
826 874 901 935 quae
917 852 1071 936 plurimum
1088 863 1186 935 potest
1197 871 1261 915 cum
1274 849 1319 919 118

142 957 172 1019 in
187 954 312 1037 reliquis
329 952 418 1018 rebus
435 965 494 1017 turn
512 956 670 1039 praecipue
686 956 716 1018 in
732 954 829 1031 bello,
848 955 948 1039 paruis
964 955 1122 1018 momentis
1137 974 1262 1037 magnas

142 1078 241 1120 rerum
265 1056 513 1120 commutationes
529 1057 636 1137 efficit;
661 1069 695 1119 nt
710 1068 771 1120 tum
787 1057 906 1121 accidit.
938 1055 1157 1134 Munitionem,
1175 1075 1261 1138 quarn
1276 1052 1316 1116 2.

143 1160 297 1245 pertinere
314 1178 330 1220 a
346 1158 455 1222 eastris
472 1159 508 1221 ad
525 1159 633 1221 flrrnren
649 1180 737 1242 snpra
754 1160 1042 1237 demonstrauimus,
1067 1156 1166 1222 dextri
1183 1153 1262 1221 Cae-

87 1271 121 1325 tc
144 1261 221 1324 saris
243 1280 355 1324 cornus
378 1261 517 1324 cobortes
539 1261 709 1346 ignorantia
731 1261 788 1325 loci
814 1274 883 1325 sunt
899 1273 1038 1338 secutae,
1065 1282 1129 1323 cum
1148 1271 1262 1343 portam
1315 1246 1318 1255 ’

144 1374 324 1446 quaererent
355 1373 582 1446 castrorumque
612 1383 677 1427 cana
708 1364 900 1428 munitionem
931 1385 1000 1427 asse
1030 1362 1261 1428 arbitrarentur.

146 1461 234 1547 Quod
255 1485 320 1528 cnm
338 1475 417 1530 esset
433 1466 671 1530 animaduersum
687 1467 875 1530 coniunctam
893 1487 960 1530 esse
976 1464 1104 1542 flumini,
1130 1464 1262 1548 prorutis
1277 1462 1297 1526 3

145 1567 358 1631 munitionibus
382 1568 559 1631 defendente
582 1568 663 1633 nullo
687 1570 952 1646 transcenderunt,
980 1569 1134 1654 omnisque
1158 1577 1264 1630 noster

145 1670 295 1752 equitatus
316 1690 368 1734 eas
393 1671 533 1734 cobortes
555 1682 604 1734 est
623 1681 756 1735 secutus.
789 1668 911 1734 Interim
928 1669 1087 1754 Pompeius
1111 1670 1165 1734 bac
1185 1669 1261 1733 sutis
1275 1666 1324 1738 dil

91 1784 124 1836 tt
145 1774 235 1855 longa
257 1772 414 1836 interiecta
429 1793 512 1836 mora
529 1783 559 1836 et
575 1794 607 1836 re
623 1775 758 1837 nuntiata
774 1783 797 1836 V
812 1774 946 1856 legiones
961 1771 998 1836 ab
1015 1792 1105 1857 opere
1121 1773 1262 1835 deductas

146 1873 279 1938 subsidio
295 1874 358 1937 suis
373 1874 468 1952 duxit,
479 1877 642 1957 eodemque
657 1886 790 1958 tempore
805 1877 954 1958 equitatus
970 1876 1035 1938 eius
1052 1875 1163 1938 nostris
1180 1874 1263 1956 equi·

148 1976 230 2039 tibus
245 1976 515 2061 adpropinquabat,
542 1988 572 2041 et
587 1977 668 2040 acies
682 1979 830 2040 instructa
847 1998 863 2039 a
880 1977 1014 2055 nostris,
1032 1977 1080 2060 qui
1097 1987 1196 2041 castra
1213 1997 1264 2039 oc·

147 2088 350 2162 cupanerant,
380 2078 578 2157 cernebatur,
610 2079 767 2161 omniaque
790 2089 860 2141 susat
882 2079 979 2142 subito
1001 2089 1126 2142 mutatu.
1166 2076 1299 2162 Legio2

146 2178 327 2266 Pompeiana
350 2181 456 2246 celeris
480 2203 533 2266 spe
557 2180 680 2245 subsidii
695 2182 869 2244 confirmata
884 2180 921 2242 ab
938 2181 1099 2243 decumana
1115 2192 1199 2264 porta
1216 2201 1264 2242 re·

89 2293 124 2348 2⁰
146 2283 255 2347 sistere
277 2284 443 2349 conabatur
457 2296 546 2369 atque
563 2285 641 2348 ultro
657 2284 688 2347 in
704 2294 824 2347 nostros
839 2284 980 2367 impetunt
996 2281 1135 2344 iaciebat.
1167 2278 1262 2364 Equi·

151 2394 230 2450 tatus
244 2383 406 2467 Caesaris,
429 2389 507 2471 qnod
524 2400 651 2474 angusto
666 2386 776 2451 itinere
792 2407 845 2469 per
859 2405 985 2470 aggeres
1001 2382 1198 2461 ascendebat,
1217 2403 1265 2445 re·

149 2489 246 2573 ceptui
269 2511 323 2554 suo
345 2490 453 2554 umens
476 2490 592 2555 initium
611 2492 697 2574 lirgae
713 2490 852 2554 iaciebat.
884 2487 1033 2552 Dextrum
1050 2508 1162 2566 cornu,
1188 2484 1301 2569 qnod3

148 2602 215 2654 erat
229 2612 247 2655 a
262 2592 386 2656 sinistro
402 2593 572 2671 seclusum,
598 2604 715 2658 terrore
731 2593 862 2678 equitum
879 2593 1106 2670 animaduerso,
1131 2612 1169 2655 ne
1184 2592 1265 2656 iutra

148 2694 342 2758 munitionem
359 2697 587 2780 opprimeretur,
604 2717 639 2760 ea
656 2706 752 2780 parte,
769 2718 854 2779 quam
871 2705 1039 2779 prorueret,
1057 2714 1125 2756 sese
1140 2693 1265 2776 recipie·

90 2805 126 2858 2⁵
147 2795 217 2874 bat,
241 2818 276 2860 ac
292 2797 425 2880 plerique
440 2819 479 2861 ex
496 2799 561 2878 bis,
589 2819 627 2861 ne
643 2797 674 2861 in
688 2799 844 2882 angustias
860 2797 1045 2871 inciderent,
1063 2816 1105 2857 en·
1119 2805 1145 2856 x
1161 2796 1265 2876 pedum

148 2898 312 2963 munitione
333 2921 367 2964 se
383 2900 413 2965 in
430 2903 526 2964 lossas
543 2901 792 2987 praecipitabant,
819 2900 979 2986 primisque
996 2894 1145 2981 oppressis
1163 2894 1266 2976 reliqui

258 3071 269 3121 1
287 3072 478 3138 fortissimeque
492 3090 517 3124 o.
623 3074 681 3125 Tito
695 3090 721 3135 a,
737 3073 768 3124 Τ.
784 3090 812 3122 u.
917 3070 1023 3121 Polione
1036 3084 1052 3117 c
1063 3068 1086 3130 b,
1102 3065 1224 3116 Puleione
1239 3081 1265 3114 u.

256 3149 380 3203 bautoni
394 3166 420 3199 u.
527 3156 590 3201 ante
603 3151 837 3201 demonstrauimus
850 3150 914 3199 adel.
930 3160 1008 3213 supra
1022 3145 1046 3195 b.
1169 3146 1268 3195 lincu-

149 3232 282 3292 pewflla·
389 3231 571 3280 batuamab.
678 3237 821 3296 pugnantes
836 3230 860 3278 b.
966 3223 1159 3291 bcumltumb.

151 3303 245 3368 Squae
258 3318 284 3366 c,
299 3318 347 3370 qna
363 3305 387 3354 b.
511 3307 542 3357 lb
556 3321 649 3355 cornus
663 3306 760 3369 Aldus,
775 3320 854 3355 cornu
869 3302 908 3368 (cl
918 3320 944 3352 u.
1079 3302 1108 3353 ll
1124 3309 1268 3354 castrorum

151 3394 208 3430 nm
222 3381 248 3430 b.
353 3382 384 3432 12
397 3383 535 3432 coniuncta
548 3398 565 3431 a
574 3382 597 3431 b.
705 3382 819 3447 prorutis
829 3382 1000 3441 (liuecona'ua,
1016 3387 1092 3445 prout
1104 3379 1144 3428 bis
1157 3393 1197 3427 ce
1209 3375 1268 3426 eod.

153 3454 457 3520 Vra-eprotinusbisu.
564 3459 909 3522 lbrauprnoscriptaaa.
1016 3454 1270 3518 legiones-dedu·

151 3538 209 3583 etas
221 3548 286 3598 ego,·
306 3535 407 3597 legione
421 3562 451 3571 -
467 3535 578 3585 deductu
600 3536 635 3584 be
648 3540 690 3596 et,
711 3536 760 3599 qni
776 3532 922 3583 secundum
935 3532 1059 3597 seperta·
1076 3534 1218 3582 silentium
1232 3532 1270 3581 lc-

150 3611 262 3677 gionean,
276 3628 310 3674 a,-
330 3614 455 3677 legionem
469 3641 500 3650 -
515 3615 650 3663 deductam
665 3629 691 3661 u.
708 3613 736 3662 P.
755 3613 811 3662 litt.
963 3610 994 3659 li
1008 3612 1229 3677 adpropinquabat
1242 3627 1268 3659 a.

261 3693 293 3743 18
305 3692 373 3757 legio
383 3692 537 3758 Pompeiana
552 3709 584 3753 ας
603 3691 757 3757 Porrrpeiana
770 3691 837 3740 enirn
852 3687 1003 3750 legiscita,
1018 3688 1143 3737 sedenim
1158 3703 1210 3737 om.
1226 3689 1270 3739 12

152 3769 220 3821 acce.
353 3772 384 3823 lb
398 3773 493 3822 celeris
507 3773 637 3833 disdraus,
653 3771 733 3821 celeri
747 3787 764 3820 c
779 3771 852 3819 ‘man
865 3766 996 3833 plerique'
1010 3778 1085 3828 (nam
1099 3769 1178 3817 ceteri
1194 3774 1272 3836 ippo-

152 3847 243 3897 tlalue
256 3846 409 3914 debentur).
515 3850 547 3897 2⁰
562 3850 706 3898 conabatur
718 3847 882 3912 Stephanus,
897 3852 1033 3894 conaturc
1043 3845 1116 3894 ‘mse
1128 3844 1270 3911 pleriquc’.

259 3927 329 3976 ultra
344 3943 369 3976 a.
492 3926 523 3976 21
540 3926 698 3975 ascendebat
710 3924 760 3989 (o).
901 3923 934 3973 '23
948 3923 1122 3972 animaduersi
1138 3924 1162 3973 b.

151 4001 185 4057 2⁴
198 4017 228 4052 ea
242 4011 333 4069 parte,
354 4019 428 4070 quam
450 4009 588 4069 prorueret
608 4017 656 4065 rgo
664 4019 672 4063 ,·
693 4007 828 4065 exparte,
850 4014 898 4065 qua
918 3999 1144 4065 prornebntcodd.
1165 4002 1196 4052 Ρ.
1213 4002 1270 4051 tau.

260 4084 293 4135 25
308 4084 347 4132 bis
361 4099 377 4132 α
390 4082 450 4132 edd.
465 4085 528 4130 aula
541 4080 615 4142 Ata„
630 4079 789 4128 iisAlduau.
878 4093 909 4128 en
924 4095 938 4129 n
954 4079 1044 4144 pedum
1058 4079 1200 4129 munitione
1210 4093 1269 4142 ego,

150 4176 167 4211 x
182 4161 273 4226 pedum
288 4158 574 4211 monitionumque.
591 4158 648 4208 179.
806 4156 839 4207 'lb
852 4157 1059 4222 praecipitabant
1073 4157 1102 4208 P.
1119 4157 1268 4209 illunuta’us,

151 4239 355 4306 praecipitante
371 4240 442 4290 ‘aaran
459 4240 563 4288 tantum
579 4250 631 4284 nora
646 4233 755 4284 omrrea‘.
