<?xml version="1.0" encoding="UTF-8"?>
<!DOCTYPE html PUBLIC "-//W3C//DTD XHTML 1.0 Transitional//EN"
    "http://www.w3.org/TR/xhtml1/DTD/xhtml1-transitional.dtd">
<html xmlns="http://www.w3.org/1999/xhtml" xml:lang="en" lang="en">
 <head>
  <title>
</title>
<meta http-equiv="Content-Type" content="text/html;charset=utf-8" />
  <meta name='ocr-system' content='tesseract 3.04.00' />
  <meta name='ocr-capabilities' content='ocr_page ocr_carea ocr_par ocr_line ocrx_word'/>
</head>
<body>
  <div class='ocr_page' id='page_1' title='image "./civliicaesarisc02hirtgoog_0085.png"; bbox 0 0 2692 4688; ppageno 0'>
   <div class='ocr_carea' id='block_1_1' title="bbox 552 206 855 277">
    <p class='ocr_par' dir='ltr' id='par_1_1' title="bbox 552 206 855 277">
     <span class='ocr_line' id='line_1_1' title="bbox 552 206 855 277; baseline 0 -18"><span class='ocrx_word' id='word_1_1' title='bbox 552 206 855 277; x_wconf 77' lang='lat'>...78-</span> 
     </span>
    </p>
   </div>
   <div class='ocr_carea' id='block_1_2' title="bbox 141 376 1269 1084">
    <p class='ocr_par' dir='ltr' id='par_1_2' title="bbox 141 376 1269 1084">
     <span class='ocr_line' id='line_1_2' title="bbox 145 376 1269 470; baseline 0.007 -24"><span class='ocrx_word' id='word_1_2' title='bbox 145 376 276 446; x_wconf 71' lang='lat' dir='ltr'>‘Marius</span> <span class='ocrx_word' id='word_1_3' title='bbox 289 378 401 446; x_wconf 62' lang='lat' dir='ltr'>suune</span> <span class='ocrx_word' id='word_1_4' title='bbox 416 377 538 445; x_wconf 87' lang='lat' dir='ltr'>trebere</span> <span class='ocrx_word' id='word_1_5' title='bbox 552 399 620 446; x_wconf 84' lang='lat' dir='ltr'>eom</span> <span class='ocrx_word' id='word_1_6' title='bbox 635 379 736 445; x_wconf 84' lang='lat' dir='ltr'>suino</span> <span class='ocrx_word' id='word_1_7' title='bbox 750 399 824 456; x_wconf 85' lang='lat' dir='ltr'>sno,</span> <span class='ocrx_word' id='word_1_8' title='bbox 841 379 1031 449; x_wconf 66' lang='lat' dir='ltr'>omitteretne</span> <span class='ocrx_word' id='word_1_9' title='bbox 1045 382 1212 470; x_wconf 84' lang='lat' dir='ltr'>inseptutn,</span> <span class='ocrx_word' id='word_1_10' title='bbox 1227 407 1269 457; x_wconf 86' lang='lat' dir='ltr'>en</span> 
     </span>
     <span class='ocr_line' id='line_1_3' title="bbox 143 482 1268 568; baseline 0.007 -21"><span class='ocrx_word' id='word_1_11' title='bbox 143 483 295 549; x_wconf 74' lang='lat' dir='ltr'>tortuosus</span> <span class='ocrx_word' id='word_1_12' title='bbox 311 482 517 568; x_wconf 75' lang='lat' dir='ltr'>opperiretur,</span> <span class='ocrx_word' id='word_1_13' title='bbox 543 504 601 566; x_wconf 85' lang='lat' dir='ltr'>qun</span> <span class='ocrx_word' id='word_1_14' title='bbox 614 501 707 567; x_wconf 87' lang='lat' dir='ltr'>snepe</span> <span class='ocrx_word' id='word_1_15' title='bbox 721 501 863 567; x_wconf 88' lang='lat' dir='ltr'>prospere</span> <span class='ocrx_word' id='word_1_16' title='bbox 879 503 951 550; x_wconf 83' lang='lat' dir='ltr'>usus</span> <span class='ocrx_word' id='word_1_17' title='bbox 966 485 1086 566; x_wconf 88' lang='lat' dir='ltr'>luernt‘,</span> <span class='ocrx_word' id='word_1_18' title='bbox 1111 485 1174 553; x_wconf 80' lang='lat' dir='ltr'>tot</span> <span class='ocrx_word' id='word_1_19' title='bbox 1190 495 1268 561; x_wconf 75' lang='lat' dir='ltr'>‘tu</span> 
     </span>
     <span class='ocr_line' id='line_1_4' title="bbox 141 585 1268 671; baseline 0.007 -21"><span class='ocrx_word' id='word_1_20' title='bbox 141 605 213 664; x_wconf 78' lang='lat' dir='ltr'>rex,</span> <span class='ocrx_word' id='word_1_21' title='bbox 230 585 274 669; x_wconf 77' lang='lat' dir='ltr'>uti</span> <span class='ocrx_word' id='word_1_22' title='bbox 290 595 479 671; x_wconf 78' lang='lat' dir='ltr'>praeseptum</span> <span class='ocrx_word' id='word_1_23' title='bbox 494 585 605 663; x_wconf 80' lang='lat' dir='ltr'>lueret,</span> <span class='ocrx_word' id='word_1_24' title='bbox 622 595 689 670; x_wconf 86' lang='lat' dir='ltr'>post</span> <span class='ocrx_word' id='word_1_25' title='bbox 702 585 779 648; x_wconf 85' lang='lat' dir='ltr'>diem</span> <span class='ocrx_word' id='word_1_26' title='bbox 795 585 941 651; x_wconf 79' lang='lat' dir='ltr'>deoimunn</span> <span class='ocrx_word' id='word_1_27' title='bbox 955 587 1054 653; x_wconf 87' lang='lat' dir='ltr'>redire</span> <span class='ocrx_word' id='word_1_28' title='bbox 1069 588 1172 657; x_wconf 85' lang='lat' dir='ltr'>iubet‘.</span> <span class='ocrx_word' id='word_1_29' title='bbox 1189 589 1268 661; x_wconf 69' lang='lat' dir='ltr'>tna</span> 
     </span>
     <span class='ocr_line' id='line_1_5' title="bbox 141 682 1268 781; baseline 0.005 -27"><span class='ocrx_word' id='word_1_30' title='bbox 141 688 174 754; x_wconf 90' lang='lat' dir='ltr'>in</span> <span class='ocrx_word' id='word_1_31' title='bbox 188 688 326 753; x_wconf 79' lang='lat' dir='ltr'>ubsolute</span> <span class='ocrx_word' id='word_1_32' title='bbox 340 687 490 754; x_wconf 82' lang='lat' dir='ltr'>sententie</span> <span class='ocrx_word' id='word_1_33' title='bbox 506 687 627 773; x_wconf 88' lang='lat' dir='ltr'>ponitur</span> <span class='ocrx_word' id='word_1_34' title='bbox 640 688 716 770; x_wconf 84' lang='lat' dir='ltr'>spnd</span> <span class='ocrx_word' id='word_1_35' title='bbox 733 682 800 752; x_wconf 89' lang='lat' dir='ltr'>Cio.</span> <span class='ocrx_word' id='word_1_36' title='bbox 816 688 848 753; x_wconf 91' lang='lat' dir='ltr'>iu</span> <span class='ocrx_word' id='word_1_37' title='bbox 862 685 969 754; x_wconf 85' lang='lat' dir='ltr'>Pison.</span> <span class='ocrx_word' id='word_1_38' title='bbox 996 687 1028 769; x_wconf 82' lang='lat'>⁷,</span> <span class='ocrx_word' id='word_1_39' title='bbox 1054 689 1094 757; x_wconf 83' lang='lat'>15</span> <span class='ocrx_word' id='word_1_40' title='bbox 1119 692 1199 760; x_wconf 84' lang='lat' dir='ltr'>‘buin</span> <span class='ocrx_word' id='word_1_41' title='bbox 1214 716 1268 781; x_wconf 90' lang='lat' dir='ltr'>po·</span> 
     </span>
     <span class='ocr_line' id='line_1_6' title="bbox 142 789 1267 878; baseline 0.011 -24"><span class='ocrx_word' id='word_1_42' title='bbox 142 790 212 876; x_wconf 89' lang='lat' dir='ltr'>pulo</span> <span class='ocrx_word' id='word_1_43' title='bbox 227 790 270 856; x_wconf 82' lang='lat' dir='ltr'>its</span> <span class='ocrx_word' id='word_1_44' title='bbox 284 792 382 857; x_wconf 71' lang='lat' dir='ltr'>suoru</span> <span class='ocrx_word' id='word_1_45' title='bbox 397 801 466 855; x_wconf 87' lang='lat' dir='ltr'>oute</span> <span class='ocrx_word' id='word_1_46' title='bbox 482 810 537 854; x_wconf 84' lang='lat' dir='ltr'>uos</span> <span class='ocrx_word' id='word_1_47' title='bbox 552 789 691 855; x_wconf 85' lang='lat' dir='ltr'>eonsules</span> <span class='ocrx_word' id='word_1_48' title='bbox 706 790 830 856; x_wconf 75' lang='lat' dir='ltr'>libertos</span> <span class='ocrx_word' id='word_1_49' title='bbox 844 790 944 857; x_wconf 79' lang='lat' dir='ltr'>innitn’</span> <span class='ocrx_word' id='word_1_50' title='bbox 966 803 1040 857; x_wconf 87' lang='lat' dir='ltr'>oett.</span> <span class='ocrx_word' id='word_1_51' title='bbox 1061 790 1267 878; x_wconf 72' lang='lat' dir='ltr'>loquererne</span> 
     </span>
     <span class='ocr_line' id='line_1_7' title="bbox 142 892 1265 980; baseline 0.005 -20"><span class='ocrx_word' id='word_1_52' title='bbox 142 895 251 960; x_wconf 87' lang='lat' dir='ltr'>dudum</span> <span class='ocrx_word' id='word_1_53' title='bbox 267 893 448 980; x_wconf 79' lang='lat' dir='ltr'>praecipitur</span> <span class='ocrx_word' id='word_1_54' title='bbox 463 892 539 957; x_wconf 83' lang='lat' dir='ltr'>beno</span> <span class='ocrx_word' id='word_1_55' title='bbox 554 892 835 978; x_wconf 80' lang='lat' dir='ltr'>plusquamperleoti</span> <span class='ocrx_word' id='word_1_56' title='bbox 850 893 975 959; x_wconf 83' lang='lat' dir='ltr'>lorunnn</span> <span class='ocrx_word' id='word_1_57' title='bbox 990 915 1048 963; x_wconf 87' lang='lat' dir='ltr'>usu</span> <span class='ocrx_word' id='word_1_58' title='bbox 1063 897 1189 964; x_wconf 81' lang='lat' dir='ltr'>eundem</span> <span class='ocrx_word' id='word_1_59' title='bbox 1205 899 1265 967; x_wconf 82' lang='lat' dir='ltr'>nint</span> 
     </span>
     <span class='ocr_line' id='line_1_8' title="bbox 141 994 553 1084; baseline -0.015 -19"><span class='ocrx_word' id='word_1_60' title='bbox 141 1010 233 1084; x_wconf 84' lang='lat' dir='ltr'>etque</span> <span class='ocrx_word' id='word_1_61' title='bbox 247 999 373 1065; x_wconf 73' lang='lat' dir='ltr'>duram</span> <span class='ocrx_word' id='word_1_62' title='bbox 388 994 553 1080; x_wconf 83' lang='lat' dir='ltr'>seeepisse.</span> 
     </span>
    </p>
   </div>
   <div class='ocr_carea' id='block_1_3' title="bbox 122 1197 1265 4257">
    <p class='ocr_par' dir='ltr' id='par_1_3' title="bbox 127 1197 1265 3433">
     <span class='ocr_line' id='line_1_9' title="bbox 226 1197 1265 1289; baseline 0.006 -22"><span class='ocrx_word' id='word_1_63' title='bbox 226 1200 296 1267; x_wconf 87' lang='lat' dir='ltr'>Lib.</span> <span class='ocrx_word' id='word_1_64' title='bbox 315 1197 358 1280; x_wconf 90' lang='lat' dir='ltr'>V,</span> <span class='ocrx_word' id='word_1_65' title='bbox 373 1201 395 1268; x_wconf 79' lang='lat' dir='ltr'>s</span> <span class='ocrx_word' id='word_1_66' title='bbox 410 1199 485 1265; x_wconf 85' lang='lat' dir='ltr'>bsee</span> <span class='ocrx_word' id='word_1_67' title='bbox 497 1199 530 1265; x_wconf 88' lang='lat' dir='ltr'>in</span> <span class='ocrx_word' id='word_1_68' title='bbox 545 1201 632 1265; x_wconf 87' lang='lat' dir='ltr'>oodd.</span> <span class='ocrx_word' id='word_1_69' title='bbox 649 1197 809 1286; x_wconf 74' lang='lat' dir='ltr'>legunturs</span> <span class='ocrx_word' id='word_1_70' title='bbox 828 1197 959 1268; x_wconf 81' lang='lat' dir='ltr'>‘Cuesnr</span> <span class='ocrx_word' id='word_1_71' title='bbox 972 1204 1111 1289; x_wconf 79' lang='lat' dir='ltr'>exposito</span> <span class='ocrx_word' id='word_1_72' title='bbox 1125 1207 1265 1273; x_wconf 72' lang='lat' dir='ltr'>uernitn</span> 
     </span>
     <span class='ocr_line' id='line_1_10' title="bbox 139 1303 1264 1390; baseline 0.004 -19"><span class='ocrx_word' id='word_1_73' title='bbox 139 1315 173 1371; x_wconf 85' lang='lat' dir='ltr'>et</span> <span class='ocrx_word' id='word_1_74' title='bbox 187 1305 253 1370; x_wconf 85' lang='lat' dir='ltr'>loeo</span> <span class='ocrx_word' id='word_1_75' title='bbox 268 1305 378 1369; x_wconf 82' lang='lat' dir='ltr'>nostris</span> <span class='ocrx_word' id='word_1_76' title='bbox 394 1303 502 1369; x_wconf 89' lang='lat' dir='ltr'>idoneo</span> <span class='ocrx_word' id='word_1_77' title='bbox 517 1313 624 1387; x_wconf 84' lang='lat' dir='ltr'>enpto.</span> <span class='ocrx_word' id='word_1_78' title='bbox 641 1303 692 1369; x_wconf 86' lang='lat' dir='ltr'>ubi</span> <span class='ocrx_word' id='word_1_79' title='bbox 708 1324 748 1368; x_wconf 79' lang='lat' dir='ltr'>ex</span> <span class='ocrx_word' id='word_1_80' title='bbox 762 1304 892 1388; x_wconf 82' lang='lat' dir='ltr'>enptiuis</span> <span class='ocrx_word' id='word_1_81' title='bbox 907 1307 1059 1389; x_wconf 74' lang='lat' dir='ltr'>cognouit,</span> <span class='ocrx_word' id='word_1_82' title='bbox 1076 1329 1134 1390; x_wconf 88' lang='lat' dir='ltr'>qno</span> <span class='ocrx_word' id='word_1_83' title='bbox 1149 1309 1181 1375; x_wconf 88' lang='lat' dir='ltr'>in</span> <span class='ocrx_word' id='word_1_84' title='bbox 1196 1312 1264 1379; x_wconf 84' lang='lat' dir='ltr'>loeo</span> 
     </span>
     <span class='ocr_line' id='line_1_11' title="bbox 141 1404 1265 1489; baseline 0.006 -17"><span class='ocrx_word' id='word_1_85' title='bbox 141 1407 271 1472; x_wconf 72' lang='lat' dir='ltr'>bostium</span> <span class='ocrx_word' id='word_1_86' title='bbox 288 1407 393 1489; x_wconf 85' lang='lat' dir='ltr'>eopine</span> <span class='ocrx_word' id='word_1_87' title='bbox 408 1406 628 1482; x_wconf 74' lang='lat' dir='ltr'>consedissent,</span> <span class='ocrx_word' id='word_1_88' title='bbox 647 1404 819 1469; x_wconf 80' lang='lat' dir='ltr'>cohortibus</span> <span class='ocrx_word' id='word_1_89' title='bbox 835 1406 939 1471; x_wconf 78' lang='lat' dir='ltr'>desem</span> <span class='ocrx_word' id='word_1_90' title='bbox 953 1406 989 1470; x_wconf 80' lang='lat' dir='ltr'>ed</span> <span class='ocrx_word' id='word_1_91' title='bbox 1005 1428 1087 1473; x_wconf 77' lang='lat' dir='ltr'>nuere</span> <span class='ocrx_word' id='word_1_92' title='bbox 1102 1411 1218 1478; x_wconf 84' lang='lat' dir='ltr'>relietis</span> <span class='ocrx_word' id='word_1_93' title='bbox 1232 1423 1265 1479; x_wconf 80' lang='lat' dir='ltr'>et</span> 
     </span>
     <span class='ocr_line' id='line_1_12' title="bbox 140 1502 1264 1594; baseline 0.008 -22"><span class='ocrx_word' id='word_1_94' title='bbox 140 1507 289 1593; x_wconf 89' lang='lat' dir='ltr'>equitibus</span> <span class='ocrx_word' id='word_1_95' title='bbox 304 1502 402 1584; x_wconf 85' lang='lat' dir='ltr'>CCC,</span> <span class='ocrx_word' id='word_1_96' title='bbox 429 1507 478 1588; x_wconf 83' lang='lat' dir='ltr'>qui</span> <span class='ocrx_word' id='word_1_97' title='bbox 502 1505 650 1589; x_wconf 78' lang='lat' dir='ltr'>praesidio</span> <span class='ocrx_word' id='word_1_98' title='bbox 666 1505 790 1571; x_wconf 87' lang='lat' dir='ltr'>nnuibus</span> <span class='ocrx_word' id='word_1_99' title='bbox 805 1519 926 1586; x_wconf 72' lang='lat' dir='ltr'>essem,</span> <span class='ocrx_word' id='word_1_100' title='bbox 951 1509 986 1570; x_wconf 88' lang='lat' dir='ltr'>de</span> <span class='ocrx_word' id='word_1_101' title='bbox 1002 1509 1093 1573; x_wconf 80' lang='lat' dir='ltr'>tertie</span> <span class='ocrx_word' id='word_1_102' title='bbox 1107 1512 1210 1594; x_wconf 81' lang='lat' dir='ltr'>uigilis</span> <span class='ocrx_word' id='word_1_103' title='bbox 1225 1515 1264 1581; x_wconf 85' lang='lat' dir='ltr'>ed</span> 
     </span>
     <span class='ocr_line' id='line_1_13' title="bbox 136 1606 1264 1693; baseline 0.004 -15"><span class='ocrx_word' id='word_1_104' title='bbox 136 1610 241 1678; x_wconf 73' lang='lat' dir='ltr'>bootes</span> <span class='ocrx_word' id='word_1_105' title='bbox 262 1606 434 1685; x_wconf 83' lang='lat' dir='ltr'>oonteudit‚</span> <span class='ocrx_word' id='word_1_106' title='bbox 457 1627 493 1669; x_wconf 90' lang='lat' dir='ltr'>eo</span> <span class='ocrx_word' id='word_1_107' title='bbox 508 1606 607 1671; x_wconf 87' lang='lat' dir='ltr'>minus</span> <span class='ocrx_word' id='word_1_108' title='bbox 622 1608 737 1673; x_wconf 78' lang='lat' dir='ltr'>neritus</span> <span class='ocrx_word' id='word_1_109' title='bbox 754 1608 890 1687; x_wconf 77' lang='lat' dir='ltr'>nauibus,</span> <span class='ocrx_word' id='word_1_110' title='bbox 906 1611 985 1693; x_wconf 83' lang='lat' dir='ltr'>quod</span> <span class='ocrx_word' id='word_1_111' title='bbox 1005 1609 1037 1675; x_wconf 91' lang='lat' dir='ltr'>in</span> <span class='ocrx_word' id='word_1_112' title='bbox 1057 1612 1159 1677; x_wconf 89' lang='lat' dir='ltr'>littore</span> <span class='ocrx_word' id='word_1_113' title='bbox 1181 1617 1264 1683; x_wconf 88' lang='lat' dir='ltr'>rnolli</span> 
     </span>
     <span class='ocr_line' id='line_1_14' title="bbox 139 1707 1262 1798; baseline 0.004 -19"><span class='ocrx_word' id='word_1_114' title='bbox 139 1723 227 1796; x_wconf 71' lang='lat' dir='ltr'>etnim</span> <span class='ocrx_word' id='word_1_115' title='bbox 242 1721 347 1796; x_wconf 83' lang='lat' dir='ltr'>aperto</span> <span class='ocrx_word' id='word_1_116' title='bbox 363 1707 510 1791; x_wconf 72' lang='lat' dir='ltr'>deligatus</span> <span class='ocrx_word' id='word_1_117' title='bbox 525 1708 562 1772; x_wconf 85' lang='lat' dir='ltr'>sd</span> <span class='ocrx_word' id='word_1_118' title='bbox 577 1728 718 1775; x_wconf 81' lang='lat' dir='ltr'>nnoorern</span> <span class='ocrx_word' id='word_1_119' title='bbox 733 1711 936 1793; x_wconf 72' lang='lat' dir='ltr'>relinquebat,</span> <span class='ocrx_word' id='word_1_120' title='bbox 959 1723 990 1777; x_wconf 86' lang='lat' dir='ltr'>et</span> <span class='ocrx_word' id='word_1_121' title='bbox 1011 1712 1160 1798; x_wconf 67' lang='lat' dir='ltr'>prmidio</span> <span class='ocrx_word' id='word_1_122' title='bbox 1176 1719 1262 1783; x_wconf 83' lang='lat' dir='ltr'>unui-</span> 
     </span>
     <span class='ocr_line' id='line_1_15' title="bbox 136 1808 1262 1897; baseline 0.004 -16"><span class='ocrx_word' id='word_1_123' title='bbox 136 1815 193 1881; x_wconf 88' lang='lat' dir='ltr'>bns</span> <span class='ocrx_word' id='word_1_124' title='bbox 213 1811 358 1897; x_wconf 75' lang='lat' dir='ltr'>Quintum</span> <span class='ocrx_word' id='word_1_125' title='bbox 379 1810 499 1876; x_wconf 74' lang='lat' dir='ltr'>Atrium</span> <span class='ocrx_word' id='word_1_126' title='bbox 520 1810 686 1895; x_wconf 86' lang='lat' dir='ltr'>preelenit&#39;.</span> <span class='ocrx_word' id='word_1_127' title='bbox 727 1808 840 1878; x_wconf 84' lang='lat' dir='ltr'>Verum</span> <span class='ocrx_word' id='word_1_128' title='bbox 861 1823 1000 1881; x_wconf 68' lang='lat' dir='ltr'>emuna</span> <span class='ocrx_word' id='word_1_129' title='bbox 1015 1816 1109 1880; x_wconf 78' lang='lat' dir='ltr'>uer-bn</span> <span class='ocrx_word' id='word_1_130' title='bbox 1124 1838 1184 1882; x_wconf 92' lang='lat' dir='ltr'>non</span> <span class='ocrx_word' id='word_1_131' title='bbox 1200 1841 1262 1885; x_wconf 94' lang='lat' dir='ltr'>uno</span> 
     </span>
     <span class='ocr_line' id='line_1_16' title="bbox 136 1912 1261 2002; baseline 0.005 -19"><span class='ocrx_word' id='word_1_132' title='bbox 136 1920 257 1983; x_wconf 77' lang='lat' dir='ltr'>nombre</span> <span class='ocrx_word' id='word_1_133' title='bbox 271 1916 414 1981; x_wconf 77' lang='lat' dir='ltr'>mendose</span> <span class='ocrx_word' id='word_1_134' title='bbox 427 1924 510 1979; x_wconf 87' lang='lat' dir='ltr'>suot.</span> <span class='ocrx_word' id='word_1_135' title='bbox 536 1912 668 1979; x_wconf 80' lang='lat' dir='ltr'>Primum</span> <span class='ocrx_word' id='word_1_136' title='bbox 678 1913 757 1979; x_wconf 84' lang='lat' dir='ltr'>eninr</span> <span class='ocrx_word' id='word_1_137' title='bbox 772 1915 873 2001; x_wconf 87' lang='lat' dir='ltr'>inepte</span> <span class='ocrx_word' id='word_1_138' title='bbox 886 1914 995 1981; x_wconf 79' lang='lat' dir='ltr'>Ateius</span> <span class='ocrx_word' id='word_1_139' title='bbox 1011 1919 1162 2002; x_wconf 76' lang='lat' dir='ltr'>praesidio</span> <span class='ocrx_word' id='word_1_140' title='bbox 1176 1923 1261 1989; x_wconf 83' lang='lat' dir='ltr'>ossi·</span> 
     </span>
     <span class='ocr_line' id='line_1_17' title="bbox 135 2016 1259 2106; baseline 0.006 -21"><span class='ocrx_word' id='word_1_141' title='bbox 135 2021 191 2086; x_wconf 85' lang='lat' dir='ltr'>bus</span> <span class='ocrx_word' id='word_1_142' title='bbox 206 2021 375 2104; x_wconf 79' lang='lat' dir='ltr'>praelectus</span> <span class='ocrx_word' id='word_1_143' title='bbox 391 2037 460 2083; x_wconf 87' lang='lat' dir='ltr'>esse</span> <span class='ocrx_word' id='word_1_144' title='bbox 474 2016 596 2094; x_wconf 87' lang='lat' dir='ltr'>dieitur,</span> <span class='ocrx_word' id='word_1_145' title='bbox 615 2038 683 2083; x_wconf 82' lang='lat' dir='ltr'>esus</span> <span class='ocrx_word' id='word_1_146' title='bbox 696 2017 729 2081; x_wconf 91' lang='lat' dir='ltr'>in</span> <span class='ocrx_word' id='word_1_147' title='bbox 743 2038 804 2082; x_wconf 91' lang='lat' dir='ltr'>uno</span> <span class='ocrx_word' id='word_1_148' title='bbox 818 2018 940 2083; x_wconf 82' lang='lat' dir='ltr'>bomine</span> <span class='ocrx_word' id='word_1_149' title='bbox 954 2020 1066 2085; x_wconf 81' lang='lat' dir='ltr'>nullutn</span> <span class='ocrx_word' id='word_1_150' title='bbox 1082 2023 1176 2106; x_wconf 83' lang='lat' dir='ltr'>possit</span> <span class='ocrx_word' id='word_1_151' title='bbox 1190 2045 1259 2093; x_wconf 83' lang='lat' dir='ltr'>esse</span> 
     </span>
     <span class='ocr_line' id='line_1_18' title="bbox 136 2118 1259 2208; baseline 0.007 -22"><span class='ocrx_word' id='word_1_152' title='bbox 136 2121 330 2208; x_wconf 77' lang='lat' dir='ltr'>praesidium.</span> <span class='ocrx_word' id='word_1_153' title='bbox 353 2118 451 2185; x_wconf 83' lang='lat' dir='ltr'>lieete</span> <span class='ocrx_word' id='word_1_154' title='bbox 466 2119 628 2204; x_wconf 80' lang='lat' dir='ltr'>siugulnris</span> <span class='ocrx_word' id='word_1_155' title='bbox 644 2118 731 2187; x_wconf 90' lang='lat' dir='ltr'>borno</span> <span class='ocrx_word' id='word_1_156' title='bbox 747 2120 910 2205; x_wconf 76' lang='lat' dir='ltr'>praesidio,</span> <span class='ocrx_word' id='word_1_157' title='bbox 927 2132 961 2187; x_wconf 90' lang='lat' dir='ltr'>nt</span> <span class='ocrx_word' id='word_1_158' title='bbox 976 2123 1032 2189; x_wconf 85' lang='lat' dir='ltr'>boe</span> <span class='ocrx_word' id='word_1_159' title='bbox 1048 2136 1127 2200; x_wconf 81' lang='lat' dir='ltr'>uter,</span> <span class='ocrx_word' id='word_1_160' title='bbox 1137 2127 1259 2195; x_wconf 84' lang='lat' dir='ltr'>reliotes</span> 
     </span>
     <span class='ocr_line' id='line_1_19' title="bbox 133 2222 1259 2313; baseline 0.005 -23"><span class='ocrx_word' id='word_1_161' title='bbox 133 2243 205 2290; x_wconf 87' lang='lat' dir='ltr'>esse</span> <span class='ocrx_word' id='word_1_162' title='bbox 217 2224 269 2289; x_wconf 85' lang='lat' dir='ltr'>uel</span> <span class='ocrx_word' id='word_1_163' title='bbox 283 2222 432 2289; x_wconf 76' lang='lat' dir='ltr'>restitisse</span> <span class='ocrx_word' id='word_1_164' title='bbox 446 2222 575 2300; x_wconf 77' lang='lat' dir='ltr'>dioitru,</span> <span class='ocrx_word' id='word_1_165' title='bbox 600 2222 741 2300; x_wconf 79' lang='lat' dir='ltr'>omnino,</span> <span class='ocrx_word' id='word_1_166' title='bbox 764 2243 832 2286; x_wconf 71' lang='grc' dir='ltr'>οιω</span> <span class='ocrx_word' id='word_1_167' title='bbox 853 2222 977 2289; x_wconf 87' lang='lat' dir='ltr'>uerburn</span> <span class='ocrx_word' id='word_1_168' title='bbox 1000 2225 1043 2289; x_wconf 77' lang='lat' dir='ltr'>ite</span> <span class='ocrx_word' id='word_1_169' title='bbox 1056 2240 1259 2313; x_wconf 71' lang='lat' dir='ltr'>conparatum</span> 
     </span>
     <span class='ocr_line' id='line_1_20' title="bbox 136 2322 1259 2409; baseline 0.004 -15"><span class='ocrx_word' id='word_1_170' title='bbox 136 2339 203 2408; x_wconf 89' lang='lat' dir='ltr'>est,</span> <span class='ocrx_word' id='word_1_171' title='bbox 228 2339 262 2392; x_wconf 85' lang='lat' dir='ltr'>nt</span> <span class='ocrx_word' id='word_1_172' title='bbox 275 2327 313 2392; x_wconf 89' lang='lat' dir='ltr'>de</span> <span class='ocrx_word' id='word_1_173' title='bbox 331 2325 475 2391; x_wconf 82' lang='lat' dir='ltr'>militibus</span> <span class='ocrx_word' id='word_1_174' title='bbox 490 2344 606 2408; x_wconf 87' lang='lat' dir='ltr'>quoque</span> <span class='ocrx_word' id='word_1_175' title='bbox 622 2323 690 2408; x_wconf 88' lang='lat' dir='ltr'>poni</span> <span class='ocrx_word' id='word_1_176' title='bbox 706 2325 809 2409; x_wconf 78' lang='lat' dir='ltr'>possit.</span> <span class='ocrx_word' id='word_1_177' title='bbox 849 2322 929 2390; x_wconf 80' lang='lat' dir='ltr'>Tum</span> <span class='ocrx_word' id='word_1_178' title='bbox 943 2325 1024 2391; x_wconf 80' lang='lat' dir='ltr'>euius</span> <span class='ocrx_word' id='word_1_179' title='bbox 1039 2328 1114 2397; x_wconf 89' lang='lat' dir='ltr'>duee</span> <span class='ocrx_word' id='word_1_180' title='bbox 1129 2350 1259 2399; x_wconf 61' lang='lat' dir='ltr'>nonne</span> 
     </span>
     <span class='ocr_line' id='line_1_21' title="bbox 135 2424 1258 2523; baseline 0.004 -28"><span class='ocrx_word' id='word_1_181' title='bbox 135 2442 252 2496; x_wconf 79' lang='lat' dir='ltr'>moreto</span> <span class='ocrx_word' id='word_1_182' title='bbox 278 2428 380 2512; x_wconf 61' lang='lat' dir='ltr'>eopia</span> <span class='ocrx_word' id='word_1_183' title='bbox 408 2448 475 2491; x_wconf 78' lang='lat' dir='ltr'>eun</span> <span class='ocrx_word' id='word_1_184' title='bbox 506 2447 542 2491; x_wconf 91' lang='lat' dir='ltr'>eo</span> <span class='ocrx_word' id='word_1_185' title='bbox 564 2425 658 2491; x_wconf 87' lang='lat' dir='ltr'>luisse</span> <span class='ocrx_word' id='word_1_186' title='bbox 678 2438 785 2510; x_wconf 88' lang='lat' dir='ltr'>sponte</span> <span class='ocrx_word' id='word_1_187' title='bbox 807 2424 1021 2512; x_wconf 76' lang='lat' dir='ltr'>intellegimus.</span> <span class='ocrx_word' id='word_1_188' title='bbox 1058 2427 1258 2523; x_wconf 72' lang='lat' dir='ltr'>Preobeiendi</span> 
     </span>
     <span class='ocr_line' id='line_1_22' title="bbox 132 2527 1257 2603; baseline 0.005 -6"><span class='ocrx_word' id='word_1_189' title='bbox 132 2542 234 2597; x_wconf 82' lang='lat' dir='ltr'>nutem</span> <span class='ocrx_word' id='word_1_190' title='bbox 249 2531 342 2595; x_wconf 87' lang='lat' dir='ltr'>uerbo</span> <span class='ocrx_word' id='word_1_191' title='bbox 357 2530 467 2594; x_wconf 79' lang='lat' dir='ltr'>milites</span> <span class='ocrx_word' id='word_1_192' title='bbox 482 2528 695 2594; x_wconf 83' lang='lat' dir='ltr'>exeluduntur.</span> <span class='ocrx_word' id='word_1_193' title='bbox 716 2527 846 2597; x_wconf 74' lang='lat' dir='ltr'>Accedit</span> <span class='ocrx_word' id='word_1_194' title='bbox 858 2529 920 2595; x_wconf 81' lang='lat' dir='ltr'>elin</span> <span class='ocrx_word' id='word_1_195' title='bbox 933 2551 997 2597; x_wconf 86' lang='lat' dir='ltr'>res.</span> <span class='ocrx_word' id='word_1_196' title='bbox 1018 2529 1100 2599; x_wconf 82' lang='lat' dir='ltr'>Ntnn</span> <span class='ocrx_word' id='word_1_197' title='bbox 1115 2555 1181 2603; x_wconf 79' lang='lat' dir='ltr'>euos</span> <span class='ocrx_word' id='word_1_198' title='bbox 1196 2537 1257 2603; x_wconf 75' lang='lat' dir='ltr'>in</span> 
     </span>
     <span class='ocr_line' id='line_1_23' title="bbox 132 2632 1257 2719; baseline 0.005 -20"><span class='ocrx_word' id='word_1_199' title='bbox 132 2654 225 2719; x_wconf 78' lang='lat' dir='ltr'>suprn</span> <span class='ocrx_word' id='word_1_200' title='bbox 241 2633 383 2699; x_wconf 71' lang='lat' dir='ltr'>cobortes</span> <span class='ocrx_word' id='word_1_201' title='bbox 403 2632 507 2697; x_wconf 86' lang='lat' dir='ltr'>decem</span> <span class='ocrx_word' id='word_1_202' title='bbox 529 2642 560 2696; x_wconf 88' lang='lat' dir='ltr'>et</span> <span class='ocrx_word' id='word_1_203' title='bbox 579 2632 695 2715; x_wconf 87' lang='lat' dir='ltr'>equites</span> <span class='ocrx_word' id='word_1_204' title='bbox 717 2641 872 2697; x_wconf 81' lang='lat' dir='ltr'>trecentos</span> <span class='ocrx_word' id='word_1_205' title='bbox 892 2633 931 2699; x_wconf 86' lang='lat' dir='ltr'>ud</span> <span class='ocrx_word' id='word_1_206' title='bbox 943 2655 1028 2701; x_wconf 76' lang='lat' dir='ltr'>siste</span> <span class='ocrx_word' id='word_1_207' title='bbox 1041 2637 1166 2703; x_wconf 87' lang='lat' dir='ltr'>relietos</span> <span class='ocrx_word' id='word_1_208' title='bbox 1187 2659 1257 2707; x_wconf 82' lang='lat' dir='ltr'>esse</span> 
     </span>
     <span class='ocr_line' id='line_1_24' title="bbox 130 2733 1256 2823; baseline 0.006 -22"><span class='ocrx_word' id='word_1_209' title='bbox 130 2736 314 2802; x_wconf 72' lang='lat' dir='ltr'>sedunum</span> <span class='ocrx_word' id='word_1_210' title='bbox 330 2736 383 2814; x_wconf 87' lang='lat' dir='ltr'>sit,</span> <span class='ocrx_word' id='word_1_211' title='bbox 399 2733 525 2799; x_wconf 79' lang='lat' dir='ltr'>ridicule</span> <span class='ocrx_word' id='word_1_212' title='bbox 540 2733 645 2798; x_wconf 80' lang='lat' dir='ltr'>deiude</span> <span class='ocrx_word' id='word_1_213' title='bbox 659 2734 766 2798; x_wconf 83' lang='lat' dir='ltr'>Atrius</span> <span class='ocrx_word' id='word_1_214' title='bbox 782 2735 908 2801; x_wconf 80' lang='lat' dir='ltr'>nauibus</span> <span class='ocrx_word' id='word_1_215' title='bbox 922 2736 1072 2821; x_wconf 80' lang='lat' dir='ltr'>praesidio</span> <span class='ocrx_word' id='word_1_216' title='bbox 1086 2741 1256 2823; x_wconf 81' lang='lat' dir='ltr'>prseleotns</span> 
     </span>
     <span class='ocr_line' id='line_1_25' title="bbox 130 2836 1256 2924; baseline 0.006 -20"><span class='ocrx_word' id='word_1_217' title='bbox 130 2839 253 2918; x_wconf 83' lang='lat' dir='ltr'>dieitur,</span> <span class='ocrx_word' id='word_1_218' title='bbox 269 2837 355 2924; x_wconf 76' lang='lat' dir='ltr'>qussi</span> <span class='ocrx_word' id='word_1_219' title='bbox 370 2837 443 2903; x_wconf 77' lang='lat' dir='ltr'>been</span> <span class='ocrx_word' id='word_1_220' title='bbox 459 2836 517 2901; x_wconf 90' lang='lat' dir='ltr'>duo</span> <span class='ocrx_word' id='word_1_221' title='bbox 532 2847 636 2900; x_wconf 84' lang='lat' dir='ltr'>essent</span> <span class='ocrx_word' id='word_1_222' title='bbox 649 2837 772 2901; x_wconf 75' lang='lat' dir='ltr'>dinem</span> <span class='ocrx_word' id='word_1_223' title='bbox 785 2838 1002 2921; x_wconf 83' lang='lat' dir='ltr'>praesidiorum</span> <span class='ocrx_word' id='word_1_224' title='bbox 1018 2861 1143 2923; x_wconf 82' lang='lat' dir='ltr'>genere.</span> <span class='ocrx_word' id='word_1_225' title='bbox 1167 2840 1256 2911; x_wconf 76' lang='lat' dir='ltr'>laeuo</span> 
     </span>
     <span class='ocr_line' id='line_1_26' title="bbox 130 2934 1255 3032; baseline 0.006 -25"><span class='ocrx_word' id='word_1_226' title='bbox 130 2941 180 3007; x_wconf 90' lang='lat' dir='ltr'>bio</span> <span class='ocrx_word' id='word_1_227' title='bbox 204 2943 340 3007; x_wconf 80' lang='lat' dir='ltr'>ruendum</span> <span class='ocrx_word' id='word_1_228' title='bbox 363 2949 420 3005; x_wconf 80' lang='lat' dir='ltr'>est.</span> <span class='ocrx_word' id='word_1_229' title='bbox 452 2934 648 3002; x_wconf 80' lang='lat' dir='ltr'>scribendum</span> <span class='ocrx_word' id='word_1_230' title='bbox 664 2950 711 3003; x_wconf 88' lang='lat' dir='ltr'>ost</span> <span class='ocrx_word' id='word_1_231' title='bbox 724 2939 823 3005; x_wconf 84' lang='lat' dir='ltr'>enim:</span> <span class='ocrx_word' id='word_1_232' title='bbox 850 2947 894 3004; x_wconf 86' lang='lat' dir='ltr'>‘et</span> <span class='ocrx_word' id='word_1_233' title='bbox 908 2942 1255 3032; x_wconf 79' lang='lat' dir='ltr'>preesidionsuibusqoe</span> 
     </span>
     <span class='ocr_line' id='line_1_27' title="bbox 131 3039 1255 3130; baseline 0.004 -21"><span class='ocrx_word' id='word_1_234' title='bbox 131 3040 274 3127; x_wconf 77' lang='lat' dir='ltr'>Quintum</span> <span class='ocrx_word' id='word_1_235' title='bbox 296 3044 417 3110; x_wconf 75' lang='lat' dir='ltr'>Atrium</span> <span class='ocrx_word' id='word_1_236' title='bbox 441 3040 609 3127; x_wconf 83' lang='lat' dir='ltr'>preeleeit&#39;.</span> <span class='ocrx_word' id='word_1_237' title='bbox 647 3039 836 3107; x_wconf 77' lang='lat' dir='ltr'>Praesidium</span> <span class='ocrx_word' id='word_1_238' title='bbox 866 3055 915 3108; x_wconf 92' lang='lat' dir='ltr'>est</span> <span class='ocrx_word' id='word_1_239' title='bbox 940 3044 1013 3111; x_wconf 91' lang='lat' dir='ltr'>illud</span> <span class='ocrx_word' id='word_1_240' title='bbox 1033 3046 1128 3130; x_wconf 80' lang='lat' dir='ltr'>ipsunt</span> <span class='ocrx_word' id='word_1_241' title='bbox 1150 3047 1255 3114; x_wconf 80' lang='lat' dir='ltr'>denen</span> 
     </span>
     <span class='ocr_line' id='line_1_28' title="bbox 131 3142 1252 3231; baseline 0.003 -18"><span class='ocrx_word' id='word_1_242' title='bbox 131 3149 296 3214; x_wconf 82' lang='lat' dir='ltr'>cohortium</span> <span class='ocrx_word' id='word_1_243' title='bbox 312 3157 345 3211; x_wconf 90' lang='lat' dir='ltr'>et</span> <span class='ocrx_word' id='word_1_244' title='bbox 359 3144 490 3228; x_wconf 67' lang='lat' dir='ltr'>equitius</span> <span class='ocrx_word' id='word_1_245' title='bbox 504 3154 722 3210; x_wconf 73' lang='lat' dir='ltr'>trecentorum.</span> <span class='ocrx_word' id='word_1_246' title='bbox 746 3142 861 3211; x_wconf 86' lang='lat' dir='ltr'>Eodem</span> <span class='ocrx_word' id='word_1_247' title='bbox 877 3147 965 3211; x_wconf 84' lang='lat' dir='ltr'>modo</span> <span class='ocrx_word' id='word_1_248' title='bbox 977 3147 1044 3213; x_wconf 90' lang='lat' dir='ltr'>bor.</span> <span class='ocrx_word' id='word_1_249' title='bbox 1060 3169 1169 3215; x_wconf 78' lang='lat' dir='ltr'>eoum.</span> <span class='ocrx_word' id='word_1_250' title='bbox 1193 3148 1252 3231; x_wconf 87' lang='lat' dir='ltr'>vl,</span> 
     </span>
     <span class='ocr_line' id='line_1_29' title="bbox 129 3245 1253 3332; baseline 0.004 -17"><span class='ocrx_word' id='word_1_251' title='bbox 129 3249 184 3328; x_wconf 79' lang='lat'>29,</span> <span class='ocrx_word' id='word_1_252' title='bbox 208 3251 228 3315; x_wconf 79' lang='lat' dir='ltr'>l</span> <span class='ocrx_word' id='word_1_253' title='bbox 248 3249 392 3332; x_wconf 83' lang='lat' dir='ltr'>seriptum</span> <span class='ocrx_word' id='word_1_254' title='bbox 415 3259 480 3311; x_wconf 87' lang='lat' dir='ltr'>est:</span> <span class='ocrx_word' id='word_1_255' title='bbox 508 3248 550 3312; x_wconf 90' lang='lat' dir='ltr'>‘ei</span> <span class='ocrx_word' id='word_1_256' title='bbox 570 3248 637 3312; x_wconf 86' lang='lat' dir='ltr'>loeo</span> <span class='ocrx_word' id='word_1_257' title='bbox 653 3247 862 3332; x_wconf 77' lang='lat' dir='ltr'>praesidioque</span> <span class='ocrx_word' id='word_1_258' title='bbox 885 3245 924 3316; x_wconf 86' lang='lat' dir='ltr'>C.</span> <span class='ocrx_word' id='word_1_259' title='bbox 941 3247 1113 3320; x_wconf 72' lang='lat' dir='ltr'>volentium</span> <span class='ocrx_word' id='word_1_260' title='bbox 1130 3252 1253 3320; x_wconf 75' lang='lat' dir='ltr'>Tullo·</span> 
     </span>
     <span class='ocr_line' id='line_1_30' title="bbox 127 3349 531 3433; baseline -0.017 -16"><span class='ocrx_word' id='word_1_261' title='bbox 127 3353 347 3417; x_wconf 75' lang='lat' dir='ltr'>odoleseentenn</span> <span class='ocrx_word' id='word_1_262' title='bbox 364 3349 531 3433; x_wconf 80' lang='lat' dir='ltr'>praeleoit&#39;.</span> 
     </span>
    </p>

    <p class='ocr_par' dir='ltr' id='par_1_4' title="bbox 122 3450 1253 4257">
     <span class='ocr_line' id='line_1_31' title="bbox 213 3450 1253 3523; baseline 0.004 -3"><span class='ocrx_word' id='word_1_263' title='bbox 213 3450 314 3520; x_wconf 63' lang='lat'>012</span> <span class='ocrx_word' id='word_1_264' title='bbox 334 3451 450 3515; x_wconf 79' lang='lat' dir='ltr'>initiunt</span> <span class='ocrx_word' id='word_1_265' title='bbox 470 3451 636 3515; x_wconf 85' lang='lat' dir='ltr'>seeundum</span> <span class='ocrx_word' id='word_1_266' title='bbox 657 3450 744 3515; x_wconf 82' lang='lat' dir='ltr'>codd.</span> <span class='ocrx_word' id='word_1_267' title='bbox 762 3451 806 3517; x_wconf 90' lang='lat' dir='ltr'>itn</span> <span class='ocrx_word' id='word_1_268' title='bbox 820 3452 1011 3520; x_wconf 79' lang='lat' dir='ltr'>scribendum</span> <span class='ocrx_word' id='word_1_269' title='bbox 1026 3467 1091 3520; x_wconf 76' lang='lat' dir='ltr'>ests</span> <span class='ocrx_word' id='word_1_270' title='bbox 1117 3455 1253 3523; x_wconf 75' lang='lat' dir='ltr'>‘Briton-</span> 
     </span>
     <span class='ocr_line' id='line_1_32' title="bbox 128 3551 1253 3644; baseline 0.005 -23"><span class='ocrx_word' id='word_1_271' title='bbox 128 3556 197 3621; x_wconf 79' lang='lat' dir='ltr'>nine</span> <span class='ocrx_word' id='word_1_272' title='bbox 211 3574 282 3640; x_wconf 77' lang='lat' dir='ltr'>pars</span> <span class='ocrx_word' id='word_1_273' title='bbox 296 3551 424 3617; x_wconf 86' lang='lat' dir='ltr'>interior</span> <span class='ocrx_word' id='word_1_274' title='bbox 437 3551 475 3617; x_wconf 89' lang='lat' dir='ltr'>nb</span> <span class='ocrx_word' id='word_1_275' title='bbox 490 3551 528 3617; x_wconf 84' lang='lat' dir='ltr'>iis</span> <span class='ocrx_word' id='word_1_276' title='bbox 543 3551 695 3632; x_wconf 83' lang='lat' dir='ltr'>incolitur,</span> <span class='ocrx_word' id='word_1_277' title='bbox 712 3574 787 3637; x_wconf 81' lang='lat' dir='ltr'>quos</span> <span class='ocrx_word' id='word_1_278' title='bbox 802 3564 890 3620; x_wconf 77' lang='lat' dir='ltr'>ustos</span> <span class='ocrx_word' id='word_1_279' title='bbox 906 3555 937 3619; x_wconf 89' lang='lat' dir='ltr'>in</span> <span class='ocrx_word' id='word_1_280' title='bbox 952 3556 1053 3621; x_wconf 77' lang='lat' dir='ltr'>insede</span> <span class='ocrx_word' id='word_1_281' title='bbox 1067 3559 1125 3644; x_wconf 87' lang='lat' dir='ltr'>ipsi</span> <span class='ocrx_word' id='word_1_282' title='bbox 1140 3580 1253 3627; x_wconf 76' lang='lat' dir='ltr'>noento·</span> 
     </span>
     <span class='ocr_line' id='line_1_33' title="bbox 126 3653 1251 3744; baseline 0.004 -22"><span class='ocrx_word' id='word_1_283' title='bbox 126 3657 172 3722; x_wconf 80' lang='lat' dir='ltr'>rin</span> <span class='ocrx_word' id='word_1_284' title='bbox 188 3656 334 3743; x_wconf 80' lang='lat' dir='ltr'>proditum</span> <span class='ocrx_word' id='word_1_285' title='bbox 349 3654 469 3733; x_wconf 75' lang='lat' dir='ltr'>disum,</span> <span class='ocrx_word' id='word_1_286' title='bbox 486 3653 636 3719; x_wconf 82' lang='lat' dir='ltr'>maritime</span> <span class='ocrx_word' id='word_1_287' title='bbox 651 3676 721 3740; x_wconf 88' lang='lat' dir='ltr'>pnrs</span> <span class='ocrx_word' id='word_1_288' title='bbox 736 3655 773 3719; x_wconf 89' lang='lat' dir='ltr'>nb</span> <span class='ocrx_word' id='word_1_289' title='bbox 789 3655 840 3735; x_wconf 90' lang='lat' dir='ltr'>iis,</span> <span class='ocrx_word' id='word_1_290' title='bbox 855 3656 907 3740; x_wconf 80' lang='lat' dir='ltr'>qui</span> <span class='ocrx_word' id='word_1_291' title='bbox 922 3660 1052 3744; x_wconf 73' lang='lat' dir='ltr'>praedae</span> <span class='ocrx_word' id='word_1_292' title='bbox 1066 3682 1103 3726; x_wconf 81' lang='lat' dir='ltr'>so</span> <span class='ocrx_word' id='word_1_293' title='bbox 1117 3661 1188 3729; x_wconf 91' lang='lat' dir='ltr'>belli</span> <span class='ocrx_word' id='word_1_294' title='bbox 1201 3662 1251 3727; x_wconf 84' lang='lat' dir='ltr'>in·</span> 
     </span>
     <span class='ocr_line' id='line_1_34' title="bbox 125 3753 1250 3842; baseline 0.007 -19"><span class='ocrx_word' id='word_1_295' title='bbox 125 3758 242 3823; x_wconf 81' lang='lat' dir='ltr'>ferendi</span> <span class='ocrx_word' id='word_1_296' title='bbox 258 3777 348 3822; x_wconf 85' lang='lat' dir='ltr'>onusn</span> <span class='ocrx_word' id='word_1_297' title='bbox 363 3775 405 3821; x_wconf 78' lang='lat' dir='ltr'>ex</span> <span class='ocrx_word' id='word_1_298' title='bbox 417 3753 526 3842; x_wconf 74' lang='lat' dir='ltr'>Belgio</span> <span class='ocrx_word' id='word_1_299' title='bbox 541 3758 725 3823; x_wconf 76' lang='lat' dir='ltr'>transierunt</span> <span class='ocrx_word' id='word_1_300' title='bbox 748 3758 811 3842; x_wconf 86' lang='lat' dir='ltr'>(qui</span> <span class='ocrx_word' id='word_1_301' title='bbox 825 3780 931 3825; x_wconf 79' lang='lat' dir='ltr'>omues</span> <span class='ocrx_word' id='word_1_302' title='bbox 946 3763 1010 3828; x_wconf 87' lang='lat' dir='ltr'>lere</span> <span class='ocrx_word' id='word_1_303' title='bbox 1024 3765 1064 3830; x_wconf 90' lang='lat' dir='ltr'>iis</span> <span class='ocrx_word' id='word_1_304' title='bbox 1078 3765 1250 3831; x_wconf 82' lang='lat' dir='ltr'>nominibus</span> 
     </span>
     <span class='ocr_line' id='line_1_35' title="bbox 125 3858 1249 3951; baseline 0.005 -26"><span class='ocrx_word' id='word_1_305' title='bbox 125 3859 280 3925; x_wconf 79' lang='lat' dir='ltr'>ninitntuu</span> <span class='ocrx_word' id='word_1_306' title='bbox 302 3858 509 3942; x_wconf 74' lang='lat' dir='ltr'>appellentur,</span> <span class='ocrx_word' id='word_1_307' title='bbox 533 3860 639 3943; x_wconf 84' lang='lat' dir='ltr'>quibus</span> <span class='ocrx_word' id='word_1_308' title='bbox 660 3863 719 3928; x_wconf 89' lang='lat' dir='ltr'>orti</span> <span class='ocrx_word' id='word_1_309' title='bbox 734 3863 962 3929; x_wconf 81' lang='lat' dir='ltr'>exeirtitntibns</span> <span class='ocrx_word' id='word_1_310' title='bbox 978 3872 1249 3951; x_wconf 76' lang='lat' dir='ltr'>superuenerunt)</span> 
     </span>
     <span class='ocr_line' id='line_1_36' title="bbox 124 3959 1247 4054; baseline 0.004 -25"><span class='ocrx_word' id='word_1_311' title='bbox 124 3973 156 4029; x_wconf 89' lang='lat' dir='ltr'>et</span> <span class='ocrx_word' id='word_1_312' title='bbox 177 3962 256 4028; x_wconf 92' lang='lat' dir='ltr'>bello</span> <span class='ocrx_word' id='word_1_313' title='bbox 276 3961 360 4027; x_wconf 77' lang='lat' dir='ltr'>illato</span> <span class='ocrx_word' id='word_1_314' title='bbox 388 3959 429 4024; x_wconf 92' lang='lat' dir='ltr'>ibi</span> <span class='ocrx_word' id='word_1_315' title='bbox 451 3975 681 4046; x_wconf 79' lang='lat' dir='ltr'>permenserunt</span> <span class='ocrx_word' id='word_1_316' title='bbox 702 3976 793 4050; x_wconf 77' lang='lat' dir='ltr'>etque</span> <span class='ocrx_word' id='word_1_317' title='bbox 820 3986 912 4050; x_wconf 74' lang='lat' dir='ltr'>egros</span> <span class='ocrx_word' id='word_1_318' title='bbox 939 3967 1040 4033; x_wconf 85' lang='lat' dir='ltr'>solere</span> <span class='ocrx_word' id='word_1_319' title='bbox 1060 3971 1247 4054; x_wconf 86' lang='lat' dir='ltr'>eoeperunt’.</span> 
     </span>
     <span class='ocr_line' id='line_1_37' title="bbox 122 4063 1250 4156; baseline 0.006 -25"><span class='ocrx_word' id='word_1_320' title='bbox 122 4064 203 4131; x_wconf 79' lang='lat' dir='ltr'>Nm</span> <span class='ocrx_word' id='word_1_321' title='bbox 221 4063 300 4150; x_wconf 86' lang='lat' dir='ltr'>‘ipsi’</span> <span class='ocrx_word' id='word_1_322' title='bbox 315 4086 376 4129; x_wconf 90' lang='lat' dir='ltr'>non</span> <span class='ocrx_word' id='word_1_323' title='bbox 391 4063 487 4129; x_wconf 87' lang='lat' dir='ltr'>solum</span> <span class='ocrx_word' id='word_1_324' title='bbox 502 4064 533 4128; x_wconf 91' lang='lat' dir='ltr'>iu</span> <span class='ocrx_word' id='word_1_325' title='bbox 547 4064 675 4148; x_wconf 78' lang='lat' dir='ltr'>integris</span> <span class='ocrx_word' id='word_1_326' title='bbox 690 4079 722 4132; x_wconf 87' lang='lat' dir='ltr'>et</span> <span class='ocrx_word' id='word_1_327' title='bbox 735 4069 935 4134; x_wconf 88' lang='lat' dir='ltr'>deterioribus</span> <span class='ocrx_word' id='word_1_328' title='bbox 950 4071 1037 4136; x_wconf 90' lang='lat' dir='ltr'>eodd.</span> <span class='ocrx_word' id='word_1_329' title='bbox 1054 4070 1178 4156; x_wconf 75' lang='lat' dir='ltr'>legitur,</span> <span class='ocrx_word' id='word_1_330' title='bbox 1195 4073 1250 4139; x_wconf 87' lang='lat' dir='ltr'>sed</span> 
     </span>
     <span class='ocr_line' id='line_1_38' title="bbox 123 4165 1245 4257; baseline 0.003 -22"><span class='ocrx_word' id='word_1_331' title='bbox 123 4170 213 4236; x_wconf 80' lang='lat' dir='ltr'>stitus</span> <span class='ocrx_word' id='word_1_332' title='bbox 235 4169 266 4232; x_wconf 89' lang='lat' dir='ltr'>in</span> <span class='ocrx_word' id='word_1_333' title='bbox 287 4165 391 4231; x_wconf 81' lang='lat' dir='ltr'>Hono.</span> <span class='ocrx_word' id='word_1_334' title='bbox 414 4188 475 4250; x_wconf 90' lang='lat' dir='ltr'>pr.,</span> <span class='ocrx_word' id='word_1_335' title='bbox 500 4165 531 4228; x_wconf 86' lang='lat' dir='ltr'>iu</span> <span class='ocrx_word' id='word_1_336' title='bbox 554 4165 676 4249; x_wconf 87' lang='lat' dir='ltr'>reliquis</span> <span class='ocrx_word' id='word_1_337' title='bbox 691 4170 880 4256; x_wconf 77' lang='lat' dir='ltr'>interpolatis</span> <span class='ocrx_word' id='word_1_338' title='bbox 895 4185 943 4238; x_wconf 86' lang='lat' dir='ltr'>est</span> <span class='ocrx_word' id='word_1_339' title='bbox 960 4171 1060 4257; x_wconf 82' lang='lat' dir='ltr'>‘ipse&#39;‚</span> <span class='ocrx_word' id='word_1_340' title='bbox 1086 4183 1120 4236; x_wconf 92' lang='lat' dir='ltr'>ut</span> <span class='ocrx_word' id='word_1_341' title='bbox 1133 4174 1245 4239; x_wconf 85' lang='lat' dir='ltr'>editur.</span> 
     </span>
    </p>
   </div>
   <div class='ocr_carea' id='block_1_4' title="bbox 122 4266 1277 4359">
    <p class='ocr_par' dir='ltr' id='par_1_5' title="bbox 122 4266 1277 4359">
     <span class='ocr_line' id='line_1_39' title="bbox 122 4266 1277 4359; baseline 0.003 -21"><span class='ocrx_word' id='word_1_342' title='bbox 122 4269 184 4359; x_wconf 85' lang='lat' dir='ltr'>Ipsi</span> <span class='ocrx_word' id='word_1_343' title='bbox 198 4268 339 4338; x_wconf 64' lang='lat' dir='ltr'>Bulnnni</span> <span class='ocrx_word' id='word_1_344' title='bbox 353 4270 431 4336; x_wconf 81' lang='lat' dir='ltr'>beno</span> <span class='ocrx_word' id='word_1_345' title='bbox 444 4266 592 4354; x_wconf 65' lang='lat' dir='ltr'>originem</span> <span class='ocrx_word' id='word_1_346' title='bbox 606 4273 750 4338; x_wconf 83' lang='lat' dir='ltr'>uteunoris</span> <span class='ocrx_word' id='word_1_347' title='bbox 765 4274 911 4358; x_wconf 81' lang='lat' dir='ltr'>proditnu</span> <span class='ocrx_word' id='word_1_348' title='bbox 924 4274 1084 4354; x_wconf 81' lang='lat' dir='ltr'>dieebent,</span> <span class='ocrx_word' id='word_1_349' title='bbox 1106 4276 1248 4359; x_wconf 76' lang='lat' dir='ltr'>quemd-</span> <span class='ocrx_word' id='word_1_350' title='bbox 1274 4280 1277 4287; x_wconf 89' lang='lat'>&#39;</span> 
     </span>
    </p>
   </div>
   <div class='ocr_carea' id='block_1_5' title="bbox 0 0 1350 4688">
    <p class='ocr_par' dir='ltr' id='par_1_6' title="bbox 0 0 1350 4688">
     <span class='ocr_line' id='line_1_40' title="bbox 0 0 1350 4688; baseline 0 6"><span class='ocrx_word' id='word_1_351' title='bbox 0 0 1350 4688; x_wconf 95' lang='lat' dir='ltr'> </span> 
     </span>
    </p>
   </div>
  </div>
 </body>
</html>
