2692 4688
460 208 599 279 comm.
616 212 646 279 ll
663 210 757 282 GAP.
776 206 924 283 ts-ae.
1258 210 1320 285 303

127 383 226 449 'teudi
249 404 339 447 eausa
361 394 590 468 processerant,
613 388 804 467 arcessendi,
829 388 908 451 acies
934 388 1127 468 instruenda,
1153 388 1263 453 milites

140 486 337 563 cohortandi,
368 487 486 569 signnm
516 489 654 552 dandum.
703 486 837 571 Quarum
868 511 968 554 rerum
990 512 1126 574 magnam
1150 491 1300 575 partem2

140 590 286 675 temporis
302 588 433 653 brenitas
450 600 479 652 et
496 610 655 654 successus
671 592 799 655 hostium
816 593 997 678 inpediebat.
1040 592 1096 657 llis
1112 592 1300 657 difficalta·3

141 693 224 757 tibus
239 693 316 755 duae
330 712 379 754 res
395 703 482 754 crant
498 693 651 771 subsidio,
675 694 801 758 scientia
825 707 913 777 atque
929 716 1001 759 usus
1016 696 1161 768 militum,
1187 696 1265 781 quod

102 810 118 859 a
142 791 351 879 superioribus
374 794 495 876 procliis
512 797 690 873 exercitati,
715 799 784 881 quid
807 798 871 861 fieri
888 807 1059 882 oporteret,
1083 818 1144 860 non
1165 798 1265 861 minus

139 897 295 961 commode
310 895 367 978 ipsi
383 896 440 958 sibi
456 898 680 979 praescribere,
698 922 782 982 quam
800 900 836 962 ab
853 901 919 963 aliis
937 901 1036 963 doceri
1052 909 1212 983 poterant,
1234 909 1266 964 et

140 999 220 1084 quod
236 999 274 1062 ab
299 1016 390 1081 opere
405 997 591 1082 singulisque
607 1002 774 1084 legionibus
790 1002 924 1085 singulos
939 1001 1055 1086 legatos
1072 997 1189 1065 Caesar
1204 1000 1265 1064 dis·

139 1103 250 1167 eedere
266 1100 324 1164 nisi
340 1100 463 1163 munitis
480 1103 588 1165 castris
609 1114 760 1166 uetuerat.
807 1101 847 1166 lli
869 1114 992 1188 propter
1014 1103 1263 1188 propinquitatem
1279 1100 1302 1165 4

138 1214 173 1269 et
187 1203 373 1267 celeritatem
398 1202 526 1266 hostiurn
549 1205 622 1268 nihil
645 1205 703 1269 iam
720 1200 863 1268 Caesaris
879 1206 1034 1290 imperium
1051 1205 1263 1290 expectabant,

82 1319 118 1373 to
138 1308 194 1372 sed
208 1324 264 1391 per
278 1324 324 1382 se,
341 1324 417 1386 quae
433 1304 622 1385 uidebantur,
640 1307 899 1370 administrabant.
945 1303 1061 1370 Caesar
1082 1305 1263 1370 necessariis
1278 1305 1319 1377 21

138 1408 232 1473 rebus
246 1407 401 1491 imperatis
417 1408 453 1469 ad
470 1409 669 1472 cohortandos
684 1410 807 1486 milites,
825 1431 909 1491 quam
923 1410 952 1472 in
969 1418 1081 1493 partem
1099 1410 1162 1472 lors
1177 1419 1264 1492 optu-

139 1512 189 1589 lit,
206 1510 379 1574 decucurrit
395 1510 474 1574 etad
490 1509 640 1595 legionem
655 1513 805 1575 decumam
822 1511 953 1574 deuenit.
989 1510 1106 1575 Milites
1123 1531 1182 1573 non
1198 1511 1263 1574 lon·
1277 1509 1300 1574 2

141 1613 227 1699 glore
242 1612 381 1676 oratione
397 1612 589 1687 cohortatus,
607 1636 693 1695 quam
708 1616 749 1677 uti
765 1634 838 1677 suae
853 1614 999 1698 pristinae
1013 1614 1135 1676 uirtutis
1150 1633 1262 1677 memo·

140 1715 217 1779 riam
239 1714 410 1778 retinerent
430 1735 489 1777 neu
511 1717 757 1798 perturbarentur
785 1716 885 1780 animo
908 1717 1097 1798 hostiumque
1120 1714 1261 1797 impetum

82 1829 117 1882 15
137 1816 260 1881 fortiter
282 1817 487 1895 sustinerent,
512 1818 588 1899 qnod
604 1838 663 1881 non
679 1820 796 1900 longius
813 1818 915 1881 hostes
931 1818 1075 1893 aberant,
1100 1837 1188 1898 quam
1204 1835 1262 1898 qno
1277 1812 1298 1877 3

138 1917 233 1982 telum
248 1918 325 1982 adici
340 1927 461 2002 posset,
487 1919 592 2002 proelii
615 1921 818 1982 committendi
840 1921 955 2002 signnm
979 1918 1070 1982 dedit.
1116 1917 1216 1999 Atque
1230 1917 1299 1981 inl

140 2020 270 2084 alteram
283 2030 396 2102 partem
419 2021 490 2083 item
513 2022 689 2083 cohortandi
706 2042 796 2083 causa
819 2023 972 2104 prolectas
993 2018 1195 2104 pugnantibus
1210 2040 1261 2082 oc-

144 2120 254 2184 currit.
299 2118 456 2205 Temporis
471 2132 554 2185 tauta
572 2123 627 2185 tuit
643 2123 794 2205 exiguitas
810 2123 996 2204 hostiumque
1013 2132 1071 2184 tam
1088 2131 1207 2205 paratos
1224 2122 1260 2183 ad
1277 2117 1297 2183 5

141 2220 343 2286 dimicandum
357 2224 485 2298 animus,
502 2236 536 2287 ut
551 2246 611 2287 non
628 2226 714 2288 modo
730 2226 766 2286 ad
781 2224 912 2309 iusignia
928 2221 1190 2298 adcommodanda,
1209 2222 1263 2286 sed

78 2336 117 2390 20
138 2323 232 2389 etiam
246 2323 284 2388 ad
298 2324 401 2411 galeas
417 2326 581 2390 induendas
597 2329 750 2410 scutisque
767 2327 928 2410 tegimenta
945 2321 1126 2387 detrudeuda
1146 2332 1263 2406 tempus

141 2426 280 2491 deluerit.
312 2422 412 2508 Quam
428 2429 556 2516 quisque
571 2430 607 2493 ab
623 2450 714 2514 opero
729 2429 760 2492 in
777 2438 891 2514 partem
907 2448 978 2490 casu
994 2425 1116 2490 deuenit
1130 2420 1300 2507 quaequed

140 2528 236 2614 prima
250 2529 339 2612 signa
354 2531 532 2614 conspexit,
556 2533 592 2595 ad
616 2532 688 2595 haec
712 2532 866 2609 constitit,
891 2552 928 2594 ne
950 2530 980 2592 iu
1004 2528 1184 2611 quaerendis
1200 2526 1263 2591 auis

139 2632 293 2717 pugnandi
309 2640 425 2714 tempus
442 2632 617 2697 dimitteret.
641 2632 793 2697 Instructo
809 2634 958 2708 exercitu,
976 2633 1070 2714 magis
1087 2641 1120 2693 ut
1134 2630 1192 2693 loci
1208 2648 1261 2693 na·
1276 2627 1321 2699 22

139 2744 208 2797 tura
224 2733 418 2816 deiectusque
434 2734 519 2798 collis
535 2747 564 2798 et
581 2737 746 2799 necessitas
764 2736 924 2818 temporis,
942 2754 1028 2817 quam
1044 2733 1138 2793 atrei
1153 2730 1263 2794 milita·

86 2846 118 2897 tt
137 2834 182 2899 m's
195 2835 275 2899 ratio
290 2844 381 2917 atque
396 2837 470 2899 ordo
486 2836 672 2919 postulabat,
698 2859 764 2900 cum
788 2837 914 2901 diuersis
930 2833 1098 2919 legionibus
1114 2830 1190 2893 aliae
1205 2830 1264 2894 alia

140 2937 172 3001 in
187 2948 273 3022 parte
288 2937 423 3001 hostibus
438 2939 628 3017 resisterent,
646 2939 824 3023 sepibusque
840 2936 1046 3016 densissimis,
1069 2943 1102 2996 ut
1123 2941 1195 2995 ante
1210 2931 1262 2996 de·

252 3117 262 3170 l
279 3119 442 3170 arcessiendi
453 3121 488 3171 Β.
609 3119 750 3185 2sisou1n]
765 3120 826 3170 tnba
840 3118 902 3170 add.
919 3118 945 3169 el.
1051 3116 1223 3180 Stemporun
1236 3115 1261 3166 h.

249 3210 390 3247 successus
401 3197 428 3247 A
439 3197 482 3262 (a‘s
492 3210 531 3248 es.
547 3211 593 3261 pr.
608 3196 766 3259 subcessus)
779 3195 881 3260 aba,
902 3196 1022 3245 incursus
1036 3191 1108 3257 bes,·
1128 3194 1158 3241 s'e
1171 3190 1196 3242 B
1207 3207 1260 3244 sse.

140 3288 176 3323 as.
191 3278 217 3323 et
229 3268 351 3323 iuenrsus
365 3277 569 3339 suprascripsit.
656 3273 807 3340 inpediebat
818 3274 851 3324 Β.
948 3273 962 3324 b
976 3271 1149 3337 expectabant
1161 3270 1261 3336 aab,

142 3349 330 3419 exspectabant
343 3348 455 3416 (Aldla
462 3368 472 3413 ,·
486 3349 639 3416 spectabant
653 3350 698 3414 bs.
805 3350 837 3401 tu
851 3349 1009 3399 necessariis
1021 3362 1104 3413 supra
1118 3363 1202 3412 asera„
1216 3347 1265 3397 sed

139 3442 177 3479 sss.
188 3442 245 3496 pr„
260 3427 294 3479 B.
431 3427 461 3479 ll
477 3428 531 3477 lors
545 3427 570 3477 A
577 3427 623 3491 (B)
634 3427 743 3490 CDOE)
751 3446 760 3489 ‚·
773 3443 831 3478 sors
845 3429 886 3493 es.
1014 3423 1108 3491 optulit
1119 3424 1153 3474 B.

251 3506 285 3562 12
299 3505 449 3557 decucurrit
462 3506 487 3556 A
497 3506 543 3571 (Β)
554 3506 576 3556 G
583 3504 646 3570 (Β),
668 3506 785 3555 decurrit
797 3508 827 3572 s.
1003 3503 1136 3552 decumam
1148 3501 1173 3551 Β
1188 3505 1215 3551 et
1225 3515 1263 3552 aa.

136 3596 184 3651 pr.
197 3582 264 3635 ΑΒ.
430 3583 462 3635 13
475 3583 627 3633 cohortatus
646 3582 736 3633 ABD
747 3583 792 3648 (Β)
807 3588 879 3633 ‘msa
895 3580 945 3645 ll',
959 3586 1001 3631 est
1013 3580 1164 3631 cohortatus
1180 3579 1270 3647 Otos

140 3665 214 3711 star.
225 3672 280 3710 aas.
295 3659 328 3711 B.
434 3660 465 3711 15
480 3674 555 3727 quam
569 3659 635 3725 quod
649 3659 727 3709 telum
742 3659 768 3709 d.
887 3658 918 3710 lb
931 3657 1012 3722 (adici
1026 3661 1139 3722 praeter
1150 3656 1174 3707 B
1186 3657 1261 3709 ‘mse

139 3738 182 3799 θ’)
201 3738 272 3803 adiel
293 3738 325 3800 el,
345 3738 414 3790 abiel
428 3738 453 3789 b.
593 3737 626 3789 17
639 3736 730 3803 causa]
752 3737 847 3801 ‘gratia
863 3736 1017 3802 Osuprase.
1032 3732 1131 3784 cansa'.

139 3814 257 3865 assumit
268 3828 322 3864 om.
336 3813 371 3864 A.
460 3813 493 3865 ts
505 3812 724 3863 adcommodandae
740 3828 776 3863 m.
786 3829 832 3879 pr.
848 3812 881 3862 Β.
957 3810 991 3865 20
1004 3810 1164 3861 inducendas
1176 3811 1266 3867 ABG

140 3893 273 3959 limes.
344 3898 527 3959 scotorumque
539 3906 662 3957 suprasc.
678 3894 706 3941 iu
714 3893 748 3941 A.
813 3888 973 3942 detrudendo
984 3888 1039 3940 AB
1052 3886 1161 3950 ‘baldufi
1177 3889 1264 3941 datra-

139 3968 226 4021 bsuda
245 3968 317 4037 (dds)
329 3968 566 4035 reliqar'plers'que
579 3973 608 4018 at
618 3984 654 4018 m.
669 3983 721 4017 sec.
734 3970 768 4022 B.
846 3967 876 4020 21
892 3965 924 4015 ab
938 3980 1015 4033 opere
1028 3965 1053 4015 iu
1067 3973 1166 4032 partem
1179 3967 1266 4020 Aac

140 4046 253 4115 Mas,
267 4046 293 4096 lu
307 4054 406 4114 partem
420 4047 452 4097 ab
466 4060 544 4112 opere
561 4061 590 4096 a.
668 4060 769 4113 quaque
779 4047 804 4095 b.
886 4046 920 4099 22
933 4046 1096 4114 signaprimn
1107 4047 1120 4095 b
1130 4063 1153 4096 e.

139 4139 173 4176 se
185 4124 212 4175 ln
222 4122 372 4191 quaerendo
386 4138 446 4173 suos
459 4139 483 4186 c,
498 4136 529 4171 ue
542 4122 696 4188 inquirendo
710 4137 771 4173 snos
780 4124 793 4172 b
802 4123 846 4187 ss.
987 4124 1020 4175 21
1034 4122 1235 4189 delectusqueA
1241 4122 1266 4170 Β

143 4200 199 4253 01)
210 4202 282 4252 aba.
370 4198 404 4253 25
418 4198 530 4248 diuersis
543 4198 689 4262 legionibus
703 4201 728 4251 A
735 4201 758 4251 B
767 4201 789 4251 C
795 4201 866 4250 Dba
878 4215 968 4251 omnes
982 4199 1266 4263 Schneidara'praster

143 4292 228 4330 mans
240 4276 315 4341 doh,
334 4275 447 4327 dluersis
461 4274 526 4327 locls
539 4275 654 4339 legiones
667 4291 694 4327 as.
788 4275 821 4331 ab
836 4274 1001 4343 sepibusque]
1016 4275 1185 4338 sentibusque
1201 4272 1232 4321 C.
