2692 4688
42 194 108 265 aaa
440 185 499 259 lili
520 187 666 259 tutto
689 188 882 260 Gattlco

103 368 148 435 illi
162 364 312 431 bominum
335 354 441 448 generi
466 373 514 427 est
528 364 651 442 innata,
669 373 702 427 nt
716 363 812 429 lenem
828 362 1010 429 auditionem
1026 363 1157 430 babeant
1171 387 1226 450 pro

69 472 140 539 bre
154 478 309 552 nonperta.
341 463 428 529 Bona
450 466 560 530 oinium
574 464 779 530 Romanorum
796 467 956 551 diripiunt,
973 467 1082 531 eaedes
1097 468 1225 547 lneiuut,

68 574 137 639 tin
151 571 327 638 seruitutem
342 567 529 632 abstrahunt.
561 567 695 633 Adiuuat
713 590 776 633 rem
792 570 989 654 proclinatam
1005 567 1227 635 Conuietolita·

105 675 154 741 nis
169 672 345 759 plebemque
360 670 397 735 ad
412 671 543 735 iurarem
558 670 693 755 inpellit,
720 680 754 734 ut
768 671 900 737 laoiuore
916 671 1046 737 admisso
1061 673 1099 736 ad
1114 673 1229 737 sanita·

69 775 90 844 b
106 788 167 841 tana
180 773 295 839 reuerti
310 772 430 857 pudeat.
460 770 600 837 Marcum
615 773 775 853 Aristium,
792 774 944 837 tribunum
959 774 1098 853 militum,
1115 775 1176 841 iter
1189 776 1227 841 ad
1249 788 1265 839 t

106 879 255 963 legionem
279 876 437 940 laniantem
459 875 516 939 bde
539 876 609 940 data
625 896 666 939 ex
681 876 786 960 oppido
803 872 962 941 Cabillono
978 878 1126 942 eduouuta
1149 877 1230 943 idem

71 980 208 1049 liiaeere
223 988 338 1063 eognnt
351 998 416 1055 eos,
434 979 484 1061 qai
500 978 670 1062 negotiandi
685 998 778 1041 eausa
791 978 832 1043 ibi
848 981 1057 1044 constiterant.
1081 979 1145 1045 llos
1156 1000 1231 1045 eon·

108 1085 193 1151 tinuo
207 1083 240 1146 in
254 1081 363 1146 itinere
378 1080 476 1146 adorti
491 1080 627 1145 omnibns
642 1080 860 1163 impedimentis
873 1093 1008 1161 exuuntp
1025 1093 1230 1168 repugnantes

109 1188 187 1251 diem
209 1196 385 1266 noctemque
410 1183 567 1264 obsident,
600 1182 701 1247 multis
725 1183 874 1266 utrimque
895 1184 1064 1250 interiectis
1086 1185 1231 1249 maiorem

54 1290 100 1367 48
112 1288 333 1355 multitudinem
348 1298 529 1351 armatarum
546 1286 709 1350 concitant.
747 1281 872 1350 Interim
887 1286 993 1351 nuntio
1008 1287 1111 1364 allato,
1127 1306 1232 1351 omnes
1256 1296 1289 1351 tt

111 1412 215 1458 eorum
231 1389 342 1453 milites
356 1388 387 1452 in
404 1399 553 1473 potestate
569 1385 713 1453 Caesaris
729 1388 845 1467 teneri,
870 1400 1055 1453 oononrrunt
1069 1389 1107 1454 ad
1120 1388 1233 1453 Aristi·

74 1494 181 1572 bum,
205 1490 279 1556 nibil
300 1490 418 1575 publiea
442 1492 550 1555 iaetum
566 1491 693 1555 oonsilio
716 1492 941 1571 demonstrant3
965 1491 1171 1574 quaestionem
1194 1490 1232 1555 de

112 1596 199 1661 bonis
215 1593 340 1678 direptis
355 1592 539 1671 deoeruunt,
563 1590 694 1657 Litauiei
710 1594 893 1676 fratrumque
908 1594 985 1658 bona
1002 1593 1172 1679 publicant,
1189 1594 1232 1658 le·

77 1697 198 1785 bgntos
213 1697 251 1761 ad
267 1693 429 1760 Caesarem
445 1695 493 1758 sui
509 1696 651 1780 purgandi
667 1696 764 1780 gratia
778 1696 908 1760 mittunt.
948 1695 1034 1761 liaeo
1056 1697 1171 1762 laniunt
1182 1715 1233 1760 re·

113 1799 588 1886 uiperaudorumauorumeausa3
605 1799 658 1862 sed
667 1800 859 1864 contaminati
876 1799 1010 1863 laoinore
1025 1810 1057 1863 et
1069 1798 1148 1883 eapti
1162 1818 1235 1862 eon·
1259 1807 1292 1862 ta

114 1902 221 1988 pendia
238 1922 278 1966 ex
294 1900 416 1984 direptis
430 1899 529 1979 bouis,
548 1901 625 1983 quod
641 1921 677 1966 ea
691 1922 742 1965 res
757 1902 794 1966 ad
809 1902 918 1966 multos
929 1900 1108 1986 pertinebat,
1124 1899 1234 1965 timore

115 2024 230 2090 poenae
245 2001 384 2067 exterriti
400 2002 525 2067 consilia
540 2002 616 2067 olam
633 2004 669 2068 de
684 2003 762 2067 bello
777 2003 855 2068 inire
878 2004 1024 2087 incipiunt
1040 2003 1236 2087 ciuitatesque

78 2106 246 2190 ireliquas
267 2104 466 2190 legationibus
488 2104 663 2171 sollicitant.
701 2102 790 2188 Quae
811 2107 932 2170 tametsi
947 2102 1066 2171 Caesar
1078 2105 1237 2188 intellege-

112 2209 176 2289 bat,
194 2220 295 2273 tamen
309 2228 397 2291 quam
411 2207 568 2272 mitissime
583 2219 684 2292 potest
697 2209 814 2292 legatos
823 2209 968 2293 appellate
985 2209 1058 2272 nibil
1073 2215 1238 2291 seproptar

114 2312 303 2377 inseieutiam
326 2310 538 2393 lenitatemque
559 2311 641 2396 uulgi
667 2312 790 2394 granius
806 2311 842 2376 de
856 2310 978 2375 ciuitate
992 2310 1125 2375 iudicare
1140 2328 1238 2391 neque
1259 2317 1294 2371 2⁰

80 2412 102 2479 b
116 2413 153 2479 de
167 2435 222 2479 sua
237 2415 268 2478 iu
286 2410 428 2477 llaeduoa
442 2412 653 2477 beneuolentia
668 2414 853 2479 deminuere.
884 2411 954 2498 lpse
968 2415 1111 2478 maiorem
1120 2408 1238 2477 Galliae

115 2524 415 2597 motumexpeotans‚
432 2514 661 2580 neabomuibns
675 2516 846 2581 ciuitatibus
861 2516 1150 2592 oiroumsiateretur,
1167 2534 1238 2578 oon·

116 2616 185 2683 ailia
211 2615 324 2695 inibat,
358 2617 603 2700 quemadmodum
636 2618 673 2681 ab
700 2617 853 2703 Gergouia
878 2618 1046 2683 diseederet
1069 2636 1105 2679 ao
1129 2633 1237 2679 rursus

118 2739 237 2785 omnem
253 2719 420 2785 exereitum
435 2720 648 2796 contraheret,
672 2740 711 2784 ne
733 2721 880 2806 protentio
896 2730 967 2784 nata
979 2718 1018 2783 ab
1032 2718 1141 2783 timore
1155 2716 1238 2781 dele·

59 2820 107 2893 44
121 2822 229 2887 odonis
245 2820 349 2886 similis
365 2822 453 2905 fugae
470 2822 635 2887 uideretur.
675 2822 759 2887 llaec
780 2823 926 2908 cogitanti
948 2821 1086 2887 accidere
1106 2820 1174 2885 uisa
1194 2828 1243 2885 est
1261 2828 1296 2881 ta

227 2954 239 3006 l
254 2952 359 3019 generis
372 2952 405 3005 Β.
510 2953 624 3007 babeant
636 2970 675 3007 aa
689 2954 820 3020 ‘rabqnt',
835 2955 933 3006 babent
944 2952 1040 3006 ΒθΒ.
1150 2951 1167 3004 2
1179 2965 1240 3001 eon·

117 3038 194 3099 perta
204 3030 238 3084 B.
343 3030 359 3082 3
372 3028 522 3082 inclinatam
536 3031 599 3081 bed
606 3049 630 3083 e.
722 3031 940 3084 Conuictolitauis
952 3046 971 3083 ιι
983 3035 1011 3083 at
1021 3044 1082 3081 euna
1094 3044 1112 3079 n
1123 3040 1205 3094 saper
1217 3026 1240 3077 la

117 3127 172 3164 aaa.
184 3126 221 3161 ιιι.
233 3113 326 3177 posita
337 3109 361 3160 B
373 3114 479 3161 terente
491 3109 524 3161 de
536 3125 552 3160 n
565 3110 681 3162 ultimae
693 3111 832 3180 Beperla'o.
979 3107 1108 3176 lpleben
1121 3105 1155 3156 ad
1168 3103 1241 3156 lano-

119 3202 174 3239 rem
188 3186 214 3237 b.
317 3185 422 3254 inpellit
432 3186 466 3237 B.
571 3187 899 3238 aalanitatemanteeorr.
914 3186 948 3237 B.
1055 3182 1182 3236 irenerti
1195 3196 1241 3250 pn-

118 3266 184 3317 deat
194 3264 218 3315 B
230 3268 260 3314 ae
269 3264 379 3330 reliqui,
394 3264 489 3332 pudeat
502 3266 598 3318 reuerti
612 3265 671 3331 b(e)
681 3267 744 3317 ‘atie‘
750 3267 767 3316 '.
879 3265 994 3318 llarentn
1006 3265 1039 3328 Β,
1054 3263 1090 3317 Ι.
1104 3279 1132 3316 aa.

120 3342 138 3395 0
150 3341 201 3393 lide
214 3341 277 3391 data
288 3340 312 3391 B
325 3345 352 3391 et
363 3340 472 3407 reliqui,
487 3343 549 3394 data
561 3343 611 3394 ide
623 3340 682 3406 blo)
694 3338 779 3393 ‘nlti’.
930 3341 1067 3393 Cauillono
1081 3342 1105 3393 Β
1117 3342 1192 3393 ‘arra
1206 3339 1242 3391 ad

118 3432 203 3469 ιιιιιιιιι
215 3414 324 3467 omaea'.
428 3418 445 3470 0
458 3418 484 3469 in
497 3434 551 3470 om.
565 3419 610 3470 Ba
624 3419 698 3471 ‘maa
708 3418 849 3484 piarimt’.
968 3418 1127 3485 iutrimque
1140 3418 1172 3480 B,
1187 3430 1240 3467 aoa

119 3496 254 3563 utrinqne.
360 3492 392 3545 10
405 3495 744 3560 armatorumB‘reb'pni',
759 3496 791 3546 ad
805 3493 982 3547 armabode.
1093 3494 1126 3547 12
1138 3493 1240 3561 nibiliu

120 3571 261 3641 publicae.
367 3571 530 3636 questionem
542 3571 576 3622 Β.
682 3571 853 3623 libitauieei
867 3573 901 3623 Β.
1013 3571 1190 3634 fratrumque
1202 3584 1239 3619 aa.

117 3663 165 3717 pr.
173 3647 206 3712 Β,
222 3645 268 3697 ‘lr.
282 3645 339 3697 eiua
352 3644 386 3695 b'.
494 3646 525 3700 tt
539 3646 767 3714 reciperandorum
780 3665 841 3700 eum
852 3664 869 3699 n
881 3663 965 3714 anper
975 3648 985 3699 i
996 3661 1095 3699 aenae.
1107 3644 1239 3711 poeitoB.

233 3722 263 3775 ta
277 3722 421 3789 conpendio
434 3722 467 3773 B.
557 3724 589 3777 10
603 3724 694 3776 timore
707 3724 731 3775 Β
745 3725 879 3791 ‘reliqai’‚
894 3733 922 3777 et
933 3725 1026 3777 timore
1040 3720 1134 3773 bede.

124 3803 157 3858 ll
169 3801 261 3855 extriti
275 3800 307 3854 C.
448 3802 571 3854 eiuitatea
583 3803 699 3869 reliquas
712 3804 748 3855 Β.
879 3806 913 3858 20
925 3803 1055 3855 inanitiam
1068 3809 1096 3852 et
1108 3800 1242 3853 lenitatem

122 3885 197 3949 uulgi
211 3885 237 3937 b.
359 3881 389 3935 21
406 3881 509 3932 Aeduos
522 3883 591 3947 (ΒΝ
695 3883 877 3936 beneuolentia
891 3884 947 3951 (B),
960 3881 1138 3934 beniuolentia
1152 3881 1246 3946 ‘pteri-

122 3963 195 4031 μα’.
301 3959 451 4011 deminuere
463 3961 496 4024 Β,
512 3961 654 4011 diminuere
669 3960 820 4027 ‘plerique'.
924 3961 1059 4027 maiorem]
1073 3958 1166 4011 deinde
1178 3958 1242 4009 add.

123 4043 162 4095 Β.
266 4038 299 4091 22
312 4043 454 4103 expectans
466 4039 499 4089 B.
617 4040 1051 4093 ciuitatitnaom.oAaa.Oeea.
1167 4039 1201 4091 23
1215 4040 1246 4090 ab

123 4115 257 4183 Ger-gerula
270 4114 304 4176 A,
319 4112 352 4163 ad
365 4111 520 4178 Gergouiam
534 4116 576 4178 Β,·
590 4130 606 4166 a
619 4115 749 4180 Gergouia
762 4117 786 4168 Β
798 4118 962 4183 reliquique.
1103 4133 1205 4169 rursum
1221 4118 1246 4168 b.

121 4206 124 4211 ·
232 4191 267 4246 tl
280 4189 436 4241 contrahere
449 4191 482 4242 B.
616 4193 648 4242 ab
662 4194 753 4245 timore
765 4193 812 4259 (B)
827 4197 901 4244 ‘maa
920 4195 949 4245 10
962 4192 1104 4257 maltorea',
1120 4211 1173 4249 aon
1187 4210 1202 4247 a
1217 4195 1248 4247 ti·

125 4286 207 4324 more.
315 4266 347 4321 25
361 4266 505 4334 aimilisque
521 4267 596 4334 lupae
610 4284 623 4318 e
638 4268 726 4319 Onon.
832 4268 963 4335 cogitandi
976 4285 1013 4321 aa.
1023 4285 1069 4335 pr.
1083 4272 1118 4323 Β.
