2692 4688
60 190 125 262 768
574 185 786 255 CAESARIS

119 385 166 431 me
181 363 315 438 abesses,
331 359 516 444 potissimum
532 380 632 422 secum
649 381 717 424 esse
731 360 873 439 laetarer,
884 359 1100 428 incredibiliter
1114 365 1248 433 delecta·

120 477 202 532 runt.
224 465 264 528 2:
282 459 375 527 Modo
391 461 463 524 mibi
478 460 546 524 date
555 458 756 541 Britanniam,
767 484 854 545 quam
870 463 988 547 pingam
1004 464 1159 533 coloribus
1175 474 1247 551 tuis,

119 566 259 655 penicillo
276 584 353 627 meo.
387 559 447 627 Sed
463 564 531 645 quid
548 565 626 648 agol
653 561 743 646 Quod
757 565 829 628 mibi
844 575 961 649 tempus
977 565 1094 633 llomae
1109 592 1249 654 praeser-

121 673 192 747 tim,
210 680 242 732 ut
256 668 315 730 iste
331 686 377 729 me
393 676 493 748 rogat,
511 667 642 729 manenti
659 688 783 731 uacuum
800 668 993 733 ostenditur?
1015 670 1054 735 32
1070 669 1250 741 Trebatium

123 773 200 858 quod
215 770 251 834 ad
267 790 301 832 se
317 767 462 845 miserim,
479 769 613 851 persalse
628 778 659 832 et
673 768 842 834 humaniter
855 771 944 834 etiam
959 774 1072 854 gratias
1085 776 1157 840 mibi
1170 779 1247 862 agit.
1271 794 1287 844 t

122 873 226 957 Negat
241 871 320 934 enim
335 870 365 932 in
382 879 465 933 tanta
481 869 669 935 multitudine
686 891 801 950 eorum,
816 873 865 955 qui
876 894 935 938 une
946 886 1062 953 esseut,
1072 896 1252 961 quemque·

122 978 228 1052 fuisse,
245 974 294 1056 qui
311 972 511 1036 uadimonium
528 974 685 1056 concipere
701 984 813 1057 posset.

213 1073 281 1138 Cic.
300 1075 344 1136 od
357 1073 444 1136 Fam.
465 1073 536 1138 Vll
545 1122 553 1152 ,
571 1074 610 1153 8,
630 1073 667 1138 1:
693 1074 822 1160 Scripsit
840 1077 876 1140 ad
892 1098 940 1141 mc
957 1073 1075 1141 Caesar
1090 1081 1255 1163 perbuma·

126 1181 205 1245 niter
226 1177 355 1240 nondum
380 1188 409 1240 te
433 1176 489 1239 sibi
511 1176 585 1240 satis
607 1197 676 1241 esse
699 1178 874 1243 familiarem
901 1191 1022 1265 propter
1038 1186 1254 1268 occupationes

127 1303 209 1360 suas,
231 1279 282 1344 sed
299 1289 382 1343 certe
399 1280 476 1342 lore.
1279 1297 1309 1351 ιο

210 1383 297 1447 Idcrn
313 1381 390 1444 ibid.
409 1380 468 1458 17,
485 1379 523 1443 2:
550 1377 627 1445 Cum
651 1381 782 1445 uiderem
805 1402 853 1445 me
868 1403 886 1446 a
902 1380 1034 1447 Caesare
1050 1384 1255 1451 bonorificen-

126 1486 241 1551 tissime
264 1483 386 1545 traotari
409 1493 441 1546 et
462 1483 551 1546 unice
567 1482 648 1566 diligi
665 1483 852 1568 hominisque
866 1484 1073 1549 liberalitatem
1090 1486 1255 1551 incredibi-

127 1587 183 1650 lem
200 1596 231 1648 et
245 1583 426 1665 singularem
444 1585 529 1646 lidern
547 1605 687 1662 nossem,
712 1586 757 1648 sic
773 1586 800 1648 ei
816 1595 844 1647 te
859 1587 1060 1649 commendaui
1075 1599 1108 1650 et
1124 1589 1251 1668 tradidi,

126 1699 160 1752 ut
181 1686 359 1772 grauissime
381 1685 666 1769 diligentissimeque
689 1688 783 1769 potui.
813 1682 898 1766 Quod
915 1685 964 1749 ille
981 1686 1022 1747 ita
1037 1696 1066 1747 et
1080 1689 1200 1769 accepit
1216 1702 1252 1753 et

126 1790 199 1854 mibi
221 1809 311 1871 saepe
333 1788 440 1852 litteris
463 1788 643 1871 significauit
665 1800 696 1850 et
711 1789 764 1852 tibi
781 1800 811 1852 et
827 1789 926 1854 uerbis
941 1799 972 1853 et
985 1809 1019 1853 re
1033 1788 1164 1853 ostendit
1179 1808 1250 1853 mea
1278 1804 1308 1857 tt

126 1890 385 1958 commendatione
401 1911 469 1954 seso
486 1890 572 1954 ualde
588 1911 657 1954 esse
672 1903 863 1955 commotum.

212 1993 298 2056 Idem
314 1993 387 2056 ibid.
407 1992 436 2071 l,
453 1990 487 2066 9,
504 1991 565 2056 19:
598 1990 645 2057 De
660 1992 784 2059 Vatinio
800 1994 925 2079 primum
941 1995 1056 2059 reditus
1070 1993 1253 2060 intercesse-

126 2108 176 2162 rat
197 2097 227 2159 iu
249 2094 376 2178 gratiam
400 2116 453 2180 per
466 2093 661 2179 Pompeium,
684 2097 785 2161 statim
809 2108 843 2160 ut
863 2097 915 2161 ille
937 2107 1057 2181 praetor
1077 2107 1124 2160 est
1138 2097 1249 2160 lactus.

127 2198 202 2266 Post
215 2208 314 2263 autern
327 2195 482 2276 Caesaris,
500 2210 533 2261 ut
547 2198 628 2261 illum
644 2199 846 2276 defenderem,
860 2199 936 2263 mira
952 2199 1105 2264 contentio
1120 2207 1167 2262 est
1177 2219 1252 2262 ccu-

127 2314 240 2369 secuta.
1274 2311 1307 2365 tt

214 2407 280 2472 Cic.
300 2404 344 2468 od
361 2405 398 2486 (l.
406 2404 461 2488 fr.
481 2403 522 2465 11
529 2449 537 2481 ,
556 2402 615 2481 16,
633 2400 673 2466 52
706 2397 766 2466 Sed
782 2403 856 2467 heus
872 2414 924 2481 tn,
948 2405 1038 2468 celari
1055 2405 1158 2467 uideor
1173 2425 1192 2466 a
1207 2415 1249 2468 te.

127 2505 372 2589 Quomodouam,
399 2507 438 2568 mi
455 2507 567 2584 frater,
594 2507 631 2569 de
648 2505 761 2568 nostris
778 2506 916 2569 uersibus
932 2503 1070 2570 Caesari
1093 2504 1175 2569 Nam
1190 2507 1252 2589 pri·

126 2633 206 2677 mum
228 2608 334 2672 librum
358 2608 517 2689 selegisse
533 2608 654 2692 scripsit
668 2609 704 2670 ad
722 2629 767 2670 mo
783 2618 851 2670 ante
867 2618 898 2670 et
913 2608 1007 2689 prima
1023 2609 1086 2685 sic,
1111 2619 1144 2669 ut
1161 2619 1254 2691 neget

127 2736 160 2778 se
176 2734 223 2796 ,ne
239 2709 358 2775 Graeca
381 2711 497 2792 quidem
514 2712 639 2774 meliora
655 2711 786 2793 legisse,
810 2708 922 2789 reliqua
939 2708 975 2769 ad
990 2707 1134 2787 quendam
1152 2709 1252 2773 locum

127 2811 360 2906 ῥᾳθυμότερα.
385 2813 452 2875 Ηοο
468 2813 546 2877 enirn
562 2814 656 2875 utitur
671 2811 774 2874 uerbo.
1274 2820 1303 2873 tt

212 2918 298 2981 Idem
315 2916 389 2978 ittet.
408 2916 462 2978 III
472 2960 480 2988 ,
500 2914 536 2991 1,
556 2914 616 2978 1οι
640 2912 688 2977 De
703 2911 851 2974 tribunatu
866 2911 942 2992 quod
958 2910 1084 2985 scribis,
1101 2932 1161 2995 ego
1178 2933 1254 2976 uere

127 3019 300 3081 nominatim
317 3019 410 3101 petiui
424 3014 543 3094 Curtio,
561 3028 592 3079 ct
608 3016 677 3079 mibi
693 3010 880 3099 ipseCaesar
895 3012 1067 3077 nominatim
1080 3008 1190 3077 Curtio
1201 3037 1254 3098 pa·

126 3130 223 3183 ratum
240 3141 307 3183 esse
317 3120 472 3204 rescripsit
484 3139 637 3200 mentuque
650 3118 682 3180 in
695 3118 830 3196 rogando
842 3116 1053 3180 uerecundiam
1065 3114 1252 3198 obiurgauit.

213 3221 279 3283 Cic.
306 3223 349 3284 od
363 3224 434 3283 Aac.
460 3222 529 3297 IV,
558 3219 616 3297 16,
644 3218 702 3282 13:
734 3217 786 3282 Ex
808 3221 910 3283 fratris
933 3218 1042 3282 litteris
1066 3217 1254 3281 incredibilia

126 3322 269 3408 quaedam
286 3321 322 3384 de
335 3318 477 3385 Caesaris
493 3324 523 3384 in
539 3343 586 3384 me
602 3342 703 3385 amore
719 3322 859 3403 cognoui,
874 3332 1055 3404 eaque'suut
1069 3320 1163 3402 ipsius
1172 3315 1253 3383 Cae·
1274 3330 1304 3381 31

127 3427 205 3490 saris
221 3425 379 3488 uberrimis
396 3425 503 3488 litteris
519 3424 703 3487 confirmata.
731 3421 895 3486 Britannici
912 3423 981 3486 belli
995 3422 1095 3484 exitus
1108 3433 1253 3504 expecta·

126 3538 186 3590 tur.
213 3525 342 3590 Constat
365 3526 442 3589 eninr
467 3527 563 3588 aditus
585 3527 700 3589 insulae
723 3547 791 3589 esse
813 3527 943 3588 munitos
960 3523 1090 3587 mirilicis
1107 3523 1249 3587 molibus.

126 3627 226 3693 Etiam
244 3629 316 3691 illud
332 3630 390 3691 iarn
407 3629 558 3713 cognitum
576 3641 633 3704 est,
648 3650 746 3712 neque
762 3629 878 3713 argenti
895 3627 1056 3711 scripulum
1073 3645 1142 3688 esse
1160 3626 1251 3688 ullum

126 3731 156 3792 in
171 3732 222 3794 illa
238 3732 335 3794 insula
352 3753 447 3814 neque
464 3733 552 3795 ullam
570 3752 649 3814 sporn
667 3732 794 3814 praedae
811 3731 867 3793 nisi
884 3751 925 3794 ex
941 3728 1106 3812 mancipiis.

215 3832 283 3896 Cic.
301 3835 345 3897 od
363 3836 399 3916 Q.
409 3833 464 3917 [ν.
482 3833 546 3911 111,
567 3832 596 3911 1,
615 3833 671 3897 172
696 3830 772 3898 Cum
789 3833 865 3896 hanc
881 3833 939 3897 iam
955 3830 1111 3916 epistolam
1128 3829 1252 3913 compli·
1274 3837 1304 3888 tt

234 3952 286 4001 tet
299 3951 328 4001 13
343 3951 380 4016 tc]
396 3952 562 4004 Trebatium.
668 3956 699 4007 19
711 3956 755 4021 Cf.
767 3954 803 4004 ud
811 3955 893 4019 (1.,11.
903 3955 939 4017 11,
951 3954 990 4016 16,
999 3952 1025 4004 3.
1132 3951 1252 4003 221111οῶ

125 4030 272 4083 Hodierno.
401 4032 432 4080 de
448 4034 544 4083 nostris
558 4033 690 4100 uersibus]
705 4039 759 4084 tres
773 4034 858 4084 libros
871 4034 949 4093 dicit,
964 4047 1032 4097 qnos
1045 4030 1077 4079 de
1091 4029 1253 4094 temporibus

122 4110 179 4162 anis
192 4111 349 4175 scripserat.
367 4107 412 4169 Cf.
426 4109 463 4156 od
474 4107 553 4158 Fam.
567 4112 588 4172 I,
604 4112 628 4173 9,
644 4110 688 4161 13.
795 4110 988 4177 28perseripsit
999 4123 1035 4158 m.
1046 4121 1094 4172 pr.
1103 4104 1253 4155 Mediccera.

229 4192 258 4247 31
277 4186 421 4245 Trittaniei
433 4203 472 4239 m.
485 4203 529 4255 pr.
544 4188 676 4240 bledlcene
816 4191 849 4241 32
861 4196 982 4240 constent
994 4203 1030 4238 m.
1043 4201 1089 4252 pr·
1104 4183 1253 4236 Medicam.

228 4277 343 4331 miratos
356 4270 511 4328 Mediocre.
