<?xml version="1.0" encoding="UTF-8"?>
<!DOCTYPE html PUBLIC "-//W3C//DTD XHTML 1.0 Transitional//EN"
    "http://www.w3.org/TR/xhtml1/DTD/xhtml1-transitional.dtd">
<html xmlns="http://www.w3.org/1999/xhtml" xml:lang="en" lang="en">
 <head>
  <title>
</title>
<meta http-equiv="Content-Type" content="text/html;charset=utf-8" />
  <meta name='ocr-system' content='tesseract 3.04.00' />
  <meta name='ocr-capabilities' content='ocr_page ocr_carea ocr_par ocr_line ocrx_word'/>
</head>
<body>
  <div class='ocr_page' id='page_1' title='image "./civliicaesarisc02hirtgoog_0171.png"; bbox 0 0 2692 4688; ppageno 0'>
   <div class='ocr_carea' id='block_1_1' title="bbox 493 170 816 237">
    <p class='ocr_par' dir='ltr' id='par_1_1' title="bbox 493 170 816 237">
     <span class='ocr_line' id='line_1_1' title="bbox 493 170 816 237; baseline 0 -16"><span class='ocrx_word' id='word_1_1' title='bbox 493 170 816 237; x_wconf 61' lang='lat' dir='ltr'><strong>...liu-..-</strong></span> 
     </span>
    </p>
   </div>
   <div class='ocr_carea' id='block_1_2' title="bbox 90 336 1218 636">
    <p class='ocr_par' dir='ltr' id='par_1_2' title="bbox 90 336 1218 636">
     <span class='ocr_line' id='line_1_2' title="bbox 90 336 1218 429; baseline -0.005 -16"><span class='ocrx_word' id='word_1_2' title='bbox 90 349 154 421; x_wconf 85' lang='lat' dir='ltr'><strong>eins</strong></span> <span class='ocrx_word' id='word_1_3' title='bbox 169 347 299 411; x_wconf 91' lang='lat' dir='ltr'><strong>aduentu</strong></span> <span class='ocrx_word' id='word_1_4' title='bbox 316 345 436 429; x_wconf 80' lang='lat' dir='ltr'><strong>cognito</strong></span> <span class='ocrx_word' id='word_1_5' title='bbox 453 346 606 428; x_wconf 82' lang='lat' dir='ltr'><strong>proiectus</strong></span> <span class='ocrx_word' id='word_1_6' title='bbox 621 342 691 413; x_wconf 91' lang='lat' dir='ltr'><strong>inde</strong></span> <span class='ocrx_word' id='word_1_7' title='bbox 713 341 907 407; x_wconf 69' lang='lat' dir='ltr'><strong>redeuntibus</strong></span> <span class='ocrx_word' id='word_1_8' title='bbox 923 336 1067 407; x_wconf 79' lang='lat' dir='ltr'>Caesaris</span> <span class='ocrx_word' id='word_1_9' title='bbox 1088 340 1218 407; x_wconf 79' lang='lat' dir='ltr'><strong>nauibus</strong></span> 
     </span>
     <span class='ocr_line' id='line_1_3' title="bbox 90 439 1216 531; baseline -0.004 -17"><span class='ocrx_word' id='word_1_10' title='bbox 90 460 383 531; x_wconf 81' lang='lat' dir='ltr'><strong>occurrernteastpne</strong></span> <span class='ocrx_word' id='word_1_11' title='bbox 397 447 574 511; x_wconf 78' lang='lat' dir='ltr'><strong>incenderat</strong></span> <span class='ocrx_word' id='word_1_12' title='bbox 589 455 619 509; x_wconf 93' lang='lat' dir='ltr'><strong>et</strong></span> <span class='ocrx_word' id='word_1_13' title='bbox 632 446 733 509; x_wconf 88' lang='lat' dir='ltr'><strong>omnia</strong></span> <span class='ocrx_word' id='word_1_14' title='bbox 748 445 851 508; x_wconf 90' lang='lat' dir='ltr'><strong>littora</strong></span> <span class='ocrx_word' id='word_1_15' title='bbox 865 464 884 507; x_wconf 89' lang='lat' dir='ltr'><strong>a</strong></span> <span class='ocrx_word' id='word_1_16' title='bbox 899 439 1022 507; x_wconf 91' lang='lat' dir='ltr'><strong>Salonis</strong></span> <span class='ocrx_word' id='word_1_17' title='bbox 1037 443 1074 507; x_wconf 88' lang='lat' dir='ltr'><strong>nd</strong></span> <span class='ocrx_word' id='word_1_18' title='bbox 1089 440 1216 513; x_wconf 83' lang='lat' dir='ltr'><strong>Oricum</strong></span> 
     </span>
     <span class='ocr_line' id='line_1_4' title="bbox 90 543 1218 636; baseline 0 -21"><span class='ocrx_word' id='word_1_19' title='bbox 90 561 300 636; x_wconf 87' lang='lat' dir='ltr'><strong>occupauerat,</strong></span> <span class='ocrx_word' id='word_1_20' title='bbox 319 571 394 633; x_wconf 83' lang='lat' dir='ltr'><strong>quae</strong></span> <span class='ocrx_word' id='word_1_21' title='bbox 410 550 470 613; x_wconf 88' lang='lat' dir='ltr'><strong>c.8</strong></span> <span class='ocrx_word' id='word_1_22' title='bbox 484 550 668 627; x_wconf 82' lang='lat' dir='ltr'><strong>referuntur,</strong></span> <span class='ocrx_word' id='word_1_23' title='bbox 687 557 718 611; x_wconf 89' lang='lat' dir='ltr'><strong>et</strong></span> <span class='ocrx_word' id='word_1_24' title='bbox 732 547 840 611; x_wconf 91' lang='lat' dir='ltr'><strong>deiude</strong></span> <span class='ocrx_word' id='word_1_25' title='bbox 855 567 923 611; x_wconf 85' lang='lat' dir='ltr'><strong>cunr</strong></span> <span class='ocrx_word' id='word_1_26' title='bbox 938 548 974 611; x_wconf 88' lang='lat' dir='ltr'><strong>ad</strong></span> <span class='ocrx_word' id='word_1_27' title='bbox 982 543 1106 611; x_wconf 82' lang='lat' dir='ltr'><strong>Oricum</strong></span> <span class='ocrx_word' id='word_1_28' title='bbox 1123 549 1218 621; x_wconf 75' lang='lat' dir='ltr'><strong>luisse</strong></span> 
     </span>
    </p>
   </div>
   <div class='ocr_carea' id='block_1_3' title="bbox 82 648 1219 4318">
    <p class='ocr_par' dir='ltr' id='par_1_3' title="bbox 85 648 1219 3497">
     <span class='ocr_line' id='line_1_5' title="bbox 91 648 1219 736; baseline -0.002 -17"><span class='ocrx_word' id='word_1_29' title='bbox 91 676 132 725; x_wconf 68' lang='lat' dir='ltr'><strong>ea</strong></span> <span class='ocrx_word' id='word_1_30' title='bbox 147 654 246 719; x_wconf 84' lang='lat' dir='ltr'><strong>uerbis</strong></span> <span class='ocrx_word' id='word_1_31' title='bbox 257 674 284 717; x_wconf 90' lang='lat' dir='ltr'><strong>e.</strong></span> <span class='ocrx_word' id='word_1_32' title='bbox 306 651 344 717; x_wconf 79' lang='lat'><strong>15</strong></span> <span class='ocrx_word' id='word_1_33' title='bbox 360 663 483 736; x_wconf 88' lang='lat' dir='ltr'><strong>apparet</strong></span> <span class='ocrx_word' id='word_1_34' title='bbox 499 648 650 725; x_wconf 88' lang='lat' dir='ltr'><strong>‘Bibulns,</strong></span> <span class='ocrx_word' id='word_1_35' title='bbox 666 660 804 733; x_wconf 87' lang='lat' dir='ltr'><strong>utsupra</strong></span> <span class='ocrx_word' id='word_1_36' title='bbox 820 650 1056 719; x_wconf 88' lang='lat' dir='ltr'><strong>demonstratum</strong></span> <span class='ocrx_word' id='word_1_37' title='bbox 1071 660 1131 727; x_wconf 89' lang='lat' dir='ltr'><strong>est,</strong></span> <span class='ocrx_word' id='word_1_38' title='bbox 1150 662 1219 717; x_wconf 85' lang='lat' dir='ltr'><strong>erat</strong></span> 
     </span>
     <span class='ocr_line' id='line_1_6' title="bbox 88 750 1218 836; baseline -0.002 -17"><span class='ocrx_word' id='word_1_39' title='bbox 88 778 156 823; x_wconf 85' lang='lat' dir='ltr'><strong>cnm</strong></span> <span class='ocrx_word' id='word_1_40' title='bbox 178 758 277 823; x_wconf 88' lang='lat' dir='ltr'><strong>classe</strong></span> <span class='ocrx_word' id='word_1_41' title='bbox 299 756 336 821; x_wconf 89' lang='lat' dir='ltr'><strong>ad</strong></span> <span class='ocrx_word' id='word_1_42' title='bbox 352 752 499 825; x_wconf 83' lang='lat' dir='ltr'><strong>Oricum&#39;.</strong></span> <span class='ocrx_word' id='word_1_43' title='bbox 523 751 637 831; x_wconf 87' lang='lat' dir='ltr'><strong>Verba,</strong></span> <span class='ocrx_word' id='word_1_44' title='bbox 662 772 739 836; x_wconf 83' lang='lat' dir='ltr'><strong>qnae</strong></span> <span class='ocrx_word' id='word_1_45' title='bbox 754 750 842 836; x_wconf 91' lang='lat' dir='ltr'><strong>paulo</strong></span> <span class='ocrx_word' id='word_1_46' title='bbox 857 762 923 835; x_wconf 94' lang='lat' dir='ltr'><strong>post</strong></span> <span class='ocrx_word' id='word_1_47' title='bbox 937 752 1091 835; x_wconf 77' lang='lat' dir='ltr'><strong>leguntur,</strong></span> <span class='ocrx_word' id='word_1_48' title='bbox 1118 758 1218 827; x_wconf 82' lang='lat' dir='ltr'><strong>‘ante-</strong></span> 
     </span>
     <span class='ocr_line' id='line_1_7' title="bbox 91 854 1218 943; baseline 0 -22"><span class='ocrx_word' id='word_1_49' title='bbox 91 880 177 943; x_wconf 88' lang='lat' dir='ltr'><strong>quam</strong></span> <span class='ocrx_word' id='word_1_50' title='bbox 193 859 229 923; x_wconf 90' lang='lat' dir='ltr'><strong>de</strong></span> <span class='ocrx_word' id='word_1_51' title='bbox 246 859 393 921; x_wconf 89' lang='lat' dir='ltr'><strong>mandatis</strong></span> <span class='ocrx_word' id='word_1_52' title='bbox 409 858 459 941; x_wconf 78' lang='lat' dir='ltr'><strong>agi</strong></span> <span class='ocrx_word' id='word_1_53' title='bbox 472 858 627 941; x_wconf 88' lang='lat' dir='ltr'><strong>inciperet&#39;</strong></span> <span class='ocrx_word' id='word_1_54' title='bbox 642 866 755 921; x_wconf 76' lang='lat' dir='ltr'><strong>rectam</strong></span> <span class='ocrx_word' id='word_1_55' title='bbox 771 854 896 921; x_wconf 78' lang='lat' dir='ltr'><strong>formam</strong></span> <span class='ocrx_word' id='word_1_56' title='bbox 909 875 969 919; x_wconf 93' lang='lat' dir='ltr'><strong>non</strong></span> <span class='ocrx_word' id='word_1_57' title='bbox 986 854 1107 919; x_wconf 90' lang='lat' dir='ltr'><strong>babent.</strong></span> <span class='ocrx_word' id='word_1_58' title='bbox 1134 854 1218 927; x_wconf 81' lang='lat' dir='ltr'><strong>Nam</strong></span> 
     </span>
     <span class='ocr_line' id='line_1_8' title="bbox 88 955 1218 1043; baseline 0.001 -19"><span class='ocrx_word' id='word_1_59' title='bbox 88 982 139 1027; x_wconf 85' lang='lat' dir='ltr'><strong>res</strong></span> <span class='ocrx_word' id='word_1_60' title='bbox 154 960 254 1043; x_wconf 89' lang='lat' dir='ltr'><strong>aliqua</strong></span> <span class='ocrx_word' id='word_1_61' title='bbox 269 961 318 1043; x_wconf 78' lang='lat' dir='ltr'><strong>agi</strong></span> <span class='ocrx_word' id='word_1_62' title='bbox 334 960 470 1043; x_wconf 89' lang='lat' dir='ltr'><strong>coepisse</strong></span> <span class='ocrx_word' id='word_1_63' title='bbox 485 972 516 1024; x_wconf 92' lang='lat' dir='ltr'><strong>et</strong></span> <span class='ocrx_word' id='word_1_64' title='bbox 530 958 680 1043; x_wconf 74' lang='lat' dir='ltr'><strong>incepisse</strong></span> <span class='ocrx_word' id='word_1_65' title='bbox 694 967 779 1021; x_wconf 90' lang='lat' dir='ltr'><strong>recte</strong></span> <span class='ocrx_word' id='word_1_66' title='bbox 794 957 922 1035; x_wconf 90' lang='lat' dir='ltr'><strong>dicitnr,</strong></span> <span class='ocrx_word' id='word_1_67' title='bbox 945 958 1002 1021; x_wconf 92' lang='lat' dir='ltr'><strong>etsi</strong></span> <span class='ocrx_word' id='word_1_68' title='bbox 1019 955 1137 1025; x_wconf 84' lang='lat' dir='ltr'><strong>Caesar</strong></span> <span class='ocrx_word' id='word_1_69' title='bbox 1159 958 1218 1025; x_wconf 90' lang='lat' dir='ltr'><strong>boc</strong></span> 
     </span>
     <span class='ocr_line' id='line_1_9' title="bbox 89 1060 1215 1149; baseline 0 -20"><span class='ocrx_word' id='word_1_70' title='bbox 89 1085 205 1149; x_wconf 83' lang='lat' dir='ltr'><strong>quoqne</strong></span> <span class='ocrx_word' id='word_1_71' title='bbox 226 1082 338 1148; x_wconf 83' lang='lat' dir='ltr'><strong>genere</strong></span> <span class='ocrx_word' id='word_1_72' title='bbox 360 1062 523 1139; x_wconf 73' lang='lat' dir='ltr'><strong>abstinuit,</strong></span> <span class='ocrx_word' id='word_1_73' title='bbox 549 1070 583 1135; x_wconf 82' lang='lat' dir='ltr'><strong>ut</strong></span> <span class='ocrx_word' id='word_1_74' title='bbox 597 1083 625 1145; x_wconf 90' lang='lat' dir='ltr'><strong>p.</strong></span> <span class='ocrx_word' id='word_1_75' title='bbox 648 1060 686 1127; x_wconf 79' lang='lat' dir='ltr'><strong>ill</strong></span> <span class='ocrx_word' id='word_1_76' title='bbox 701 1060 822 1137; x_wconf 87' lang='lat' dir='ltr'><strong>monui,</strong></span> <span class='ocrx_word' id='word_1_77' title='bbox 847 1081 882 1125; x_wconf 90' lang='lat' dir='ltr'><strong>re</strong></span> <span class='ocrx_word' id='word_1_78' title='bbox 897 1080 984 1137; x_wconf 88' lang='lat' dir='ltr'><strong>noro,</strong></span> <span class='ocrx_word' id='word_1_79' title='bbox 1009 1080 1084 1142; x_wconf 84' lang='lat' dir='ltr'><strong>qnae</strong></span> <span class='ocrx_word' id='word_1_80' title='bbox 1099 1062 1215 1146; x_wconf 77' lang='lat' dir='ltr'><strong>agitur,</strong></span> 
     </span>
     <span class='ocr_line' id='line_1_10' title="bbox 89 1162 1217 1249; baseline -0.002 -18"><span class='ocrx_word' id='word_1_81' title='bbox 89 1189 149 1231; x_wconf 95' lang='lat' dir='ltr'><strong>non</strong></span> <span class='ocrx_word' id='word_1_82' title='bbox 165 1167 333 1249; x_wconf 82' lang='lat' dir='ltr'><strong>significata</strong></span> <span class='ocrx_word' id='word_1_83' title='bbox 342 1162 447 1229; x_wconf 88' lang='lat' dir='ltr'><strong>Latini</strong></span> <span class='ocrx_word' id='word_1_84' title='bbox 459 1174 633 1231; x_wconf 76' lang='lat' dir='ltr'><strong>constanter</strong></span> <span class='ocrx_word' id='word_1_85' title='bbox 648 1163 791 1227; x_wconf 82' lang='lat' dir='ltr'><strong>dixerunt</strong></span> <span class='ocrx_word' id='word_1_86' title='bbox 806 1163 868 1244; x_wconf 78' lang='lat' dir='ltr'><strong>‘agi</strong></span> <span class='ocrx_word' id='word_1_87' title='bbox 884 1173 1020 1246; x_wconf 84' lang='lat' dir='ltr'><strong>coeptum</strong></span> <span class='ocrx_word' id='word_1_88' title='bbox 1036 1164 1092 1227; x_wconf 85' lang='lat' dir='ltr'><strong>est’</strong></span> <span class='ocrx_word' id='word_1_89' title='bbox 1108 1174 1140 1227; x_wconf 91' lang='lat' dir='ltr'><strong>ot</strong></span> <span class='ocrx_word' id='word_1_90' title='bbox 1156 1164 1217 1229; x_wconf 81' lang='lat' dir='ltr'><strong>‘in-</strong></span> 
     </span>
     <span class='ocr_line' id='line_1_11' title="bbox 90 1261 1213 1352; baseline 0.001 -20"><span class='ocrx_word' id='word_1_91' title='bbox 90 1268 219 1352; x_wconf 85' lang='lat' dir='ltr'><strong>cipitur&#39;.</strong></span> <span class='ocrx_word' id='word_1_92' title='bbox 256 1264 365 1349; x_wconf 79' lang='lat' dir='ltr'><strong>Neque</strong></span> <span class='ocrx_word' id='word_1_93' title='bbox 387 1268 467 1331; x_wconf 82' lang='lat' dir='ltr'><strong>eninr</strong></span> <span class='ocrx_word' id='word_1_94' title='bbox 481 1267 559 1351; x_wconf 91' lang='lat' dir='ltr'><strong>apml</strong></span> <span class='ocrx_word' id='word_1_95' title='bbox 575 1264 671 1331; x_wconf 79' lang='lat' dir='ltr'><strong>Corn.</strong></span> <span class='ocrx_word' id='word_1_96' title='bbox 688 1264 770 1348; x_wconf 84' lang='lat' dir='ltr'><strong>Nep.</strong></span> <span class='ocrx_word' id='word_1_97' title='bbox 787 1263 896 1348; x_wconf 85' lang='lat' dir='ltr'><strong>Epam.</strong></span> <span class='ocrx_word' id='word_1_98' title='bbox 917 1261 968 1339; x_wconf 89' lang='lat' dir='ltr'><strong>t0,</strong></span> <span class='ocrx_word' id='word_1_99' title='bbox 992 1264 1013 1327; x_wconf 85' lang='lat'><strong>3</strong></span> <span class='ocrx_word' id='word_1_100' title='bbox 1035 1276 1131 1335; x_wconf 81' lang='lat' dir='ltr'><strong>tutum</strong></span> <span class='ocrx_word' id='word_1_101' title='bbox 1152 1278 1213 1345; x_wconf 89' lang='lat' dir='ltr'><strong>est,</strong></span> 
     </span>
     <span class='ocr_line' id='line_1_12' title="bbox 89 1364 1214 1454; baseline -0.001 -18"><span class='ocrx_word' id='word_1_102' title='bbox 89 1372 166 1454; x_wconf 90' lang='lat' dir='ltr'><strong>quod</strong></span> <span class='ocrx_word' id='word_1_103' title='bbox 182 1370 280 1435; x_wconf 83' lang='lat' dir='ltr'><strong>editur</strong></span> <span class='ocrx_word' id='word_1_104' title='bbox 298 1378 464 1453; x_wconf 82' lang='lat' dir='ltr'><strong>‘postquam</strong></span> <span class='ocrx_word' id='word_1_105' title='bbox 480 1369 558 1451; x_wconf 89' lang='lat' dir='ltr'><strong>apud</strong></span> <span class='ocrx_word' id='word_1_106' title='bbox 575 1366 729 1433; x_wconf 88' lang='lat' dir='ltr'><strong>Cadmiam</strong></span> <span class='ocrx_word' id='word_1_107' title='bbox 746 1388 812 1431; x_wconf 92' lang='lat' dir='ltr'><strong>eum</strong></span> <span class='ocrx_word' id='word_1_108' title='bbox 820 1364 1071 1433; x_wconf 77' lang='lat' dir='ltr'><strong>Lacedaemoniis</strong></span> <span class='ocrx_word' id='word_1_109' title='bbox 1087 1370 1214 1453; x_wconf 76' lang='lat' dir='ltr'><strong>pugnari</strong></span> 
     </span>
     <span class='ocr_line' id='line_1_13' title="bbox 88 1468 1215 1556; baseline 0.001 -20"><span class='ocrx_word' id='word_1_110' title='bbox 88 1472 209 1556; x_wconf 90' lang='lat' dir='ltr'><strong>eoepit&#39;.</strong></span> <span class='ocrx_word' id='word_1_111' title='bbox 239 1470 321 1537; x_wconf 89' lang='lat' dir='ltr'><strong>Nam</strong></span> <span class='ocrx_word' id='word_1_112' title='bbox 336 1473 367 1538; x_wconf 92' lang='lat' dir='ltr'><strong>in</strong></span> <span class='ocrx_word' id='word_1_113' title='bbox 383 1473 494 1555; x_wconf 91' lang='lat' dir='ltr'><strong>optimo</strong></span> <span class='ocrx_word' id='word_1_114' title='bbox 510 1471 612 1533; x_wconf 91' lang='lat' dir='ltr'><strong>codice</strong></span> <span class='ocrx_word' id='word_1_115' title='bbox 629 1468 789 1535; x_wconf 85' lang='lat' dir='ltr'><strong>Danielino</strong></span> <span class='ocrx_word' id='word_1_116' title='bbox 805 1469 998 1552; x_wconf 85' lang='lat' dir='ltr'><strong>pluribusque</strong></span> <span class='ocrx_word' id='word_1_117' title='bbox 1013 1471 1215 1539; x_wconf 81' lang='lat' dir='ltr'><strong>mediocribus</strong></span> 
     </span>
     <span class='ocr_line' id='line_1_14' title="bbox 87 1568 1214 1658; baseline 0.002 -19"><span class='ocrx_word' id='word_1_118' title='bbox 87 1574 198 1657; x_wconf 80' lang='lat' dir='ltr'><strong>legitur</strong></span> <span class='ocrx_word' id='word_1_119' title='bbox 213 1581 358 1658; x_wconf 75' lang='lat' dir='ltr'><strong>‘pugnare</strong></span> <span class='ocrx_word' id='word_1_120' title='bbox 373 1573 493 1656; x_wconf 86' lang='lat' dir='ltr'><strong>eoepit&#39;,</strong></span> <span class='ocrx_word' id='word_1_121' title='bbox 509 1572 540 1636; x_wconf 89' lang='lat' dir='ltr'><strong>in</strong></span> <span class='ocrx_word' id='word_1_122' title='bbox 550 1568 825 1656; x_wconf 84' lang='lat' dir='ltr'><strong>Guelplterbytano,</strong></span> <span class='ocrx_word' id='word_1_123' title='bbox 842 1573 891 1654; x_wconf 83' lang='lat' dir='ltr'><strong>qui</strong></span> <span class='ocrx_word' id='word_1_124' title='bbox 904 1570 1062 1643; x_wconf 78' lang='lat' dir='ltr'><strong>Daurielino</strong></span> <span class='ocrx_word' id='word_1_125' title='bbox 1076 1574 1214 1645; x_wconf 82' lang='lat' dir='ltr'><strong>bonitate</strong></span> 
     </span>
     <span class='ocr_line' id='line_1_15' title="bbox 87 1672 1214 1761; baseline 0 -20"><span class='ocrx_word' id='word_1_126' title='bbox 87 1677 245 1761; x_wconf 70' lang='lat' dir='ltr'><strong>proximus</strong></span> <span class='ocrx_word' id='word_1_127' title='bbox 260 1687 319 1754; x_wconf 86' lang='lat' dir='ltr'><strong>est,</strong></span> <span class='ocrx_word' id='word_1_128' title='bbox 339 1682 511 1759; x_wconf 78' lang='lat' dir='ltr'><strong>‘pugnatum</strong></span> <span class='ocrx_word' id='word_1_129' title='bbox 527 1684 575 1737; x_wconf 88' lang='lat' dir='ltr'><strong>est</strong></span> <span class='ocrx_word' id='word_1_130' title='bbox 590 1672 709 1756; x_wconf 79' lang='lat' dir='ltr'><strong>eoepit&#39;c</strong></span> <span class='ocrx_word' id='word_1_131' title='bbox 735 1673 884 1758; x_wconf 81' lang='lat' dir='ltr'><strong>‘pugnari&#39;</strong></span> <span class='ocrx_word' id='word_1_132' title='bbox 905 1674 937 1737; x_wconf 95' lang='lat' dir='ltr'><strong>in</strong></span> <span class='ocrx_word' id='word_1_133' title='bbox 962 1676 1017 1739; x_wconf 89' lang='lat' dir='ltr'><strong>boc</strong></span> <span class='ocrx_word' id='word_1_134' title='bbox 1038 1686 1070 1739; x_wconf 84' lang='lat' dir='ltr'><strong>et</strong></span> <span class='ocrx_word' id='word_1_135' title='bbox 1084 1673 1214 1760; x_wconf 69' lang='lat' dir='ltr'><strong>Sangal-</strong></span> 
     </span>
     <span class='ocr_line' id='line_1_16' title="bbox 87 1772 1212 1858; baseline 0.004 -15"><span class='ocrx_word' id='word_1_136' title='bbox 87 1779 165 1843; x_wconf 88' lang='lat' dir='ltr'><strong>lensi</strong></span> <span class='ocrx_word' id='word_1_137' title='bbox 180 1801 198 1843; x_wconf 88' lang='lat' dir='ltr'><strong>a</strong></span> <span class='ocrx_word' id='word_1_138' title='bbox 213 1779 347 1843; x_wconf 87' lang='lat' dir='ltr'><strong>secunda</strong></span> <span class='ocrx_word' id='word_1_139' title='bbox 362 1779 476 1841; x_wconf 81' lang='lat' dir='ltr'><strong>dentum</strong></span> <span class='ocrx_word' id='word_1_140' title='bbox 491 1797 581 1841; x_wconf 90' lang='lat' dir='ltr'><strong>manu</strong></span> <span class='ocrx_word' id='word_1_141' title='bbox 597 1776 723 1858; x_wconf 89' lang='lat' dir='ltr'><strong>positum</strong></span> <span class='ocrx_word' id='word_1_142' title='bbox 739 1786 796 1837; x_wconf 89' lang='lat' dir='ltr'><strong>est.</strong></span> <span class='ocrx_word' id='word_1_143' title='bbox 833 1772 937 1858; x_wconf 87' lang='lat' dir='ltr'><strong>ltaque</strong></span> <span class='ocrx_word' id='word_1_144' title='bbox 958 1776 999 1841; x_wconf 90' lang='lat' dir='ltr'><strong>ibi</strong></span> <span class='ocrx_word' id='word_1_145' title='bbox 1022 1776 1212 1847; x_wconf 82' lang='lat' dir='ltr'><strong>scribendum</strong></span> 
     </span>
     <span class='ocr_line' id='line_1_17' title="bbox 87 1872 1212 1966; baseline 0.001 -20"><span class='ocrx_word' id='word_1_146' title='bbox 87 1894 136 1947; x_wconf 86' lang='lat' dir='ltr'><strong>est</strong></span> <span class='ocrx_word' id='word_1_147' title='bbox 152 1888 262 1966; x_wconf 80' lang='lat' dir='ltr'><strong>‘pugna</strong></span> <span class='ocrx_word' id='word_1_148' title='bbox 278 1877 400 1963; x_wconf 70' lang='lat' dir='ltr'><strong>eoepit&#39;p</strong></span> <span class='ocrx_word' id='word_1_149' title='bbox 417 1880 493 1963; x_wconf 87' lang='lat' dir='ltr'><strong>apud</strong></span> <span class='ocrx_word' id='word_1_150' title='bbox 510 1872 675 1943; x_wconf 86' lang='lat' dir='ltr'><strong>Caesarem</strong></span> <span class='ocrx_word' id='word_1_151' title='bbox 700 1878 761 1960; x_wconf 77' lang='lat' dir='ltr'><strong>‘agi</strong></span> <span class='ocrx_word' id='word_1_152' title='bbox 783 1877 989 1962; x_wconf 86' lang='lat' dir='ltr'><strong>inciperetur&#39;.</strong></span> <span class='ocrx_word' id='word_1_153' title='bbox 1027 1878 1147 1945; x_wconf 78' lang='lat' dir='ltr'><strong>Deinde</strong></span> <span class='ocrx_word' id='word_1_154' title='bbox 1170 1900 1212 1947; x_wconf 81' lang='lat' dir='ltr'><strong>ex</strong></span> 
     </span>
     <span class='ocr_line' id='line_1_18' title="bbox 88 1980 1212 2067; baseline 0.002 -20"><span class='ocrx_word' id='word_1_155' title='bbox 88 1983 171 2047; x_wconf 90' lang='lat' dir='ltr'><strong>codd.</strong></span> <span class='ocrx_word' id='word_1_156' title='bbox 188 1982 335 2067; x_wconf 92' lang='lat' dir='ltr'><strong>scriptura</strong></span> <span class='ocrx_word' id='word_1_157' title='bbox 360 1990 468 2064; x_wconf 84' lang='lat' dir='ltr'><strong>‘utque</strong></span> <span class='ocrx_word' id='word_1_158' title='bbox 484 1981 595 2047; x_wconf 87' lang='lat' dir='ltr'><strong>eidcm’</strong></span> <span class='ocrx_word' id='word_1_159' title='bbox 611 1990 693 2045; x_wconf 90' lang='lat' dir='ltr'><strong>recte</strong></span> <span class='ocrx_word' id='word_1_160' title='bbox 709 1980 844 2045; x_wconf 91' lang='lat' dir='ltr'><strong>nescioa</strong></span> <span class='ocrx_word' id='word_1_161' title='bbox 861 2004 918 2064; x_wconf 85' lang='lat' dir='ltr'><strong>qno</strong></span> <span class='ocrx_word' id='word_1_162' title='bbox 934 1982 1073 2055; x_wconf 85' lang='lat' dir='ltr'><strong>ellectum</strong></span> <span class='ocrx_word' id='word_1_163' title='bbox 1090 1994 1139 2047; x_wconf 88' lang='lat' dir='ltr'><strong>est</strong></span> <span class='ocrx_word' id='word_1_164' title='bbox 1154 1992 1212 2049; x_wconf 79' lang='lat' dir='ltr'><strong>‘at-</strong></span> 
     </span>
     <span class='ocr_line' id='line_1_19' title="bbox 88 2080 1211 2171; baseline 0.004 -21"><span class='ocrx_word' id='word_1_165' title='bbox 88 2108 145 2169; x_wconf 83' lang='lat' dir='ltr'><strong>que</strong></span> <span class='ocrx_word' id='word_1_166' title='bbox 159 2084 250 2151; x_wconf 86' lang='lat' dir='ltr'><strong>idco’.</strong></span> <span class='ocrx_word' id='word_1_167' title='bbox 284 2082 346 2151; x_wconf 90' lang='lat' dir='ltr'><strong>Sed</strong></span> <span class='ocrx_word' id='word_1_168' title='bbox 362 2085 455 2149; x_wconf 89' lang='lat' dir='ltr'><strong>uerba</strong></span> <span class='ocrx_word' id='word_1_169' title='bbox 472 2081 629 2151; x_wconf 88' lang='lat' dir='ltr'><strong>‘omnibus</strong></span> <span class='ocrx_word' id='word_1_170' title='bbox 644 2080 755 2165; x_wconf 92' lang='lat' dir='ltr'><strong>eepiis’</strong></span> <span class='ocrx_word' id='word_1_171' title='bbox 778 2103 814 2147; x_wconf 87' lang='lat' dir='ltr'><strong>eo</strong></span> <span class='ocrx_word' id='word_1_172' title='bbox 829 2083 908 2161; x_wconf 90' lang='lat' dir='ltr'><strong>loce,</strong></span> <span class='ocrx_word' id='word_1_173' title='bbox 933 2106 991 2166; x_wconf 89' lang='lat' dir='ltr'><strong>quo</strong></span> <span class='ocrx_word' id='word_1_174' title='bbox 1006 2086 1038 2153; x_wconf 91' lang='lat' dir='ltr'><strong>in</strong></span> <span class='ocrx_word' id='word_1_175' title='bbox 1052 2087 1140 2153; x_wconf 86' lang='lat' dir='ltr'><strong>codd.</strong></span> <span class='ocrx_word' id='word_1_176' title='bbox 1158 2108 1211 2171; x_wconf 89' lang='lat' dir='ltr'><strong>pe·</strong></span> 
     </span>
     <span class='ocr_line' id='line_1_20' title="bbox 89 2184 1210 2269; baseline -0.002 -16"><span class='ocrx_word' id='word_1_177' title='bbox 89 2198 212 2263; x_wconf 85' lang='lat' dir='ltr'><strong>nnntcr,</strong></span> <span class='ocrx_word' id='word_1_178' title='bbox 236 2210 302 2261; x_wconf 84' lang='lat' dir='ltr'><strong>cum</strong></span> <span class='ocrx_word' id='word_1_179' title='bbox 326 2188 399 2251; x_wconf 83' lang='lat' dir='ltr'><strong>ferri</strong></span> <span class='ocrx_word' id='word_1_180' title='bbox 414 2207 474 2249; x_wconf 91' lang='lat' dir='ltr'><strong>non</strong></span> <span class='ocrx_word' id='word_1_181' title='bbox 490 2205 578 2269; x_wconf 87' lang='lat' dir='ltr'><strong>posse</strong></span> <span class='ocrx_word' id='word_1_182' title='bbox 593 2184 774 2253; x_wconf 86' lang='lat' dir='ltr'><strong>intellectum</strong></span> <span class='ocrx_word' id='word_1_183' title='bbox 790 2194 891 2261; x_wconf 87' lang='lat' dir='ltr'><strong>essct,</strong></span> <span class='ocrx_word' id='word_1_184' title='bbox 918 2187 993 2255; x_wconf 83' lang='lat' dir='ltr'><strong>male</strong></span> <span class='ocrx_word' id='word_1_185' title='bbox 1014 2190 1054 2253; x_wconf 84' lang='lat' dir='ltr'><strong>ad</strong></span> <span class='ocrx_word' id='word_1_186' title='bbox 1073 2200 1210 2255; x_wconf 80' lang='lat' dir='ltr'><strong>extrema</strong></span> 
     </span>
     <span class='ocr_line' id='line_1_21' title="bbox 91 2281 1213 2376; baseline -0.002 -17"><span class='ocrx_word' id='word_1_187' title='bbox 91 2291 236 2359; x_wconf 84' lang='lat' dir='ltr'><strong>translata</strong></span> <span class='ocrx_word' id='word_1_188' title='bbox 252 2301 323 2355; x_wconf 91' lang='lat' dir='ltr'><strong>snnt</strong></span> <span class='ocrx_word' id='word_1_189' title='bbox 338 2291 369 2355; x_wconf 95' lang='lat' dir='ltr'><strong>in</strong></span> <span class='ocrx_word' id='word_1_190' title='bbox 384 2290 462 2354; x_wconf 86' lang='lat' dir='ltr'><strong>lrcnc</strong></span> <span class='ocrx_word' id='word_1_191' title='bbox 478 2289 605 2353; x_wconf 84' lang='lat' dir='ltr'><strong>modum:</strong></span> <span class='ocrx_word' id='word_1_192' title='bbox 626 2281 955 2351; x_wconf 84' lang='lat' dir='ltr'><strong>‘utadesscCaosnrem</strong></span> <span class='ocrx_word' id='word_1_193' title='bbox 971 2290 1213 2376; x_wconf 88' lang='lat' dir='ltr'><strong>omnibuseopiie</strong></span> 
     </span>
     <span class='ocr_line' id='line_1_22' title="bbox 90 2383 1212 2473; baseline 0.001 -15"><span class='ocrx_word' id='word_1_194' title='bbox 90 2394 266 2459; x_wconf 88' lang='lat' dir='ltr'><strong>nuntiaret&#39;.</strong></span> <span class='ocrx_word' id='word_1_195' title='bbox 295 2392 378 2457; x_wconf 87' lang='lat' dir='ltr'><strong>Nam</strong></span> <span class='ocrx_word' id='word_1_196' title='bbox 399 2389 582 2465; x_wconf 84' lang='lat' dir='ltr'><strong>Vibullium,</strong></span> <span class='ocrx_word' id='word_1_197' title='bbox 605 2390 654 2471; x_wconf 90' lang='lat' dir='ltr'><strong>qui</strong></span> <span class='ocrx_word' id='word_1_198' title='bbox 678 2410 742 2451; x_wconf 82' lang='lat' dir='ltr'><strong>enno</strong></span> <span class='ocrx_word' id='word_1_199' title='bbox 757 2383 892 2453; x_wconf 86' lang='lat' dir='ltr'><strong>Caesare</strong></span> <span class='ocrx_word' id='word_1_200' title='bbox 907 2392 1090 2473; x_wconf 86' lang='lat' dir='ltr'><strong>traiecisset,</strong></span> <span class='ocrx_word' id='word_1_201' title='bbox 1113 2395 1212 2459; x_wconf 88' lang='lat' dir='ltr'><strong>latere</strong></span> 
     </span>
     <span class='ocr_line' id='line_1_23' title="bbox 89 2490 1210 2580; baseline 0.004 -23"><span class='ocrx_word' id='word_1_202' title='bbox 89 2516 150 2559; x_wconf 94' lang='lat' dir='ltr'><strong>non</strong></span> <span class='ocrx_word' id='word_1_203' title='bbox 172 2505 290 2577; x_wconf 87' lang='lat' dir='ltr'><strong>poterat</strong></span> <span class='ocrx_word' id='word_1_204' title='bbox 312 2516 373 2561; x_wconf 94' lang='lat' dir='ltr'><strong>non</strong></span> <span class='ocrx_word' id='word_1_205' title='bbox 395 2512 500 2559; x_wconf 91' lang='lat' dir='ltr'><strong>omnes</strong></span> <span class='ocrx_word' id='word_1_206' title='bbox 516 2492 629 2575; x_wconf 87' lang='lat' dir='ltr'><strong>copias,</strong></span> <span class='ocrx_word' id='word_1_207' title='bbox 656 2491 710 2555; x_wconf 89' lang='lat' dir='ltr'><strong>scd</strong></span> <span class='ocrx_word' id='word_1_208' title='bbox 725 2490 874 2557; x_wconf 89' lang='lat' dir='ltr'><strong>dimidiam</strong></span> <span class='ocrx_word' id='word_1_209' title='bbox 890 2505 1004 2559; x_wconf 85' lang='lat' dir='ltr'><strong>tanturn</strong></span> <span class='ocrx_word' id='word_1_210' title='bbox 1021 2507 1134 2580; x_wconf 85' lang='lat' dir='ltr'><strong>partem</strong></span> <span class='ocrx_word' id='word_1_211' title='bbox 1149 2507 1210 2561; x_wconf 87' lang='lat' dir='ltr'><strong>tra-</strong></span> 
     </span>
     <span class='ocr_line' id='line_1_24' title="bbox 88 2592 1209 2681; baseline 0.004 -22"><span class='ocrx_word' id='word_1_212' title='bbox 88 2596 204 2660; x_wconf 87' lang='lat' dir='ltr'><strong>ductam</strong></span> <span class='ocrx_word' id='word_1_213' title='bbox 220 2615 300 2659; x_wconf 87' lang='lat' dir='ltr'><strong>esse.</strong></span> <span class='ocrx_word' id='word_1_214' title='bbox 324 2592 428 2678; x_wconf 86' lang='lat' dir='ltr'><strong>ltaque</strong></span> <span class='ocrx_word' id='word_1_215' title='bbox 444 2594 572 2663; x_wconf 83' lang='lat' dir='ltr'><strong>bleldius</strong></span> <span class='ocrx_word' id='word_1_216' title='bbox 587 2593 680 2663; x_wconf 88' lang='lat' dir='ltr'><strong>uerba</strong></span> <span class='ocrx_word' id='word_1_217' title='bbox 706 2594 853 2658; x_wconf 86' lang='lat' dir='ltr'><strong>‘omnibns</strong></span> <span class='ocrx_word' id='word_1_218' title='bbox 872 2597 976 2681; x_wconf 85' lang='lat' dir='ltr'><strong>copiis’</strong></span> <span class='ocrx_word' id='word_1_219' title='bbox 999 2599 1209 2665; x_wconf 75' lang='lat' dir='ltr'><strong>commenticio</strong></span> 
     </span>
     <span class='ocr_line' id='line_1_25' title="bbox 87 2695 1209 2785; baseline 0.005 -24"><span class='ocrx_word' id='word_1_220' title='bbox 87 2698 240 2763; x_wconf 89' lang='lat' dir='ltr'><strong>indicauit.</strong></span> <span class='ocrx_word' id='word_1_221' title='bbox 270 2695 319 2761; x_wconf 85' lang='lat' dir='ltr'><strong>De</strong></span> <span class='ocrx_word' id='word_1_222' title='bbox 341 2718 399 2780; x_wconf 86' lang='lat' dir='ltr'><strong>qno</strong></span> <span class='ocrx_word' id='word_1_223' title='bbox 421 2717 454 2762; x_wconf 93' lang='lat' dir='ltr'><strong>re</strong></span> <span class='ocrx_word' id='word_1_224' title='bbox 477 2718 514 2763; x_wconf 90' lang='lat' dir='ltr'><strong>eo</strong></span> <span class='ocrx_word' id='word_1_225' title='bbox 534 2696 633 2761; x_wconf 90' lang='lat' dir='ltr'><strong>minus</strong></span> <span class='ocrx_word' id='word_1_226' title='bbox 649 2695 782 2759; x_wconf 86' lang='lat' dir='ltr'><strong>dubitare</strong></span> <span class='ocrx_word' id='word_1_227' title='bbox 797 2699 887 2775; x_wconf 91' lang='lat' dir='ltr'><strong>lieet,</strong></span> <span class='ocrx_word' id='word_1_228' title='bbox 911 2701 990 2785; x_wconf 85' lang='lat' dir='ltr'><strong>qnod</strong></span> <span class='ocrx_word' id='word_1_229' title='bbox 1012 2701 1132 2767; x_wconf 77' lang='lat' dir='ltr'><strong>enideo</strong></span> <span class='ocrx_word' id='word_1_230' title='bbox 1147 2711 1209 2767; x_wconf 75' lang='lat' dir='ltr'><strong>um</strong></span> 
     </span>
     <span class='ocr_line' id='line_1_26' title="bbox 88 2798 1206 2891; baseline 0.004 -24"><span class='ocrx_word' id='word_1_231' title='bbox 88 2822 230 2885; x_wconf 88' lang='lat' dir='ltr'><strong>peruerse</strong></span> <span class='ocrx_word' id='word_1_232' title='bbox 254 2800 400 2863; x_wconf 88' lang='lat' dir='ltr'><strong>collocuta</strong></span> <span class='ocrx_word' id='word_1_233' title='bbox 422 2819 490 2863; x_wconf 85' lang='lat' dir='ltr'><strong>esse</strong></span> <span class='ocrx_word' id='word_1_234' title='bbox 509 2808 652 2883; x_wconf 88' lang='lat' dir='ltr'><strong>apparet,</strong></span> <span class='ocrx_word' id='word_1_235' title='bbox 679 2799 749 2881; x_wconf 89' lang='lat' dir='ltr'><strong>qnia</strong></span> <span class='ocrx_word' id='word_1_236' title='bbox 764 2798 793 2861; x_wconf 93' lang='lat' dir='ltr'><strong>in</strong></span> <span class='ocrx_word' id='word_1_237' title='bbox 809 2801 945 2884; x_wconf 80' lang='lat' dir='ltr'><strong>margine</strong></span> <span class='ocrx_word' id='word_1_238' title='bbox 961 2814 1049 2867; x_wconf 87' lang='lat' dir='ltr'><strong>crant</strong></span> <span class='ocrx_word' id='word_1_239' title='bbox 1063 2806 1206 2891; x_wconf 85' lang='lat' dir='ltr'><strong>ascripta.</strong></span> 
     </span>
     <span class='ocr_line' id='line_1_27' title="bbox 86 2897 1210 2989; baseline 0.005 -22"><span class='ocrx_word' id='word_1_240' title='bbox 86 2901 232 2968; x_wconf 84' lang='lat' dir='ltr'><strong>Extrema</strong></span> <span class='ocrx_word' id='word_1_241' title='bbox 249 2903 340 2969; x_wconf 87' lang='lat' dir='ltr'><strong>uerba</strong></span> <span class='ocrx_word' id='word_1_242' title='bbox 366 2910 410 2966; x_wconf 90' lang='lat' dir='ltr'><strong>‘ut</strong></span> <span class='ocrx_word' id='word_1_243' title='bbox 424 2901 530 2969; x_wconf 88' lang='lat' dir='ltr'><strong>adesse</strong></span> <span class='ocrx_word' id='word_1_244' title='bbox 546 2897 709 2969; x_wconf 86' lang='lat' dir='ltr'><strong>Caesarem</strong></span> <span class='ocrx_word' id='word_1_245' title='bbox 724 2902 886 2967; x_wconf 84' lang='lat' dir='ltr'><strong>nuntiaret&#39;</strong></span> <span class='ocrx_word' id='word_1_246' title='bbox 909 2903 1059 2989; x_wconf 83' lang='lat' dir='ltr'><strong>pinguiter</strong></span> <span class='ocrx_word' id='word_1_247' title='bbox 1073 2908 1210 2973; x_wconf 88' lang='lat' dir='ltr'><strong>adiciun-</strong></span> 
     </span>
     <span class='ocr_line' id='line_1_28' title="bbox 86 2986 1209 3089; baseline 0.005 -18"><span class='ocrx_word' id='word_1_248' title='bbox 86 3019 147 3086; x_wconf 87' lang='lat' dir='ltr'><strong>tur,</strong></span> <span class='ocrx_word' id='word_1_249' title='bbox 173 2986 284 3073; x_wconf 60' lang='lat' dir='ltr'><strong>cnm⁴id</strong></span> <span class='ocrx_word' id='word_1_250' title='bbox 299 3005 463 3071; x_wconf 90' lang='lat' dir='ltr'><strong>Vibullium</strong></span> <span class='ocrx_word' id='word_1_251' title='bbox 478 3005 661 3088; x_wconf 74' lang='lat' dir='ltr'><strong>spectarisne</strong></span> <span class='ocrx_word' id='word_1_252' title='bbox 677 3026 766 3089; x_wconf 88' lang='lat' dir='ltr'><strong>snpra</strong></span> <span class='ocrx_word' id='word_1_253' title='bbox 782 3007 840 3069; x_wconf 90' lang='lat' dir='ltr'><strong>inrn</strong></span> <span class='ocrx_word' id='word_1_254' title='bbox 856 3006 1036 3073; x_wconf 84' lang='lat' dir='ltr'><strong>declaratum</strong></span> <span class='ocrx_word' id='word_1_255' title='bbox 1052 3010 1103 3075; x_wconf 88' lang='lat' dir='ltr'><strong>sit.</strong></span> <span class='ocrx_word' id='word_1_256' title='bbox 1134 3010 1209 3081; x_wconf 90' lang='lat' dir='ltr'><strong>Non</strong></span> 
     </span>
     <span class='ocr_line' id='line_1_29' title="bbox 86 3105 1208 3192; baseline 0.004 -20"><span class='ocrx_word' id='word_1_257' title='bbox 86 3109 153 3173; x_wconf 92' lang='lat' dir='ltr'><strong>sine</strong></span> <span class='ocrx_word' id='word_1_258' title='bbox 176 3131 265 3175; x_wconf 91' lang='lat' dir='ltr'><strong>eausa</strong></span> <span class='ocrx_word' id='word_1_259' title='bbox 287 3110 379 3191; x_wconf 75' lang='lat' dir='ltr'><strong>igitur</strong></span> <span class='ocrx_word' id='word_1_260' title='bbox 401 3105 534 3181; x_wconf 81' lang='lat' dir='ltr'><strong>Grutero</strong></span> <span class='ocrx_word' id='word_1_261' title='bbox 554 3107 627 3172; x_wconf 80' lang='lat' dir='ltr'><strong>llaec</strong></span> <span class='ocrx_word' id='word_1_262' title='bbox 647 3129 764 3191; x_wconf 89' lang='lat' dir='ltr'><strong>quoquo</strong></span> <span class='ocrx_word' id='word_1_263' title='bbox 785 3109 886 3192; x_wconf 91' lang='lat' dir='ltr'><strong>spuria</strong></span> <span class='ocrx_word' id='word_1_264' title='bbox 907 3109 1097 3177; x_wconf 89' lang='lat' dir='ltr'><strong>uidebantur.</strong></span> <span class='ocrx_word' id='word_1_265' title='bbox 1130 3110 1208 3179; x_wconf 78' lang='lat' dir='ltr'><strong>Cum</strong></span> 
     </span>
     <span class='ocr_line' id='line_1_30' title="bbox 85 3209 1208 3295; baseline 0.006 -21"><span class='ocrx_word' id='word_1_266' title='bbox 85 3221 185 3274; x_wconf 76' lang='lat' dir='ltr'><strong>mmen</strong></span> <span class='ocrx_word' id='word_1_267' title='bbox 201 3212 292 3275; x_wconf 87' lang='lat' dir='ltr'><strong>cerba</strong></span> <span class='ocrx_word' id='word_1_268' title='bbox 314 3211 471 3281; x_wconf 82' lang='lat' dir='ltr'><strong>‘omuibus</strong></span> <span class='ocrx_word' id='word_1_269' title='bbox 486 3209 594 3295; x_wconf 84' lang='lat' dir='ltr'><strong>cupiis&#39;</strong></span> <span class='ocrx_word' id='word_1_270' title='bbox 619 3210 664 3275; x_wconf 88' lang='lat' dir='ltr'><strong>bis</strong></span> <span class='ocrx_word' id='word_1_271' title='bbox 685 3211 815 3295; x_wconf 88' lang='lat' dir='ltr'><strong>ascripta</strong></span> <span class='ocrx_word' id='word_1_272' title='bbox 836 3232 906 3276; x_wconf 86' lang='lat' dir='ltr'><strong>osae</strong></span> <span class='ocrx_word' id='word_1_273' title='bbox 919 3224 1034 3279; x_wconf 84' lang='lat' dir='ltr'><strong>eertum</strong></span> <span class='ocrx_word' id='word_1_274' title='bbox 1057 3216 1116 3291; x_wconf 91' lang='lat' dir='ltr'><strong>sit,</strong></span> <span class='ocrx_word' id='word_1_275' title='bbox 1141 3236 1208 3283; x_wconf 72' lang='lat' dir='ltr'><strong>mm</strong></span> 
     </span>
     <span class='ocr_line' id='line_1_31' title="bbox 86 3309 1206 3403; baseline 0.005 -28"><span class='ocrx_word' id='word_1_276' title='bbox 86 3312 287 3395; x_wconf 87' lang='lat' dir='ltr'><strong>suspicionem</strong></span> <span class='ocrx_word' id='word_1_277' title='bbox 303 3334 363 3377; x_wconf 92' lang='lat' dir='ltr'><strong>non</strong></span> <span class='ocrx_word' id='word_1_278' title='bbox 379 3313 561 3379; x_wconf 84' lang='lat' dir='ltr'><strong>admiserim.</strong></span> <span class='ocrx_word' id='word_1_279' title='bbox 585 3309 691 3376; x_wconf 84' lang='lat' dir='ltr'><strong>Potius</strong></span> <span class='ocrx_word' id='word_1_280' title='bbox 707 3334 773 3382; x_wconf 89' lang='lat' dir='ltr'><strong>eum</strong></span> <span class='ocrx_word' id='word_1_281' title='bbox 789 3315 821 3379; x_wconf 89' lang='lat' dir='ltr'><strong>in</strong></span> <span class='ocrx_word' id='word_1_282' title='bbox 843 3312 914 3379; x_wconf 85' lang='lat' dir='ltr'><strong>Par.</strong></span> <span class='ocrx_word' id='word_1_283' title='bbox 928 3337 990 3379; x_wconf 87' lang='lat' dir='ltr'><strong>seo.</strong></span> <span class='ocrx_word' id='word_1_284' title='bbox 1009 3315 1143 3381; x_wconf 75' lang='lat' dir='ltr'><strong>etheid.</strong></span> <span class='ocrx_word' id='word_1_285' title='bbox 1159 3340 1206 3403; x_wconf 87' lang='lat' dir='ltr'><strong>pr.</strong></span> 
     </span>
     <span class='ocr_line' id='line_1_32' title="bbox 86 3414 1205 3497; baseline 0.006 -21"><span class='ocrx_word' id='word_1_286' title='bbox 86 3414 229 3497; x_wconf 89' lang='lat' dir='ltr'><strong>scriptum</strong></span> <span class='ocrx_word' id='word_1_287' title='bbox 237 3414 278 3477; x_wconf 87' lang='lat' dir='ltr'><strong>sit</strong></span> <span class='ocrx_word' id='word_1_288' title='bbox 286 3414 548 3491; x_wconf 82' lang='lat' dir='ltr'><strong>‘stadesse&#39;cett.,</strong></span> <span class='ocrx_word' id='word_1_289' title='bbox 561 3414 683 3477; x_wconf 82' lang='lat' dir='ltr'><strong>correxi</strong></span> <span class='ocrx_word' id='word_1_290' title='bbox 694 3417 853 3483; x_wconf 87' lang='lat' dir='ltr'><strong>‘etudcsse</strong></span> <span class='ocrx_word' id='word_1_291' title='bbox 862 3416 1205 3489; x_wconf 81' lang='lat' dir='ltr'><strong>Caesaremnuntinuit‘.</strong></span> 
     </span>
    </p>

    <p class='ocr_par' dir='ltr' id='par_1_4' title="bbox 82 3513 1208 4318">
     <span class='ocr_line' id='line_1_33' title="bbox 170 3513 1204 3599; baseline 0.008 -20"><span class='ocrx_word' id='word_1_292' title='bbox 170 3513 303 3599; x_wconf 82' lang='lat' dir='ltr'><strong>Magnae</strong></span> <span class='ocrx_word' id='word_1_293' title='bbox 318 3515 423 3583; x_wconf 85' lang='lat' dir='ltr'><strong>turbae</strong></span> <span class='ocrx_word' id='word_1_294' title='bbox 439 3518 553 3581; x_wconf 90' lang='lat' dir='ltr'><strong>leuibus</strong></span> <span class='ocrx_word' id='word_1_295' title='bbox 569 3518 606 3581; x_wconf 89' lang='lat' dir='ltr'><strong>de</strong></span> <span class='ocrx_word' id='word_1_296' title='bbox 621 3516 722 3585; x_wconf 87' lang='lat' dir='ltr'><strong>causis</strong></span> <span class='ocrx_word' id='word_1_297' title='bbox 737 3518 888 3585; x_wconf 80' lang='lat' dir='ltr'><strong>excitatae</strong></span> <span class='ocrx_word' id='word_1_298' title='bbox 910 3533 981 3591; x_wconf 89' lang='lat' dir='ltr'><strong>sunt</strong></span> <span class='ocrx_word' id='word_1_299' title='bbox 999 3522 1086 3587; x_wconf 90' lang='lat' dir='ltr'><strong>initio</strong></span> <span class='ocrx_word' id='word_1_300' title='bbox 1102 3545 1130 3587; x_wconf 87' lang='lat' dir='ltr'><strong>o.</strong></span> <span class='ocrx_word' id='word_1_301' title='bbox 1151 3521 1204 3587; x_wconf 73' lang='lat' dir='ltr'><strong>ld.</strong></span> 
     </span>
     <span class='ocr_line' id='line_1_34' title="bbox 84 3614 1207 3709; baseline 0.011 -28"><span class='ocrx_word' id='word_1_302' title='bbox 84 3614 133 3681; x_wconf 85' lang='lat' dir='ltr'><strong>En</strong></span> <span class='ocrx_word' id='word_1_303' title='bbox 154 3618 247 3683; x_wconf 88' lang='lat' dir='ltr'><strong>uerba</strong></span> <span class='ocrx_word' id='word_1_304' title='bbox 269 3620 314 3684; x_wconf 92' lang='lat' dir='ltr'><strong>sie</strong></span> <span class='ocrx_word' id='word_1_305' title='bbox 335 3620 518 3687; x_wconf 79' lang='lat' dir='ltr'><strong>edebantnra</strong></span> <span class='ocrx_word' id='word_1_306' title='bbox 545 3618 601 3683; x_wconf 76' lang='lat' dir='ltr'><strong>‘At</strong></span> <span class='ocrx_word' id='word_1_307' title='bbox 614 3617 775 3705; x_wconf 72' lang='lat' dir='ltr'><strong>Pompeius</strong></span> <span class='ocrx_word' id='word_1_308' title='bbox 796 3622 926 3705; x_wconf 76' lang='lat' dir='ltr'><strong>cognitis</strong></span> <span class='ocrx_word' id='word_1_309' title='bbox 947 3625 985 3687; x_wconf 89' lang='lat' dir='ltr'><strong>iis</strong></span> <span class='ocrx_word' id='word_1_310' title='bbox 1001 3625 1104 3701; x_wconf 83' lang='lat' dir='ltr'><strong>rebus,</strong></span> <span class='ocrx_word' id='word_1_311' title='bbox 1128 3646 1207 3709; x_wconf 82' lang='lat' dir='ltr'><strong>qnae</strong></span> 
     </span>
     <span class='ocr_line' id='line_1_35' title="bbox 84 3716 1207 3809; baseline 0.008 -26"><span class='ocrx_word' id='word_1_312' title='bbox 84 3731 171 3784; x_wconf 85' lang='lat' dir='ltr'><strong>erunt</strong></span> <span class='ocrx_word' id='word_1_313' title='bbox 185 3716 268 3785; x_wconf 82' lang='lat' dir='ltr'><strong>Orici</strong></span> <span class='ocrx_word' id='word_1_314' title='bbox 291 3732 381 3804; x_wconf 88' lang='lat' dir='ltr'><strong>atque</strong></span> <span class='ocrx_word' id='word_1_315' title='bbox 397 3721 574 3806; x_wconf 79' lang='lat' dir='ltr'><strong>Apolloniae</strong></span> <span class='ocrx_word' id='word_1_316' title='bbox 594 3732 718 3807; x_wconf 80' lang='lat' dir='ltr'><strong>gestae,</strong></span> <span class='ocrx_word' id='word_1_317' title='bbox 744 3720 937 3809; x_wconf 78' lang='lat' dir='ltr'><strong>Dyrrbaebio</strong></span> <span class='ocrx_word' id='word_1_318' title='bbox 960 3728 1067 3791; x_wconf 88' lang='lat' dir='ltr'><strong>timens</strong></span> <span class='ocrx_word' id='word_1_319' title='bbox 1091 3728 1207 3799; x_wconf 79' lang='lat' dir='ltr'><strong>diurnis</strong></span> 
     </span>
     <span class='ocr_line' id='line_1_36' title="bbox 84 3822 1208 3915; baseline 0.009 -30"><span class='ocrx_word' id='word_1_320' title='bbox 84 3842 121 3885; x_wconf 94' lang='lat' dir='ltr'><strong>eo</strong></span> <span class='ocrx_word' id='word_1_321' title='bbox 144 3823 353 3906; x_wconf 88' lang='lat' dir='ltr'><strong>nocturnisque</strong></span> <span class='ocrx_word' id='word_1_322' title='bbox 379 3824 537 3887; x_wconf 85' lang='lat' dir='ltr'><strong>itineribus</strong></span> <span class='ocrx_word' id='word_1_323' title='bbox 559 3824 722 3889; x_wconf 88' lang='lat' dir='ltr'><strong>contendit.</strong></span> <span class='ocrx_word' id='word_1_324' title='bbox 755 3822 888 3893; x_wconf 86' lang='lat' dir='ltr'><strong>Simulae</strong></span> <span class='ocrx_word' id='word_1_325' title='bbox 910 3826 1028 3895; x_wconf 86' lang='lat' dir='ltr'><strong>Caesar</strong></span> <span class='ocrx_word' id='word_1_326' title='bbox 1048 3830 1208 3915; x_wconf 83' lang='lat' dir='ltr'><strong>appropin-</strong></span> 
     </span>
     <span class='ocr_line' id='line_1_37' title="bbox 83 3925 1206 4017; baseline 0.011 -30"><span class='ocrx_word' id='word_1_327' title='bbox 83 3944 176 4006; x_wconf 83' lang='lat' dir='ltr'><strong>qnare</strong></span> <span class='ocrx_word' id='word_1_328' title='bbox 185 3925 349 4005; x_wconf 88' lang='lat' dir='ltr'><strong>dicebatur,</strong></span> <span class='ocrx_word' id='word_1_329' title='bbox 367 3938 469 3991; x_wconf 87' lang='lat' dir='ltr'><strong>tantus</strong></span> <span class='ocrx_word' id='word_1_330' title='bbox 477 3938 577 3991; x_wconf 91' lang='lat' dir='ltr'><strong>terror</strong></span> <span class='ocrx_word' id='word_1_331' title='bbox 590 3926 692 3993; x_wconf 90' lang='lat' dir='ltr'><strong>incidit</strong></span> <span class='ocrx_word' id='word_1_332' title='bbox 701 3928 937 4009; x_wconf 81' lang='lat' dir='ltr'><strong>eiusexercitci,</strong></span> <span class='ocrx_word' id='word_1_333' title='bbox 952 3934 1030 4015; x_wconf 86' lang='lat' dir='ltr'><strong>qued</strong></span> <span class='ocrx_word' id='word_1_334' title='bbox 1039 3954 1206 4017; x_wconf 74' lang='lat' dir='ltr'><strong>properans</strong></span> 
     </span>
     <span class='ocr_line' id='line_1_38' title="bbox 83 4029 1207 4120; baseline 0.015 -32"><span class='ocrx_word' id='word_1_335' title='bbox 83 4038 198 4091; x_wconf 91' lang='lat' dir='ltr'><strong>noctem</strong></span> <span class='ocrx_word' id='word_1_336' title='bbox 215 4029 272 4091; x_wconf 86' lang='lat' dir='ltr'><strong>dici</strong></span> <span class='ocrx_word' id='word_1_337' title='bbox 289 4031 490 4094; x_wconf 78' lang='lat' dir='ltr'><strong>coniunxerat</strong></span> <span class='ocrx_word' id='word_1_338' title='bbox 504 4050 600 4111; x_wconf 89' lang='lat' dir='ltr'><strong>neque</strong></span> <span class='ocrx_word' id='word_1_339' title='bbox 615 4030 673 4093; x_wconf 91' lang='lat' dir='ltr'><strong>iter</strong></span> <span class='ocrx_word' id='word_1_340' title='bbox 687 4030 906 4111; x_wconf 76' lang='lat' dir='ltr'><strong>intermiserat,</strong></span> <span class='ocrx_word' id='word_1_341' title='bbox 938 4047 970 4099; x_wconf 93' lang='lat' dir='ltr'><strong>ut</strong></span> <span class='ocrx_word' id='word_1_342' title='bbox 991 4057 1085 4120; x_wconf 84' lang='lat' dir='ltr'><strong>pmcne</strong></span> <span class='ocrx_word' id='word_1_343' title='bbox 1099 4058 1207 4105; x_wconf 77' lang='lat' dir='ltr'><strong>omues</strong></span> 
     </span>
     <span class='ocr_line' id='line_1_39' title="bbox 82 4128 1206 4222; baseline 0.012 -30"><span class='ocrx_word' id='word_1_344' title='bbox 82 4130 112 4193; x_wconf 93' lang='lat' dir='ltr'><strong>in</strong></span> <span class='ocrx_word' id='word_1_345' title='bbox 136 4128 230 4213; x_wconf 81' lang='lat' dir='ltr'><strong>Epiro</strong></span> <span class='ocrx_word' id='word_1_346' title='bbox 258 4132 447 4214; x_wconf 77' lang='lat' dir='ltr'><strong>finitimisque</strong></span> <span class='ocrx_word' id='word_1_347' title='bbox 476 4132 650 4214; x_wconf 73' lang='lat' dir='ltr'><strong>regionibus</strong></span> <span class='ocrx_word' id='word_1_348' title='bbox 672 4136 757 4217; x_wconf 79' lang='lat' dir='ltr'><strong>signa</strong></span> <span class='ocrx_word' id='word_1_349' title='bbox 779 4136 1003 4219; x_wconf 79' lang='lat' dir='ltr'><strong>relinquerent,</strong></span> <span class='ocrx_word' id='word_1_350' title='bbox 1036 4138 1206 4222; x_wconf 83' lang='lat' dir='ltr'><strong>complures</strong></span> 
     </span>
     <span class='ocr_line' id='line_1_40' title="bbox 82 4235 1205 4318; baseline 0.011 -23"><span class='ocrx_word' id='word_1_351' title='bbox 82 4254 164 4298; x_wconf 82' lang='lat' dir='ltr'><strong>arura</strong></span> <span class='ocrx_word' id='word_1_352' title='bbox 180 4235 352 4318; x_wconf 88' lang='lat' dir='ltr'><strong>proicerent</strong></span> <span class='ocrx_word' id='word_1_353' title='bbox 365 4256 401 4299; x_wconf 89' lang='lat' dir='ltr'><strong>ac</strong></span> <span class='ocrx_word' id='word_1_354' title='bbox 416 4236 505 4317; x_wconf 77' lang='lat' dir='ltr'><strong>lagae</strong></span> <span class='ocrx_word' id='word_1_355' title='bbox 520 4235 617 4297; x_wconf 88' lang='lat' dir='ltr'><strong>simile</strong></span> <span class='ocrx_word' id='word_1_356' title='bbox 632 4235 691 4299; x_wconf 87' lang='lat' dir='ltr'><strong>iter</strong></span> <span class='ocrx_word' id='word_1_357' title='bbox 707 4238 878 4302; x_wconf 86' lang='lat' dir='ltr'><strong>uideretur’.</strong></span> <span class='ocrx_word' id='word_1_358' title='bbox 903 4238 961 4303; x_wconf 87' lang='lat' dir='ltr'><strong>llic</strong></span> <span class='ocrx_word' id='word_1_359' title='bbox 977 4242 1085 4305; x_wconf 88' lang='lat' dir='ltr'><strong>mirnm</strong></span> <span class='ocrx_word' id='word_1_360' title='bbox 1095 4239 1205 4307; x_wconf 89' lang='lat' dir='ltr'><strong>lleldio</strong></span> 
     </span>
    </p>
   </div>
   <div class='ocr_carea' id='block_1_4' title="bbox 0 0 1350 4688">
    <p class='ocr_par' dir='ltr' id='par_1_5' title="bbox 0 0 1350 4688">
     <span class='ocr_line' id='line_1_41' title="bbox 0 0 1350 4688; baseline 0 2"><span class='ocrx_word' id='word_1_361' title='bbox 0 0 1350 4688; x_wconf 95' lang='lat' dir='ltr'><strong> </strong></span> 
     </span>
    </p>
   </div>
  </div>
 </body>
</html>
