2692 4688
508 210 656 287 ΒΑΜ*
678 212 828 286 bil-dl.
1224 211 1292 283 227

114 399 325 454 ueteranorum
341 388 491 472 legionum
514 399 628 474 partem
650 388 818 453 cohortium
840 386 1052 464 collocauerat‚
1076 397 1233 472 praeterea

112 511 153 555 ar
168 491 298 554 tironum
314 511 426 575 panem
441 493 604 556 adiecerat.
649 488 785 557 Tertiam
799 500 897 554 autem
913 490 1008 554 aciem
1023 489 1054 552 in
1077 490 1232 554 sinistrum
1247 490 1268 556 3

113 614 200 656 suum
222 612 315 655 cornu
338 593 507 657 contulerat
528 604 559 656 et
580 613 675 677 nsque
697 595 735 657 ad
756 592 832 657 aciei
853 611 927 655 suae
944 591 1070 655 mediam
1086 591 1233 674 legionem

114 703 295 778 porrexerat
309 704 340 759 et
353 695 395 758 ita
411 696 642 776 conlocauerat,
665 696 708 758 nti
730 694 885 758 sinistrum
901 715 986 759 suurn
1008 713 1102 757 cornu
1123 694 1234 778 triplex

77 807 94 858 5
117 806 211 859 esset.
254 793 288 859 ld
304 817 340 861 eo
356 797 481 862 oonsilio
498 801 627 875 lecerat,
651 797 730 881 qnod
744 818 830 860 snum
847 798 986 861 dextrum
1001 795 1079 860 latua
1094 795 1269 861 munitio-l

77 889 79 893 ’
111 898 199 962 nibus
215 898 422 977 adimebatur,
439 899 595 964 sinistrum
609 909 720 973 autem,
743 898 891 980 equitatus
908 897 1035 962 hostiurn
1051 897 1233 962 multitudini

111 1000 153 1064 nti
174 999 274 1064 resisti
297 1011 417 1085 posset,
442 1000 612 1079 laborabat,
636 1002 799 1083 eodemque
823 1021 910 1064 suom
936 1019 1053 1063 omnem
1069 1000 1232 1082 equitatum

112 1102 281 1166 contulerat
295 1113 343 1180 et,
366 1104 444 1186 quod
464 1102 493 1166 ei
513 1123 619 1188 parum
641 1101 824 1181 confidebat,
849 1101 998 1187 praesidio
1020 1101 1066 1165 bis
1084 1101 1268 1185 equitibus5

111 1203 259 1288 legionem
281 1214 305 1267 V
326 1205 520 1287 praemiserat
542 1205 699 1292 leuemque
719 1216 899 1269 armaturam
914 1205 995 1267 inter
1008 1203 1124 1286 equites
1139 1205 1234 1270 inter-

56 1315 89 1368 to
111 1316 264 1389 posuerat.
304 1303 487 1390 Sagittarius
510 1307 595 1371 narie
616 1306 784 1391 passimque
801 1306 875 1371 locis
890 1305 982 1370 certis
997 1304 1185 1388 maximeque
1200 1307 1233 1370 iu

112 1407 254 1472 cornibus
277 1408 489 1473 collocauerat.
543 1405 595 1474 Sic
616 1419 811 1492 utrorumque
834 1409 986 1473 exereitus
1014 1407 1153 1472 instructi
1174 1429 1234 1473 nou
1247 1407 1289 1481 dl

112 1510 178 1592 plus
191 1530 332 1593 passuum
348 1520 410 1574 ccc
426 1510 585 1576 interiecto
600 1511 716 1596 spatio,
747 1512 825 1595 quod
840 1510 967 1575 forsitan
987 1519 1057 1573 aute
1072 1507 1101 1570 id
1117 1519 1233 1595 tempus

112 1611 256 1677 acciderit
269 1632 440 1694 numquam,
465 1616 536 1698 quin
552 1615 756 1694 dimicaretur,
780 1634 797 1678 a
815 1633 904 1677 mane
918 1632 1012 1696 usque
1034 1611 1071 1675 ad
1088 1611 1191 1676 boram
1205 1623 1233 1677 x

29 1764 36 1775 .
113 1712 159 1775 die
175 1714 382 1798 perstiterunt.
420 1714 543 1800 lamque
559 1713 758 1781 Caesareum
774 1715 941 1779 exercitum
957 1715 1037 1778 intra
1052 1712 1269 1780 munitiones2

57 1821 89 1875 tt
111 1833 182 1878 suas
197 1817 341 1879 reducere
356 1818 516 1898 coepisset,
534 1817 631 1880 subito
646 1819 807 1881 uniuersus
823 1817 972 1900 equitatus
987 1815 1114 1879 ulterior
1124 1816 1234 1880 Numi·

113 1916 217 1978 darum
235 1915 490 1998 Gaetulorumque
512 1918 577 1981 sine
593 1920 687 1982 benis
703 1919 739 1982 ab
755 1919 862 1982 dextra
879 1929 963 2002 parte
978 1938 1012 1981 se
1026 1938 1149 1982 mouere
1165 1939 1234 2002 pro·

113 2016 237 2099 piusque
252 2012 395 2083 Caesaris
410 2031 527 2095 castra,
552 2039 627 2100 quae
643 2031 730 2083 erant
744 2019 775 2083 in
791 2020 885 2095 colle,
910 2040 944 2085 se
959 2022 1097 2085 conferre
1121 2021 1232 2104 coepit,

111 2119 246 2182 frenatus
261 2131 361 2184 autem
378 2118 507 2185 Labieni
522 2139 614 2203 eques
628 2121 660 2184 in
676 2120 742 2183 loco
756 2141 932 2203 permanere
948 2123 1142 2206 legionesque
1157 2123 1233 2186 deti·

111 2240 202 2284 nere:
227 2243 293 2285 eom
309 2223 409 2287 subito
424 2244 493 2307 pars
510 2223 660 2305 equitatus
677 2218 821 2287 Caesaris
836 2244 902 2285 cum
919 2223 979 2286 leni
994 2233 1146 2286 armatura
1161 2222 1269 2288 con-3

54 2331 88 2387 2⁰
112 2330 158 2385 tra
168 2320 312 2387 Gaetulos
328 2325 443 2389 iniussu
458 2346 493 2389 ac
508 2334 622 2389 tenuem
634 2324 753 2410 longius
762 2324 915 2410 progressi
924 2323 1119 2409 paludemque
1135 2334 1233 2388 mans·

111 2424 208 2504 gressi
224 2427 439 2491 multitudinem
456 2427 584 2491 hostium
598 2428 684 2512 pauci
699 2426 848 2491 sustinere
863 2448 924 2492 uon
938 2435 1100 2512 potueruut
1115 2424 1270 2508 leuiquel

115 2536 265 2590 armatura
281 2529 399 2593 deserta
415 2530 490 2613 pulsi
507 2530 772 2614 conuulneratique
786 2550 847 2595 nno
862 2530 960 2614 equite
975 2531 1106 2608 amisso,
1130 2528 1231 2594 multis

111 2629 196 2710 equis
216 2630 344 2709 sauciis,
370 2631 446 2695 leuis
468 2644 639 2698 armaturae
653 2641 751 2697 xxvlt
768 2632 875 2697 occisis
897 2634 934 2697 ad
956 2654 1028 2698 snos
1043 2634 1230 2716 refugerunt.

112 2725 182 2809 Quo
205 2733 336 2797 secundo
357 2735 488 2816 equestri
510 2735 624 2818 proelio
649 2736 727 2800 iacto
743 2731 845 2819 Scipio
868 2735 898 2798 in
915 2745 1017 2799 castra
1032 2735 1127 2799 laetus
1143 2729 1268 2797 nocteb

52 2841 87 2898 25
110 2833 209 2915 copias
225 2835 358 2899 reduxit.
390 2833 479 2918 Quod
494 2838 645 2923 proprium
662 2836 801 2922 gandium
818 2836 1026 2922 [bellantibus]
1042 2838 1163 2899 fortuna
1178 2834 1232 2897 tri·

219 2955 231 3006 l
247 2964 431 3010 ueteraourum
445 2959 575 3024 legionum
588 2966 687 3025 partem
697 2956 918 3026 Oudendorpr'us5
933 2956 989 3007 lere
1002 2970 1091 3007 earum
1104 2955 1233 3018 legionum

109 3038 210 3097 partem
224 3034 248 3097 b,
265 3032 319 3084 lere
334 3036 358 3085 in
373 3052 460 3086 earum
473 3037 601 3100 legionum
613 3044 686 3104 parte
698 3037 739 3101 (a)
752 3052 780 3086 a.
892 3030 1081 3098 colloeauerat]
1095 3031 1233 3083 ordinaue·

109 3114 151 3156 rat
164 3109 189 3158 b.
294 3110 431 3161 ltironnm
444 3111 533 3175 codd„
541 3114 654 3162 tironum
666 3110 811 3174 legionibus
821 3127 850 3162 u.
955 3124 1051 3177 paucos
1061 3109 1196 3159 adiecerat
1204 3110 1228 3173 b,

110 3183 243 3234 adiecerat
255 3198 351 3249 paucas
364 3202 391 3237 a.
495 3195 583 3239 autem
595 3188 627 3237 ad
642 3188 745 3238 tertiam
758 3187 841 3237 aciem
853 3188 902 3237 ab.
1005 3186 1229 3238 deontularanta.

217 3263 233 3313 l
243 3273 397 3328 porrexerat
405 3273 432 3317 et
439 3267 475 3317 ita
483 3263 672 3331 collocauerat]
682 3265 859 3316 collocanerat
868 3271 896 3316 et
903 3265 940 3316 ita
947 3265 1138 3316 ordinaueratb
1147 3263 1230 3328 (conl.

109 3339 149 3405 a).
273 3343 406 3394 sinistrum
420 3360 501 3395 cornu
515 3344 539 3408 b,
554 3345 655 3395 sinistri
668 3344 709 3395 sui
722 3359 817 3394 cornus
830 3358 847 3393 o
860 3347 888 3393 et
898 3343 1000 3397 sinistri
1013 3344 1053 3395 sui
1067 3347 1149 3393 etium
1159 3355 1230 3391 snus

110 3417 163 3467 det.
282 3421 587 3473 iesactom.a·tdett.
704 3421 917 3489 qnod]utcodd.
1027 3418 1232 3471 dadiuuubatur

109 3493 150 3556 (a)
164 3494 188 3556 b,
199 3494 338 3546 adiuuaret
350 3513 373 3546 e.
479 3498 591 3550 laesisti
603 3511 620 3546 a
633 3499 647 3547 b
658 3513 681 3561 a,
695 3498 819 3549 resistere
832 3514 860 3548 u.
966 3496 1103 3548 laborabat
1114 3497 1131 3550 2
1143 3494 1230 3557 detta

109 3570 214 3622 laborat
225 3573 262 3622 bo
274 3579 302 3623 et
314 3589 383 3624 oorr.
398 3590 426 3638 a,
437 3575 537 3626 laboret
549 3580 613 3626 onte
626 3591 697 3627 corr.
710 3592 738 3626 a.
842 3576 890 3629 bia
902 3591 928 3627 u.
1037 3573 1229 3639 lllsaqittarios

108 3650 203 3715 passim
217 3649 335 3718 locisque
348 3654 428 3704 certis
441 3655 550 3704 masinae
564 3654 743 3707 collocauerut
755 3656 780 3705 b.
927 3655 955 3706 ll
970 3662 1081 3721 utroquo
1095 3655 1120 3705 b.

110 3729 142 3780 12
155 3737 215 3780 ante
228 3745 281 3781 om.
297 3732 322 3781 b.
428 3732 595 3784 ldacciderit
607 3747 624 3782 a
636 3733 653 3782 2
665 3732 744 3795 dett,
759 3732 894 3783 ceciderat
906 3747 934 3782 u.
1037 3745 1166 3797 nunquam
1179 3733 1229 3796 (a).

219 3811 250 3862 tt
263 3810 371 3874 dieue,
385 3810 437 3861 diei
449 3826 478 3861 a.
612 3811 671 3861 duan
684 3810 762 3862 codd.
775 3810 808 3862 Ρ.
824 3810 865 3863 lb.
993 3810 1061 3861 intra
1074 3809 1231 3863 munitiones
1337 3838 1342 3847 ·

108 3900 171 3937 suns
185 3888 311 3938 reducere
324 3887 509 3952 aStepbauus,
519 3888 645 3939 reducere
653 3887 723 3937 iutra
731 3888 887 3938 munitiones
895 3901 958 3938 suas
966 3887 1157 3940 eeteraeedd..·
1168 3902 1230 3940 anas

108 3981 162 4017 om.
178 3966 203 4016 b.
311 3965 383 4017 ldab
396 3966 490 4017 dextra
502 3973 576 4032 parte
589 3981 647 4032 ogo,
659 3965 691 4016 ad
703 3966 821 4016 dextrum
835 3965 1020 4031 partemootld.
1030 3965 1174 4031 (deuterum
1187 3964 1228 4032 a).

108 4045 140 4096 P.
154 4044 214 4098 222.
323 4043 480 4095 18detlnere
493 4043 701 4108 egopdestinere
713 4059 740 4106 o,
749 4043 893 4094 destituere
906 4044 936 4107 b,·
945 4042 1072 4095 distinere
1085 4059 1104 4094 a
1116 4049 1145 4094 et
1156 4057 1229 4094 corr.

109 4137 136 4173 o.
248 4123 281 4175 ld
294 4122 467 4189 transgressi]
481 4122 611 4189 progressi
623 4137 651 4172 a.
756 4122 790 4173 22
803 4120 908 4172 dasena
920 4136 979 4187 ego,
995 4120 1093 4173 deserti
1106 4135 1137 4171 ae
1150 4118 1229 4171 codd.

109 4199 140 4249 Ρ.
154 4201 215 4250 222.
325 4201 358 4253 24
371 4201 396 4251 in
408 4206 496 4251 eastra
509 4199 595 4248 laetus
606 4213 634 4261 a,
648 4195 734 4247 laetus
746 4197 772 4247 in
786 4204 875 4249 castra
887 4198 946 4250 edd.
1053 4201 1086 4251 25
1099 4196 1229 4251 otauttuut

108 4291 125 4325 o
138 4294 153 4327 c
164 4277 190 4341 d,
205 4277 317 4329 cladiuut
331 4281 355 4330 b.
463 4273 643 4344 [bellantibus]
655 4274 686 4326 P.
700 4276 752 4330 222
764 4280 838 4327 eatr-
