2692 4688
46 219 110 287 356
447 216 505 287 DE
521 217 665 287 authu
682 216 874 289 GALLICO

104 389 190 456 Loca
205 402 277 456 sunt
296 391 509 475 temperatiora
531 414 616 476 quam
633 393 664 456 in
687 389 787 458 Gallia
809 391 1033 458 remissioribus
1051 390 1224 478 bigoribus.

47 493 90 565 18
103 490 203 559 insula
221 504 326 558 natura
344 494 501 577 triquetra,
518 497 603 558 ouius
620 516 710 558 unum
727 495 804 560 latus
820 505 867 560 est
881 506 986 560 eontra
996 490 1137 559 Galliam.
1162 492 1228 559 llu-

103 597 151 661 ius
166 597 271 661 lateris
287 598 363 660 alter
378 596 518 679 angulus,
535 597 585 684 qui
602 607 648 660 est
662 597 700 661 od
716 592 874 676 Cantium,
898 619 956 680 quo
979 598 1043 662 lero
1065 617 1169 661 omnes
1184 618 1227 662 rx

104 695 204 763 Gallia
220 720 312 762 naues
328 699 527 782 appellantur,
545 699 581 762 ad
597 700 742 764 orientem
758 700 865 779 solem,
883 699 1057 764 inferiorad
1073 700 1228 764 meridiem

67 801 232 886 2speotat.
266 798 330 863 Hoo
346 802 476 884 pertinet
490 801 612 864 eireiter
628 801 708 865 milia
723 823 860 885 passuum
877 802 1052 886 quingenta.
1083 797 1224 867 Alterum
1247 816 1262 866 5

104 905 204 988 uergit
225 904 262 966 ad
279 902 454 987 Hispaniam
479 914 568 986 atque
591 904 775 968 occidentem
791 903 906 982 solem3
930 925 989 987 qua
1010 924 1049 967 ex
1073 915 1158 987 parto
1180 915 1227 969 est

104 1004 264 1084 Hibernia,
283 1006 403 1069 dimidio
419 1006 528 1083 salsior,
546 1015 579 1068 ut
593 1006 782 1083 aestimatur,
800 1028 888 1089 quam
904 1003 1074 1083 Britannia,
1092 1006 1145 1070 sed
1160 1007 1224 1091 pari

69 1106 89 1173 ³
104 1109 200 1194 spatio
216 1109 411 1172 transmissus
427 1117 515 1191 atque
531 1129 570 1172 ex
587 1105 687 1172 Gallia
701 1119 750 1175 εει
763 1108 793 1172 in
808 1105 1010 1175 Britanniam.
1037 1105 1073 1171 ln
1091 1108 1147 1173 hoe
1162 1127 1224 1173 me·

103 1211 151 1276 dio
168 1232 258 1275 eursu
273 1220 322 1274 est
335 1210 452 1287 insula,
478 1232 553 1294 quae
568 1210 732 1296 appellatur
747 1209 860 1275 Mons:
885 1212 1045 1295 conplures
1066 1219 1224 1294 praeterea

103 1313 235 1377 minores
252 1313 406 1377 subiectae
420 1313 535 1378 insulae
551 1315 782 1394 existimantur3
800 1312 950 1397 dequibus
965 1313 1072 1378 insulis
1088 1311 1225 1377 nonnulli
1249 1325 1281 1378 tu

67 1415 289 1499 bseripserunt
304 1415 367 1477 dies
384 1415 543 1478 oontiuuos
561 1416 681 1500 triginta
697 1416 751 1480 sub
767 1417 871 1479 bruma
894 1435 963 1479 esse
985 1426 1117 1478 noctem.
1155 1412 1224 1481 Nos

104 1518 175 1582 nihii
194 1517 230 1581 de
246 1537 282 1580 eo
297 1516 814 1601 percontationibusreperiebamus,
832 1519 891 1582 nisi
907 1517 997 1582 oertis
1007 1539 1045 1582 ex
1055 1537 1132 1601 equa
1142 1537 1224 1583 men-

68 1616 87 1682 5
102 1619 182 1684 suris
197 1618 352 1682 breuiores
369 1639 436 1682 esse
452 1641 538 1701 quam
554 1618 585 1681 in
601 1620 767 1683 continenti
783 1632 887 1685 nostes
903 1618 1088 1684 uidebamus.
1126 1616 1225 1685 liuius

104 1732 151 1785 est
165 1720 321 1805 longitudo
336 1720 457 1799 latoris,
477 1732 510 1785 ut
525 1722 585 1786 lert
599 1722 715 1785 illorum
732 1723 851 1806 opinio,
875 1723 1132 1807 septingentorum
1147 1722 1225 1787 mili·

66 1821 90 1889 11
104 1845 165 1889 um.
197 1823 335 1889 Tertium
351 1836 399 1887 ost
413 1834 517 1886 eontra
533 1825 772 1908 septentriones3
791 1825 839 1889 oui
856 1826 932 1909 parti
948 1825 1030 1889 nulla
1045 1834 1093 1889 est
1107 1823 1225 1888 obieeta
1249 1835 1281 1889 tt

104 1937 205 2001 terra,
228 1928 280 1990 sed
304 1928 368 1990 eius
392 1926 519 2009 angulus
541 1925 641 1991 lateris
664 1927 794 1992 maxime
817 1928 854 1990 ad
877 1924 1070 1991 Germaniam
1093 1936 1221 2010 spectat.

103 2026 170 2093 hloe
192 2029 274 2092 milia
296 2050 435 2113 passuum
459 2029 633 2114 octingenta
656 2029 687 2092 in
702 2028 916 2113 longitudinem
934 2049 1002 2093 esse
1018 2027 1222 2094 existimatur.

66 2126 151 2195 7lta
173 2131 269 2195 omnis
291 2130 389 2195 insula
410 2141 458 2194 est
479 2131 511 2194 in
535 2132 662 2195 circuitu
687 2131 781 2195 uieies
805 2142 924 2196 uentum
940 2130 1053 2194 milium
1070 2151 1221 2215 passuum.

46 2231 89 2303 14
103 2230 154 2298 Ex
171 2233 217 2299 bis
238 2234 374 2298 omnibus
395 2233 484 2321 longe
505 2245 576 2298 sunt
596 2232 822 2314 humanissimi,
845 2233 894 2317 qui
911 2228 1050 2296 Cantium
1072 2232 1219 2310 incolunt,

102 2339 277 2422 quaeregio
294 2349 342 2402 est
356 2338 514 2401 marituma
529 2337 644 2413 omnis,
668 2355 765 2420 neque
780 2337 902 2400 multum
919 2356 935 2398 a
953 2333 1069 2399 Gallica
1082 2332 1221 2399 differunt
1242 2345 1278 2397 ‘td

64 2437 328 2503 ammonariae.
360 2438 524 2502 Interiores
541 2439 674 2522 plerique
690 2441 836 2502 lrumeuta
851 2460 911 2501 non
927 2448 1051 2515 serunt,
1076 2435 1128 2501 sed
1142 2435 1222 2500 laeto

101 2550 133 2601 et
147 2561 237 2604 earne
254 2541 360 2603 uiuunt
375 2538 557 2623 pellibusque
573 2551 644 2604 sunt
660 2542 774 2604 uestiti.
814 2537 928 2605 Omnes
945 2561 1018 2604 uero
1034 2560 1067 2605 so
1081 2534 1221 2603 Britanni

104 2641 338 2719 nitroinheinnt,
356 2642 433 2726 quod
442 2644 609 2707 caeruleum
619 2643 705 2707 effioit
714 2642 857 2723 colorem,
876 2653 964 2727 atque
973 2641 1029 2707 hoe
1039 2640 1222 2707 horridiores

208 2887 220 2940 1
237 2888 369 2940 remissior
385 2895 413 2938 et
425 2885 565 2951 frigoribus
578 2902 607 2951 a,
623 2903 687 2938 rem.
701 2888 778 2938 etiam
793 2886 853 2952 lrig.
869 2888 894 2937 b.
1039 2883 1172 2939 binsnlse
1184 2884 1220 2936 1).

208 2967 337 3032 triquetra
350 2983 363 3017 o
371 3005 379 3030 ,
395 2966 528 3034 triquadra
542 2967 618 3030 ειυς
634 2967 738 3033 utrique
748 2967 787 3016 15.-
806 2968 878 3016 ίιηεε.
890 2963 1018 3031 plerique
1030 2963 1144 3030 utrique,
1158 2963 1223 3014 utri·

99 3058 191 3107 nsque,
205 3044 332 3110 utrisque,
348 3043 454 3111 utique'.
583 3043 597 3095 3
612 3060 699 3095 omnes
713 3043 815 3095 Galliae
829 3057 908 3092 naues
923 3041 947 3091 b.
1072 3042 1222 3107 {respectat

100 3119 194 3169 BCD.
335 3121 383 3170 hoc
396 3120 508 3187 pertinet
520 3120 633 3171 Abori
640 3159 649 3183 ,
665 3123 712 3171 hoo
726 3121 793 3171 intus
807 3127 880 3169 tenet
893 3119 986 3169 bede.
1133 3134 1148 3168 n
1161 3116 1219 3183 (Β).

208 3198 221 3248 7
236 3196 369 3262 ilibernin]
384 3199 469 3248 insula
482 3198 545 3249 odd.
561 3198 653 3249 bodo.
753 3200 906 3249 aestimatur
919 3198 965 3260 (B)
980 3198 1054 3248 ‘mss
1068 3212 1176 3259 nonem,
1191 3200 1221 3246 irs

99 3273 195 3336 quibus
209 3273 247 3334 b',·
262 3274 428 3323 existimatur
440 3291 465 3324 e.
561 3274 679 3325 britania
690 3275 723 3326 B.
825 3276 841 3326 8
856 3271 1038 3339 transmissus]
1053 3272 1180 3324 transitus
1195 3272 1220 3321 b.

207 3349 347 3399 Britnniam
360 3350 394 3399 B.
426 3372 436 3382 ·
499 3351 712 3401 brumum&
819 3351 956 3417 conplures
968 3350 1001 3399 B.
1115 3349 1146 3402 10
1160 3349 1221 3401 sub-

98 3427 183 3477 ieotae
196 3428 220 3477 B
232 3432 258 3477 ot
271 3428 388 3492 reliqui,
404 3428 520 3477 obiectae
535 3428 625 3479 bede.
793 3428 887 3479 insulis
901 3443 954 3478 om.
968 3442 1004 3476 m.
1016 3440 1061 3492 pr.
1077 3426 1109 3477 (⁷.

99 3504 128 3555 il
143 3519 197 3555 xxx
210 3505 265 3568 (B).
375 3506 404 3557 ¹2
419 3505 670 3572 percontationibus,
684 3521 736 3555 non
750 3513 896 3572 perennet„
909 3510 942 3567 B,
951 3510 977 3554 ei
989 3503 1221 3572 ‘percunctationi-

98 3580 146 3631 bus
159 3583 218 3631 siue
226 3585 322 3647 potius
336 3584 575 3649 percontationibus
588 3601 651 3635 mss.
666 3584 775 3634 omnes'.
881 3584 1093 3651 repperiebumus
1105 3586 1140 3636 B.

97 3660 129 3711 13
143 3658 293 3712 uidebamus
307 3677 358 3712 om.
374 3680 396 3711 a.
538 3663 567 3714 ll
582 3671 611 3714 ut
624 3678 709 3716 eorum
725 3662 776 3713 lert
789 3662 875 3728 opinio
890 3661 959 3713 boe.
1101 3677 1148 3712 noe
1161 3663 1218 3728 (B).

207 3738 481 3805 ldexpectotBCD.
674 3741 704 3792 17
718 3739 1034 3805 boeB‘meisedseim',
1050 3740 1219 3794 buiebede.

204 3817 335 3879 necem).
438 3819 463 3867 in
479 3816 641 3867 latitudinem
653 3819 688 3868 1).
784 3814 1219 3884 existimator]arbitrantnrbes.

205 3890 236 3943 18
249 3900 353 3942 eentum
372 3893 468 3943 milium
483 3893 529 3956 (B)
542 3898 624 3958 atque
643 3897 685 3944 ila
707 3892 791 3943 ‘uelo
804 3893 919 3945 milium'
937 3895 962 3944 A
971 3894 993 3945 C
1000 3895 1048 3944 Db
1055 3933 1064 3959 ,
1087 3894 1180 3945 emili.
1194 3910 1218 3943 ε.

205 3970 237 4021 lh
251 3986 281 4019 ex
295 3970 327 4019 iis
341 3971 373 4021 B.
495 3973 528 4023 20
541 3971 677 4023 maritume
693 3972 758 4024 AB.
881 3986 896 4022 ι
909 3970 1010 4023 Gallico
1026 3974 1099 4037 boe,
1115 3972 1218 4025 Gallias

95 4048 225 4101 Auca.
330 4050 358 4103 21
377 4048 659 4103 trumentueonsernnt
672 4052 708 4102 D.
823 4052 857 4105 22
872 4052 969 4102 britani
982 4053 1015 4102 B.
1134 4052 1166 4108 2³
1180 4053 1220 4105 si·

98 4136 184 4181 traua
199 4126 267 4177 nitro
281 4130 310 4176 ia
323 4142 337 4176 s
350 4127 503 4192 legeretur,
525 4129 715 4197 ultas-impius
733 4130 885 4182 descernere
905 4148 957 4183 non
974 4136 1086 4198 polur't‚·
1107 4132 1177 4185 nitro
1195 4134 1220 4185 B

97 4206 170 4255 ‘ussa
186 4202 236 4255 Μ’.
342 4203 501 4255 horridiores
516 4207 539 4256 B
553 4208 647 4260 ‘reteri
659 4207 770 4271 omnss'5
790 4208 970 4262 horribiliora
984 4210 1035 4274 bs,
1051 4209 1220 4263 horribiliora

94 4300 125 4351 e,-
139 4284 283 4341 horridiore
296 4299 324 4337 u.
