2684 4694
574 228 786 300 CAESARIS

458 429 496 470 un
510 428 560 469 cu.
578 427 725 470 nourrrvx
739 421 900 467 cacrruru.

613 513 660 590 (⁰-
677 505 748 589 ⁴⁸·)

207 609 296 674 Coeo.
313 610 344 673 b.
362 613 423 674 eiu.
440 608 511 689 ΙΙΙ,
528 608 593 687 78,
610 607 649 672 5:
674 607 857 673 Praemissis
879 603 991 666 nuntiis
1007 603 1045 666 ud
1061 600 1124 669 Cn.
1143 604 1252 671 Domi·

106 713 178 776 tium
194 707 312 776 Caesar
326 711 446 795 scripsit
460 724 503 789 ct,
520 712 588 795 quid
604 711 668 774 deri
686 711 787 784 uellet,
806 709 950 773 ostendit.

205 812 292 876 Hire.
310 813 340 877 b.
355 811 458 877 Alea.
474 813 528 891 34,
539 812 578 876 32
602 811 653 878 Aa
667 813 801 896 legiones
817 813 966 896 profectus
982 832 1070 874 unam
1087 830 1130 874 ex
1147 809 1247 873 tribus
1268 820 1283 871 5

120 921 232 979 xxxvl
248 934 349 978 secum
364 917 455 997 ducit,
474 918 548 980 duas
562 915 593 980 in
609 916 780 1000 Aegyptum
795 915 832 977 ad
847 909 1011 978 Caesarem
1027 913 1120 977 mittit
1135 913 1249 976 litteris

119 1017 185 1082 eius
201 1026 356 1081 euocatus.

205 1117 292 1182 Idem
307 1120 381 1183 r'did.
399 1119 460 1198 38,
479 1120 514 1183 l:
538 1119 685 1185 Proxima
707 1129 796 1183 nocte
811 1117 985 1183 Pharnaces
1007 1116 1187 1199 interceptis
1202 1124 1248 1177 ta·

119 1218 265 1298 bellariis,
283 1222 333 1304 qui
349 1222 384 1284 de
394 1221 611 1288 Alexandrinis
626 1223 717 1286 rebus
733 1221 849 1284 litteras
863 1218 1075 1284 adllomitium
1089 1217 1245 1292 ferebant,

120 1323 278 1403 cognoscit
293 1308 456 1388 Caesarem
472 1325 626 1408 magnoin
642 1325 774 1408 periculo
789 1322 908 1386 uersari
923 1319 1110 1404 llagitarique
1126 1317 1165 1381 ab
1182 1316 1248 1380 llo·
1270 1327 1299 1380 ts

121 1422 216 1500 mitio,
234 1435 368 1508 utquam
385 1427 510 1509 primum
526 1423 652 1490 Caesari
668 1424 800 1490 subsidia
815 1422 964 1500 mitteret,
982 1421 1164 1505 propiusque
1178 1420 1246 1503 ipse

119 1521 337 1587 Alexandriam
354 1546 408 1610 per
424 1525 545 1613 Syriam
561 1531 729 1593 accederet.

551 1651 589 1691 sn
604 1651 633 1691 a.
653 1649 805 1692 oneratura.
1181 1634 1187 1645 '

206 1733 252 1808 (o.
270 1728 327 1811 48)
343 1728 429 1794 Hr'rt.
447 1730 477 1794 b.
495 1726 597 1793 Ales.
615 1729 669 1810 42,
680 1731 719 1795 5:
744 1726 822 1794 Cum
838 1725 1038 1793 diuersissima
1052 1733 1141 1808 parte
1156 1724 1246 1789 orbis

120 1843 267 1897 terrarum
289 1828 348 1896 Cu.
365 1830 537 1916 Pompeium
560 1828 676 1896 Caesar
697 1833 796 1895 uictor
816 1840 992 1915 sequeretur
1011 1827 1245 1911 compluresque
1268 1837 1298 1889 tt

118 1935 308 1998 aduersarios
324 1935 354 1998 in
370 1932 520 2019 Illyricum
536 1944 657 2019 propter
668 1931 865 1997 Macedoniae
880 1930 1129 2016 propinquitatem
1145 1949 1180 1992 se
1194 1948 1242 1992 re-

118 2034 219 2118 liquiis
241 2057 281 2100 ex
303 2039 373 2120 luga
397 2037 530 2100 collectis
552 2037 717 2101 contulisse
732 2035 869 2112 audiret,
893 2033 1010 2097 litteras
1026 2033 1063 2096 ad
1079 2029 1243 2096 Gabinium

118 2137 227 2216 mittit,
245 2140 287 2202 uti
302 2160 369 2203 eum
385 2137 552 2222 legionibus
568 2139 715 2216 tironum,
733 2157 811 2219 quae
826 2156 922 2220 nuper
936 2146 1023 2199 crant
1037 2133 1239 2216 conscriptae,

118 2241 360 2326 proficisceretur
373 2241 403 2304 in
415 2238 567 2326 lllyricunu
583 2240 808 2323 coniunctisque
823 2237 916 2322 copiis
932 2257 997 2300 eum
1010 2233 1050 2319 Q.
1062 2231 1241 2309 Cornificio,

120 2342 247 2425 siquod
271 2345 433 2429 periculum
456 2342 628 2426 prouinciae
648 2341 828 2419 inferretur,
853 2340 1035 2423 depelleret,
1058 2338 1105 2401 sin
1128 2356 1166 2399 ea
1182 2355 1243 2398 non
1264 2343 1297 2395 20

119 2446 236 2526 magnis
252 2447 344 2528 copiis
361 2456 423 2509 tuta
439 2464 508 2509 esse
523 2456 637 2528 posset,
654 2444 684 2507 in
695 2442 903 2506 Macedoniam
918 2442 1053 2525 legiones
1066 2441 1240 2505 adduceret.

473 2567 510 2608 sn
526 2570 555 2618 a.
573 2568 696 2610 cassurus
711 2566 875 2610 nouorum.

611 2653 659 2730 (⁰-
676 2647 747 2729 48.)

203 2747 289 2813 Hirt.
309 2751 338 2814 b.
358 2751 458 2815 Ales.
476 2748 529 2828 51,
550 2750 587 2813 l:
612 2749 735 2815 luterim
750 2752 868 2815 litteras
883 2747 997 2831 accepit
1013 2766 1028 2810 a
1046 2741 1194 2822 Caesare,
1212 2755 1245 2807 ut

117 2850 150 2914 in
166 2851 299 2915 Africam
323 2852 487 2916 exercitum
511 2853 653 2916 traiceret
674 2874 784 2938 perque
800 2850 1015 2916 Mauritaniam
1031 2849 1067 2911 ad
1083 2848 1159 2911 lines
1174 2845 1244 2910 Nu·
1264 2855 1295 2909 2⁵

117 2953 227 3017 midiae
242 2954 426 3037 perueniret,
443 2954 520 3035 quod
537 2974 644 3037 magna
660 2951 719 3018 Cn.
736 2952 880 3038 Pompeio
895 2951 971 3017 lube
984 2951 1108 3015 miserat
1121 2947 1240 3012 auxilia

117 3055 289 3137 maioraque
304 3055 450 3118 missurus
466 3055 706 3120 existimabatur.

203 3157 289 3218 Idem
305 3156 382 3218 ibid.
401 3155 454 3233 56,
473 3155 511 3219 1:
537 3154 673 3221 Litteras
688 3178 705 3221 a
721 3155 857 3222 Caesare
871 3158 979 3222 missas
995 3155 1115 3238 accipit,
1133 3151 1241 3237 quibus

117 3257 271 3343 cognoscit
286 3256 460 3341 Pompeium
478 3258 508 3321 in
525 3259 589 3323 acie
604 3262 715 3324 uictum
732 3262 850 3324 amissis
866 3261 959 3343 copiis
971 3259 1098 3342 legisse.

565 3383 603 3425 an
620 3383 784 3427 ausunrvu.
1264 3363 1296 3415 ³⁰

205 3466 248 3545 (a.
264 3462 321 3544 47)
338 3461 422 3524 Prae.
445 3461 536 3524 Caes.
555 3459 615 3526 50:
651 3464 717 3547 Τη’ς
738 3462 852 3553 μάχης
873 3457 998 3546 ταύτης
1012 3458 1078 3545 τη“ν
1093 3454 1241 3543 ὀξύτητα

116 3564 175 3632 sol
195 3565 235 3631 τὸ
257 3557 358 3654 τάχος
382 3559 596 3653 ἀναγγέλλων
619 3568 667 3638 εἷς
680 3560 814 3652 Ῥώμην
837 3559 921 3650 πρός
942 3585 1019 3631 τινα
1042 3560 1242 3646 τῶνφίλων

115 3659 304 3757 Ἀμάντιον
319 3671 449 3755 ἔγραψε
463 3679 551 3751 τρεῖς
567 3668 668 3742 λέξεις
678 3661 828 3745 Ἦλθον,
844 3665 949 3746 εἶδον,
965 3665 1113 3748 ἐνίκησα.

488 3791 525 3833 sn
541 3791 569 3830 c.
587 3789 718 3833 nuciurvu
734 3790 861 3832 cuuvvu.

200 3870 329 3935 Seston.
346 3870 436 3935 Caes.
447 3868 507 3935 73:
533 3866 570 3935 C.
587 3865 682 3934 Caluo
698 3883 766 3954 post
781 3872 892 3934 lamosa
909 3870 1122 3954 epigrammata
1138 3863 1175 3929 de
1193 3885 1241 3929 rc·
1264 3873 1297 3926 35

115 3971 324 4035 conciliatione
340 3992 394 4056 per
408 3973 521 4036 amicos
536 3973 636 4056 agenti
652 3973 731 4036 ultro
747 3994 781 4035 ac
797 3972 880 4055 prior
894 3971 1026 4053 scripsit.

222 4077 236 4126 5
250 4072 394 4141 proiectus]
408 4077 558 4127 Domitius.
663 4076 693 4127 31
708 4074 756 4138 τῆς
766 4070 853 4139 μάχης
864 4072 973 4142 scitas]
986 4072 1062 4140 opud
1069 4071 1166 4123 Zslum
1178 4085 1240 4120 cum

112 4152 252 4204 Pharnace
272 4155 438 4203 commissus.
457 4155 555 4206 Eodem
574 4154 653 4205 modo
665 4152 784 4218 Appium.
801 4153 824 4202 d.
839 4156 892 4203 eiu.
907 4154 948 4217 ll,
965 4153 1014 4204 91:
1030 4147 1074 4204 ’Bc
1091 4144 1122 4200 δὲ
1131 4145 1240 4215 Ῥώμην

111 4233 173 4298 περὶ
190 4224 272 4295 τῆσδε
287 4226 335 4294 τῆς
352 4224 439 4297 μάχης
455 4226 607 4281 ἐπέστελλεν
623 4227 689 4297 Ἔγὼ
702 4223 732 4278 δὲ
745 4218 847 4293 η’λθον,
863 4223 1070 4293 sidonemque.
1092 4226 1241 4277 Suetonius

108 4307 185 4359 ns'ddl
193 4308 227 4361 dc
240 4308 359 4374 littoris,
374 4308 422 4360 sed
439 4312 467 4359 in
480 4308 618 4373 triumpho
632 4307 748 4358 Pontico
762 4311 846 4358 trium
858 4309 1002 4358 umbonum
1016 4306 1150 4358 titulum.-
1162 4305 1238 4370 ueni,

104 4390 173 4461 nidi,
189 4393 243 4448 uici
260 4391 409 4450 Caesarem
419 4387 587 4461 praetulisse
600 4403 625 4438 c.
635 4385 666 4437 ‘tt
682 4385 780 4450 rescat.
