2692 4688
41 237 105 305 372
414 286 416 291 -
443 235 500 304 llll
523 234 668 304 tutuo
691 232 882 304 caduco

46 405 85 494 'pb
100 408 563 492 constipanerautreoessumque
571 409 673 492 primis
682 408 777 472 ultimi
793 431 854 472 non
869 407 988 471 dabant
1012 405 1138 472 Paulum
1154 409 1221 491 qui·

98 511 164 575 dem
180 510 349 574 intermisso
365 511 481 574 flammo
496 521 528 574 et
542 512 667 594 quodam
683 511 749 575 loco
765 513 841 574 turri
857 511 960 574 adacta
978 520 1009 574 ct
1023 510 1219 595 contingente
1255 580 1259 587 ⁸

22 608 24 613 ’
98 613 208 678 uallum
225 613 333 677 tertiae
341 613 473 676 cohortis
489 614 683 676 centuriones
699 634 740 677 ex
754 634 802 691 eo,
821 635 878 696 quo
894 613 1025 691 stabant,
1043 613 1219 676 locoreces·

99 724 205 779 serunt
219 735 348 798 suosque
364 735 467 778 omues
482 725 689 788 rennuerunt,
710 726 784 778 nutu
800 715 982 798 nucibusque
999 714 1114 792 hostes,
1130 714 1156 778 si
1173 714 1220 778 in·

54 825 59 835 “
98 818 193 881 troire
208 816 338 896 uellent,
365 837 476 881 uocare
490 827 673 901 coeperunt3
699 838 824 900 quorum
841 817 978 902 progredi
994 837 1085 880 ausus
1101 826 1149 880 est
1164 836 1217 881 ue·
1239 828 1255 879 t

61 917 159 983 7mo.
191 917 270 983 Tum
287 940 325 982 ex
342 918 422 982 omni
448 930 531 1003 parte
547 920 692 1003 lapidibus
707 919 853 983 coniectis
869 920 1038 996 deturbati,
1066 917 1219 1001 turrisque

40 1018 89 1091 ’14
103 1021 220 1086 succisa
236 1030 294 1085 cst.
326 1017 425 1084 Erunt
439 1020 470 1084 in
487 1042 521 1085 ea
539 1020 658 1105 legione
674 1022 836 1085 fortissumi
853 1021 923 1098 uiri,
940 1021 1145 1097 centuriones,
1169 1022 1219 1103 qui

98 1122 201 1208 primis
217 1122 370 1186 ordinibus
386 1123 671 1211 adpropinquarent,
688 1122 778 1187 Titus
795 1122 881 1187 Pulio
897 1133 927 1186 et
938 1121 1053 1187 Lucius
1061 1120 1216 1187 Vorenus.

60 1224 305 1310 2ldiperpetuas
322 1225 401 1289 inter
414 1246 448 1289 se
456 1227 682 1290 controuersias
698 1224 858 1303 habebant,
876 1226 994 1308 quinam
1004 1226 1218 1300 anteferretur,

62 1323 294 1410 iio-cibusque
309 1327 396 1390 annis
413 1328 448 1390 de
464 1327 539 1391 locis
555 1328 680 1391 summis
695 1326 895 1392 simultatibus
910 1326 1140 1392 contendebant.
1167 1324 1221 1391 Ex
1244 1337 1276 1391 to

98 1430 147 1494 bis
155 1427 254 1507 Pullo,
271 1450 337 1492 eum
347 1449 504 1492 acerrume
518 1430 555 1492 ad
570 1430 752 1494 munitiones
768 1441 964 1514 pugnaretur,
984 1431 1065 1512 ‘quid
1076 1429 1217 1508 dubitas’,

97 1531 210 1615 inquit,
230 1528 389 1594 ‘Voreuef
411 1542 462 1594 aut
483 1552 569 1613 quem
593 1531 689 1595 locum
714 1543 782 1595 tuae
803 1533 972 1616 probandae
988 1532 1110 1595 uirtutis
1125 1550 1219 1616 expe·

52 1632 83 1711 ,4
98 1633 185 1697 etesi
200 1631 247 1695 bic
263 1633 327 1696 dies
343 1634 378 1696 de
393 1634 506 1698 nostris
521 1634 737 1696 controuersiis
753 1634 917 1697 indicabit’.
942 1633 1027 1697 llaec
1042 1654 1107 1696 cum
1123 1633 1220 1696 dixis·

7 1796 10 1823 2
97 1745 165 1814 set,
181 1737 315 1819 procedit
336 1747 425 1800 extra
441 1736 622 1799 munitiones
637 1756 753 1820 quaque
768 1757 839 1820 pars
856 1737 983 1800 hostium
1000 1736 1220 1800 confertissimo

62 1835 147 1902 best
160 1836 226 1901 uiso
242 1838 393 1922 inrumpit.
432 1836 484 1902 Ne
499 1835 641 1902 Vorenus
664 1839 779 1921 quidem
802 1849 863 1902 tum
884 1860 953 1903 sese
975 1838 1054 1903 uallo
1070 1838 1217 1917 continet,
1243 1848 1275 1902 ts

61 1935 150 2004 bsed
166 1941 296 2002 omnium
313 1942 427 2004 ueritus
443 1941 697 2004 existimationem
713 1940 915 2023 subsequitur.
958 1938 1106 2004 Mediocri
1121 1940 1219 2025 spatio

96 2041 203 2106 relicto
219 2039 305 2106 Pulio
329 2045 418 2128 pilum
441 2042 471 2106 io
495 2043 595 2107 hostes
617 2043 741 2106 inmittit
764 2053 852 2126 atquc
868 2065 959 2107 unum
973 2064 1014 2106 ex
1030 2043 1219 2107 multitudiue

96 2154 323 2228 procurrentem
353 2144 471 2227 traicit3
502 2166 560 2229 quo
588 2165 733 2230 percusso
761 2156 792 2209 et
815 2146 988 2210 exanimato
1015 2144 1095 2210 boue
1123 2144 1218 2208 scutis

208 2351 219 2403 l
235 2352 414 2417 constiparent
427 2353 452 2404 b.
574 2353 671 2420 pullum
680 2356 795 2420 punctis
807 2357 904 2404 rotato
913 2355 1009 2419 priore
1022 2351 1031 2402 l
1042 2355 1070 2403 ot
1079 2354 1144 2402 asos
1154 2363 1216 2400 um

96 2443 115 2479 u
126 2442 178 2477 ree.
192 2443 228 2477 m.
242 2443 365 2494 soprato.
379 2429 413 2478 B.
527 2430 544 2483 2
556 2432 736 2494 contingentes
749 2433 797 2482 bc.
921 2430 936 2482 3
949 2429 1140 2482 centuriomoes
1152 2433 1218 2481 orte

98 2519 170 2556 corr.
184 2505 215 2555 B.
320 2507 336 2556 1
349 2521 410 2556 suos
423 2522 522 2573 omues,
536 2508 693 2574 additoque
707 2512 758 2558 int.
773 2523 856 2571 norm,
873 2508 905 2560 C.
1005 2505 1021 2558 7
1034 2505 1136 2557 succisa
1149 2520 1199 2572 ego
1206 2543 1217 2571 ,

96 2596 224 2633 succensu
236 2580 313 2632 codd.
328 2587 357 2632 ct
366 2583 426 2633 edd.
440 2584 470 2635 P.
485 2585 529 2636 81.
634 2585 777 2637 fortissumi
791 2586 854 2637 111).
943 2583 987 2652 qui
1001 2584 1090 2652 primis
1103 2585 1127 2636 B
1140 2586 1215 2637 ‘surm

93 2658 238 2726 plerique',
253 2660 296 2726 qui
310 2659 360 2710 ium
373 2661 462 2727 primis
476 2677 525 2713 cu.
654 2664 671 2714 8
683 2664 918 2730 adpropinquarent
929 2662 963 2713 B.
1086 2660 1164 2716 Titus
1176 2662 1216 2726 B,

97 2732 130 2787 Τ.
144 2751 171 2786 u.
285 2733 361 2786 Pullo
374 2736 462 2800 codd,
477 2735 559 2788 Pulllo
573 2739 658 2789 Aldus
671 2755 699 2790 ιι.
714 2739 777 2791 Vid.
792 2740 815 2789 b.
829 2743 883 2789 eiu.
898 2739 947 2803 111,
961 2738 1005 2799 bi,
1019 2740 1045 2790 b.
1166 2736 1219 2789 Lu·

97 2811 154 2864 eius
166 2814 191 2864 B
197 2851 206 2877 ‚
220 2811 252 2864 L.
266 2829 294 2864 ιι.
454 2812 571 2865 Vorenus
584 2816 629 2866 Be
642 2821 669 2865 ot
679 2820 721 2866 sic
734 2816 791 2866 ‘uel
804 2814 920 2867 Norenus
933 2813 1022 2878 πει),
1036 2811 1157 2866 Vorenus
1169 2815 1217 2868 At-

97 2891 188 2943 duru.
312 2892 497 2944 bifestum.
620 2896 723 2961 quinam
736 2894 874 2957 ABCD,
889 2894 1006 2960 quisnam
1021 2894 1054 2958 b,-
1066 2894 1218 2945 uteralteri

96 2984 146 3019 ro.
253 2969 284 3021 ll)
299 2969 331 3019 de
345 2968 585 3032 locisABCflb,
600 2970 702 3023 deloco
716 2987 750 3020 ca
765 2973 869 3036 Jorsoo
882 2967 962 3022 etd'.
1078 2986 1112 3022 ex
1124 2970 1165 3021 bis
1177 2970 1214 3034 B,

96 3046 316 3098 exlisAldusu.
422 3048 453 3101 11
469 3047 587 3098 ruttou.
708 3064 841 3100 acerrume
854 3050 887 3100 B.
1009 3049 1215 3101 munitioueub.

206 3125 239 3176 tt
251 3125 353 3179 Voreuc
367 3127 407 3178 B:
428 3131 510 3178 ‘msc
523 3131 639 3178 nemrot
658 3133 686 3178 se
703 3128 786 3179 multi
803 3133 859 3178 tum
880 3143 985 3194 quoquo
998 3127 1067 3179 duat
1079 3127 1216 3181 Verenus'.

205 3208 266 3252 tuae
279 3217 325 3269 pro
339 3203 416 3255 laude
429 3204 536 3255 uirtutis
550 3203 603 3254 AB
614 3203 684 3266 01),
698 3219 744 3270 pro
757 3204 834 3255 laude
848 3204 954 3255 uirtutis
967 3211 1028 3255 tuac
1040 3220 1094 3266 ae,
1107 3204 1219 3271 probes·

98 3277 147 3329 dae
159 3278 266 3329 uirtutis
280 3285 340 3331 tune
353 3295 388 3330 a:
403 3281 477 3332 ‘mem
491 3283 592 3332 babent
604 3289 664 3332 tuac
677 3298 722 3348 pro
735 3282 812 3333 leude
826 3284 932 3334 uirtutis
939 3282 985 3332 uel
992 3298 1038 3350 pro
1050 3290 1112 3335 tuuc
1124 3284 1143 3334 Ι.
1152 3284 1216 3334 uirt.

96 3358 142 3409 uel
152 3373 198 3424 pro
211 3357 289 3408 laude
301 3365 362 3408 tuuc
375 3375 401 3408 u.
416 3360 463 3409 uel
474 3377 519 3426 pro
533 3360 610 3411 luudo
623 3361 730 3412 uirtutis
744 3368 820 3421 tuae3
833 3361 982 3427 probandae
994 3366 1092 3413 roraret
1102 3361 1147 3413 d'.

97 3442 220 3502 expectas
233 3450 246 3482 e
254 3471 262 3497 ,
278 3441 382 3500 spectus
395 3435 474 3500 ΑΨ)
485 3438 507 3489 0
514 3437 550 3488 D·
681 3437 711 3489 13
725 3438 767 3487 bic
780 3437 836 3486 dies
849 3437 874 3488 A
883 3438 928 3488 Co
939 3437 1010 3498 deep
1024 3434 1066 3484 bie
1078 3434 1136 3485 dies
1149 3432 1216 3499 dier,

96 3511 145 3562 red
155 3512 245 3562 altero
259 3510 315 3561 dies
325 3516 435 3575 puuch's
449 3517 553 3577 motolo,
568 3512 609 3563 B.-
624 3512 664 3563 bie
677 3512 743 3576 dies,
758 3513 800 3563 bic
812 3512 869 3563 dies
881 3528 909 3562 ιι.
1043 3510 1109 3561 bueo
1122 3508 1182 3561 dum
1194 3509 1219 3561 B

100 3589 174 3639 ‘torro
186 3593 216 3638 st
225 3586 286 3638 cdd.
300 3586 379 3654 qdd'.
473 3589 504 3641 tt
517 3588 635 3656 procedit
647 3604 679 3639 ex
692 3590 788 3639 eastris
801 3588 1009 3659 munitionesque
1021 3601 1072 3654 qua
1085 3594 1159 3654 parte
1171 3588 1218 3639 hc·

99 3664 177 3716 stium
191 3665 216 3715 A
223 3701 232 3727 ,
251 3665 368 3731 procedit
381 3680 414 3715 ex
427 3666 522 3715 cestris
535 3665 691 3716 monitiones
704 3679 821 3732 quaeque
833 3665 900 3732 porti
915 3666 1025 3716 bostium
1037 3663 1062 3715 B
1077 3666 1157 3716 ‘mm
1171 3662 1217 3717 ll’

98 3746 139 3805 et,
153 3745 203 3808 qui
214 3743 431 3808 munitionemque
444 3758 574 3809 quaeque,
586 3743 612 3794 1)
620 3761 629 3805 ,·
649 3745 766 3810 procedit
784 3751 859 3794 extra
872 3744 1028 3794 munitiones
1041 3757 1161 3809 quaeque
1173 3744 1220 3795 hc·

98 3819 175 3870 stium
189 3834 249 3886 porc
262 3835 300 3869 oe
318 3820 375 3884 (dic
387 3822 498 3886 queque)
512 3826 556 3885 ot,
577 3825 627 3886 quc·
638 3836 697 3887 pars
711 3823 821 3872 bostium
835 3827 925 3873 tenero
938 3822 1054 3884 dieitur,
1079 3821 1094 3871 b
1107 3827 1136 3873 et
1142 3860 1151 3886 ,
1170 3824 1220 3889 gui

97 3903 126 3948 ot
138 3911 204 3962 quae
218 3911 278 3961 pars
292 3896 414 3960 bostium,
427 3897 466 3948 od
479 3897 591 3964 (quaque
607 3899 675 3950 oud.
689 3905 817 3962 inuenit).
959 3900 992 3954 15
1005 3908 1047 3952 cst
1057 3901 1117 3951 uisu
1131 3901 1216 3965 Bu,

97 3973 156 4024 nisu
168 3979 211 4023 est
223 3988 250 4022 ιι.
339 3975 459 4039 irrumpit
471 3974 495 4024 B
507 3974 547 4038 (et
556 3980 582 4025 ιι
594 3977 702 4041 quidem
716 3978 778 4040 ior.)
791 3982 820 4027 et
830 3975 947 4042 reliqui:
961 3992 1017 4028 eam
1030 3977 1151 4046 irrumpit
1160 3993 1218 4041 u,-

98 4051 123 4101 iu
137 4064 192 4101 um
205 4050 326 4115 irrumpit
339 4051 379 4101 ed
390 4057 432 4114 et,
446 4055 497 4117 que·
507 4053 609 4118 irrupit,
625 4055 650 4105 b.
763 4053 881 4107 Vorenus
893 4057 927 4106 B.
1048 4056 1150 4121 quidem
1165 4063 1218 4108 tum

96 4145 156 4182 sese
169 4128 225 4192 ed,
240 4136 293 4179 tum
307 4129 496 4195 quidemst,
511 4131 613 4197 quidem
626 4148 685 4183 sese
699 4148 755 4184 cum
769 4149 801 4196 e,-
815 4134 916 4200 quidem
930 4147 990 4183 sese
1004 4132 1051 4198 (ll)
1064 4136 1092 4183 er
1103 4134 1217 4199 reliqui.

179 4205 210 4258 fb
223 4204 345 4256 mediocri
359 4206 442 4271 sputio
455 4205 475 4255 d
482 4223 496 4255 e
503 4243 511 4268 ,
531 4214 584 4256 tum
598 4208 723 4259 mediocri
736 4211 820 4278 spatio
833 4211 880 4275 (B)
888 4215 915 4260 ct
922 4210 1034 4275 reliqui.
1108 4210 1220 4264 llPullo

98 4284 131 4335 B.
202 4280 380 4333 immittitAB
388 4281 581 4346 t'll,mittitcu
590 4283 661 4347 (inm.
673 4284 718 4346 lt).
791 4285 823 4336 18
832 4285 1236 4358 percussueneuimutoquebm
