2692 4688
483 174 804 243 -204-

83 353 180 418 ‘llaec
193 353 237 417 ita
251 350 416 435 imperabat
429 349 602 432 unicnique,
618 350 661 412 ita
676 346 888 432 praecipiebat,
904 343 948 409 uti
963 345 1029 410 deri
1044 367 1105 410 oon
1114 368 1205 431 posse

83 476 178 540 neque
192 458 289 520 locum
305 453 461 518 excusatio
473 453 564 515 ullum
585 452 708 514 haberet
722 471 777 514 neo
792 470 904 513 moram
924 449 1160 532 tergiuersatio‘.

168 555 355 622 C.17haeo
376 557 408 619 in
429 556 516 619 codd.
538 555 649 638 scripta
664 563 751 616 sunt:
778 549 913 616 ‘Caesar
934 552 1054 616 interim
1077 552 1206 617 oonsilio

83 660 211 725 hostium
227 660 345 742 cognito
367 658 450 721 iubet
469 659 562 721 aciem
583 657 613 719 iu
629 654 841 739 longitudinem
858 677 944 742 quam
961 655 1120 718 maximam
1137 676 1207 740 por·

82 760 139 843 rigi
162 770 192 824 ot
213 761 337 824 alternis
359 759 514 823 conuersis
536 759 726 832 cohortibus,
757 769 789 821 ut
812 779 871 822 una
898 768 965 842 post
986 757 1114 821 alteram
1136 766 1208 822 aute

83 863 334 945 signateoderet,
351 864 392 925 ita
409 882 550 925 coronam
566 861 696 924 hostium
711 860 819 923 dextro
835 860 1017 943 sinistroque
1034 882 1130 925 cornu
1143 882 1208 926 me-

83 966 160 1030 diam
177 965 281 1029 diuidit
296 976 326 1027 et
341 986 429 1027 unam
446 974 557 1047 partem
580 963 616 1027 ab
640 963 734 1026 altera
758 963 910 1027 exclusam
934 963 1084 1045 equitibus
1100 964 1209 1029 intrin-

83 1086 172 1131 secus
187 1067 309 1130 adortus
331 1089 396 1130 cum
420 1066 550 1149 peditatu
571 1066 640 1129 telis
655 1065 799 1128 coniectis
819 1065 850 1127 in
874 1065 974 1147 lugam
996 1064 1089 1129 uertit
1109 1086 1210 1150 neque

84 1169 202 1253 longios
218 1189 395 1254 progressus
412 1169 525 1232 ueritus
542 1168 665 1231 insidias
680 1188 714 1229 se
729 1167 766 1229 ad
781 1186 851 1230 suos
867 1166 983 1249 recipit
1014 1162 1095 1230 ldeua
1111 1167 1209 1235 altera

85 1292 156 1355 pars
177 1272 307 1354 equitnm
332 1272 518 1355 peditumque
539 1266 683 1333 Caesaris
705 1268 797 1332 lacit’.
835 1265 882 1331 lta
902 1267 980 1331 enim
1003 1268 1078 1333 baec
1101 1271 1209 1336 distin·

85 1374 203 1455 gucuda
218 1385 300 1450 sunt,
318 1383 351 1435 ut
365 1373 457 1436 uerba
480 1381 523 1435 ‘et
537 1372 662 1435 alternis
679 1371 833 1434 conuersis
846 1369 1019 1433 cohortibus
1034 1370 1076 1435 ita
1091 1370 1209 1439 diuidit’

86 1474 324 1558 coniungantur-a
345 1474 408 1537 ‘ita'
425 1485 526 1537 autem
541 1474 702 1545 diuidebat,
721 1472 859 1535 nimirum
875 1473 940 1535 acie
951 1472 982 1534 io
994 1472 1212 1554 longitudine·

86 1597 172 1658 quam
187 1576 346 1639 maximam
363 1586 510 1658 porrecta.
552 1573 666 1639 Verum
689 1575 739 1638 illa
759 1574 850 1636 uerba
869 1580 914 1636 ‘ut
927 1594 986 1636 uua
1001 1585 1069 1656 post
1082 1575 1212 1641 alteru

86 1687 156 1742 aute
171 1678 257 1761 signa
274 1678 418 1743 tenderet'
442 1687 526 1741 recte
541 1700 601 1741 noo
618 1678 737 1740 habent.
779 1674 895 1739 Caesar
917 1675 994 1739 enim
1019 1676 1055 1739 ab
1075 1677 1213 1761 equitatu

87 1779 216 1843 bostium
232 1781 466 1858 circumuentus,
483 1791 514 1843 et
530 1780 637 1843 milites
653 1780 716 1842 eius
724 1779 754 1841 in
764 1778 864 1840 orbem
881 1778 1024 1862 compulsi
1041 1790 1130 1843 eraut
1138 1778 1212 1861 (15,

87 1878 134 1965 3).
155 1880 257 1965 ltaque
273 1905 338 1946 cum
355 1884 464 1947 milites
480 1883 509 1944 in
526 1881 737 1965 longitudinem
755 1902 841 1962 quam
858 1881 1018 1944 maximam
1034 1884 1213 1965 porrexisse

87 1984 174 2047 etita
189 1984 298 2049 dextro
323 1997 353 2049 et
375 1986 499 2049 sinistro
522 2006 614 2047 cornu
631 2005 770 2046 coronam
787 1984 914 2047 hostium
931 1984 1071 2049 dimisisse
1088 1986 1211 2067 dieitur,

87 2087 248 2169 simplicem
264 2109 330 2151 eum
352 2089 446 2152 aciem
469 2089 664 2163 instruxisse,
683 2087 737 2149 hoc
752 2097 800 2148 cst
814 2085 948 2170 singulas
964 2086 1104 2151 cohortes
1120 2088 1215 2154 eollo·

88 2208 185 2266 casse,
203 2202 337 2274 apertum
354 2201 411 2255 est.
445 2189 511 2253 Hoc
527 2190 614 2252 modo
630 2211 687 2251 ona
705 2210 773 2272 pars
790 2188 919 2251 hostium
935 2199 1005 2253 ante
1020 2190 1115 2253 aciem
1131 2200 1210 2270 erat,

89 2290 181 2354 altera
197 2313 213 2353 a
231 2303 327 2378 tergo.
368 2292 451 2355 llaec
472 2313 522 2355 res
546 2292 614 2375 quid
630 2292 838 2373 postulauerit,
856 2294 1041 2376 perspicuum
1058 2303 1116 2357 est.
1164 2292 1214 2359 At

88 2412 154 2455 cam
170 2395 248 2455 enim
265 2416 380 2476 quoque
396 2404 510 2478 partem
526 2394 664 2470 hostium,
683 2414 758 2475 quae
774 2416 792 2456 a
808 2405 894 2475 tergo
911 2406 986 2473 erat,
1005 2416 1074 2478 pars
1089 2416 1213 2461 suarum

89 2493 239 2575 copiarum
256 2497 458 2557 conuertenda
475 2491 601 2557 Caesari
625 2505 708 2571 erat,
734 2507 766 2559 ut
788 2497 825 2557 ab
849 2507 972 2579 utraque
994 2507 1079 2579 parte
1101 2497 1215 2581 impetu

88 2596 180 2670 lacto,
198 2594 226 2656 id
243 2596 319 2677 quod
336 2597 440 2658 deinde
456 2597 601 2660 accidisse
617 2597 756 2681 legimus,
774 2598 876 2662 hostes
890 2599 1131 2682 prolligarentnr.
1147 2596 1214 2664 lam

89 2716 162 2759 nero
178 2698 204 2761 si
219 2698 261 2760 ita
277 2698 417 2761 cobortes
433 2709 535 2763 essent
549 2720 732 2775 conuersae,
757 2711 791 2762 ut
812 2722 870 2763 tana
888 2711 954 2782 post
968 2702 1094 2765 alteram
1109 2704 1216 2769 tende-

88 2810 147 2877 ret,
165 2822 268 2863 omncs
284 2812 335 2863 aut
350 2801 380 2864 in
397 2802 537 2865 dextrum
554 2802 649 2864 autin
667 2802 922 2866 sinistrumoornu
938 2814 1139 2886 spectassent,
1157 2804 1215 2869 boe

90 2913 137 2964 est
151 2904 181 2965 in
198 2924 262 2966 eam
280 2915 411 2986 partem,
436 2903 486 2966 ubi
507 2905 608 2967 hostes
631 2926 690 2968 nou
707 2914 809 2983 erant,
833 2906 927 2970 latera
943 2916 1042 2969 autem
1057 2917 1164 2990 aperta
1177 2926 1215 2971 eo

91 3007 324 3083 conuenissent,
343 3005 391 3070 nbi
408 3007 510 3070 hostes
526 3007 733 3070 constiterant.
772 3005 888 3071 Deinde
912 3008 1158 3090 quemadmodum
1171 3009 1216 3073 ita

90 3109 225 3173 alternae
241 3111 380 3173 cohortes
396 3129 564 3173 conuersae
579 3110 657 3186 sint,
683 3110 753 3172 item
777 3110 924 3191 quomodo
939 3110 1076 3172 ellectum
1097 3110 1158 3191 sit,
1181 3120 1216 3175 ut

90 3221 160 3271 ante
184 3212 267 3290 signa
294 3212 468 3287 tenderent,
494 3230 531 3273 ne
554 3211 688 3293 intellegi
711 3212 825 3293 quidem
849 3222 958 3294 potest.
1004 3209 1119 3275 Verum
1141 3212 1217 3277 uitta

90 3308 260 3374 Schnellins
277 3323 393 3374 stante
409 3333 474 3375 enm
492 3312 721 3391 Ablancurtins,
739 3315 787 3395 qui
804 3309 966 3377 Caesarem
978 3311 1093 3378 Gallice
1109 3314 1214 3393 uertit,

91 3413 165 3478 haee
187 3415 227 3476 ita
249 3435 316 3477 esse
340 3415 515 3478 scribendae
541 3415 685 3478 ‘alternis
706 3415 863 3479 conuersis
887 3416 1074 3492 cohortibus,
1097 3426 1132 3480 ut
1153 3436 1215 3481 utta

90 3526 169 3600 post,
186 3516 278 3579 altera
295 3529 364 3578 anto
381 3517 467 3600 sigua
483 3518 641 3581 teuderet'.
665 3516 785 3581 Etenim
796 3540 860 3580 cnm
878 3520 1005 3602 simplex
1020 3530 1104 3583 osset
1117 3519 1214 3599 acies,

90 3627 123 3681 ut
137 3618 256 3687 monui.
274 3619 423 3695 secunda,
442 3631 563 3700 qttht'itt,
583 3630 682 3696 sexta,
701 3620 828 3705 denique
843 3623 938 3684 altera
955 3642 1089 3704 quaeque
1105 3622 1217 3687 cohors

91 3725 161 3797 (eae
176 3720 254 3783 enim
270 3731 339 3783 sunt
354 3721 487 3784 alternae
504 3723 659 3806 cohortes)
684 3722 714 3783 iu
730 3723 909 3786 contrariam
927 3735 1038 3805 partem
1056 3734 1217 3789 conuerte·

90 3821 189 3885 batur.
212 3819 258 3885 lta
275 3833 305 3885 et
320 3823 349 3884 in
367 3833 520 3905 utramque
536 3836 648 3906 partem
665 3825 744 3888 acies
760 3824 975 3903 instruebatur,
993 3836 1021 3888 et
1039 3845 1093 3889 eae
1109 3825 1218 3891 eohor-

92 3935 150 4000 tes,
166 3944 243 4007 quae
259 3946 318 3986 non
336 3925 544 4002 ntouebautur,
569 3938 634 4008 post
648 3926 734 4011 signa
749 3928 931 4003 tendebant,
956 3947 1032 4009 quae
1047 3946 1218 3995 conuersae

92 4037 198 4099 eraut,
222 4038 292 4090 ante
313 4026 410 4107 signa.
443 4024 579 4110 Denique
600 4028 754 4112 longitudo
769 4030 865 4107 aciei,
889 4029 918 4093 id
941 4028 1016 4111 qnod
1034 4029 1136 4113 magm
1151 4039 1221 4095 erat

91 4127 246 4205 momenti,
264 4148 323 4191 non
340 4128 538 4191 minuebatur.

178 4226 216 4294 C.
236 4229 289 4309 18,
306 4231 326 4294 l
341 4232 386 4295 sic
401 4231 498 4295 edidit
526 4224 622 4294 ‘Cum
639 4231 675 4293 ab
691 4233 827 4297 hostibus
844 4233 948 4297 eodem
964 4234 1051 4297 modo
1068 4252 1221 4317 pugnare-
