2692 4688
67 192 134 263 m
466 183 920 305 uututuntttxnttntttnt

126 364 271 447 multique
292 359 429 426 intercisi
449 358 576 425 uallibus
599 361 712 437 colles;
737 380 860 444 quorum
884 357 1067 423 editissimas
1082 380 1181 441 unus,
1205 364 1257 446 qui

126 475 249 551 propter
270 462 427 527 uictoriam
442 459 628 526 Mithridatis
644 473 676 526 et
689 462 892 527 infelicitatem
908 459 1014 524 Triari
1030 462 1256 529 detrimentum-

127 587 186 651 rpuc
201 566 355 632 exercitus
371 565 468 630 nostri
484 563 689 649 superioribus
704 564 780 628 locis
794 575 882 647 atque
899 562 1056 627 itineribus
1071 586 1168 650 paene
1182 589 1255 632 con-

128 669 249 735 iunctus
278 667 384 753 oppido
413 687 552 750 magnam
573 666 605 730 iu
633 666 692 730 illis
722 665 856 753 partibus
879 665 969 729 babet
989 666 1177 733 nobilitatem
1198 691 1256 736 nec

92 769 222 836 dmulto
242 770 360 856 longius
382 769 500 834 milibus
523 789 661 854 passuum
685 779 720 833 tlt
740 769 828 833 abest
848 769 885 834 ab
908 765 996 834 Zela.
1041 767 1131 833 Hunc
1152 771 1253 838 locum
1274 786 1290 837 5

129 869 302 938 Pharnaces
317 871 471 936 ueteribus
485 882 678 955 paternorum
695 871 823 949 felicium
839 881 1007 935 castrorum
1022 873 1145 938 relectis
1156 876 1258 959 operi-

71 974 116 1047 π
127 974 184 1040 bus
199 975 294 1061 copiis
308 974 372 1038 suis
386 974 522 1038 omnibus
538 973 707 1058 occupauit.
732 970 850 1037 Caesar
864 993 931 1038 cum
947 973 984 1038 ab
995 974 1082 1039 boste
1092 976 1172 1041 milia
1183 999 1257 1061 pas·

130 1097 217 1144 suum
231 1086 255 1141 V
269 1088 369 1142 castra
384 1077 535 1163 posuisset
548 1075 722 1159 uideretque
736 1095 789 1139 eas
804 1074 918 1152 ualles,
935 1075 1040 1160 mribus
1055 1077 1140 1162 repa
1153 1088 1257 1143 castra

129 1180 327 1260 munirentur,
340 1179 444 1245 eodem
460 1178 617 1244 interuallo
632 1199 687 1243 sua
702 1188 801 1242 castra
811 1177 991 1257 munituras,
1003 1179 1028 1243 si
1040 1181 1127 1245 modo
1139 1201 1175 1245 ea
1188 1181 1258 1246 toea

131 1279 233 1346 bostes
263 1283 380 1368 priores
403 1303 464 1348 nou
486 1282 656 1367 cepissent,
688 1301 764 1365 quae
785 1281 878 1345 multo
901 1289 990 1343 crant
1009 1282 1150 1366 propiora
1172 1283 1258 1366 rogis
1280 1293 1310 1348 to

94 1380 252 1464 hostria,
265 1406 407 1469 aggerem
424 1384 603 1469 comportari
618 1384 702 1448 iubet
716 1383 797 1446 intra
812 1382 1004 1447 munitiones.
1029 1378 1098 1464 Quo
1114 1382 1258 1449 celeriter

132 1485 241 1550 collato
264 1488 402 1571 proxima
424 1497 513 1551 nocte
529 1485 632 1572 uigilia
647 1496 754 1570 quarta
769 1485 936 1570 legionibus
951 1483 1087 1548 omnibus
1103 1487 1257 1569 expeditis

131 1586 409 1672 impedimentisque
430 1590 460 1653 in
484 1589 590 1653 castris
613 1588 726 1653 relictis
749 1587 845 1672 prima
864 1586 930 1650 luce
950 1605 1046 1668 neque
1059 1585 1256 1669 opinantibus

131 1687 267 1753 hostibus
289 1711 356 1756 euru
379 1691 475 1776 ipsum
496 1690 594 1755 locum
617 1690 713 1776 cepit,
743 1690 775 1754 in
799 1710 856 1774 quo
877 1685 1066 1752 Mithridates
1087 1688 1254 1752 seeundum

97 1784 278 1876 dproelium
300 1793 449 1859 aduersus
470 1790 623 1859 Triarium
647 1795 773 1858 lecerat.
811 1789 880 1856 Huc
900 1809 1015 1854 ornnem
1037 1800 1257 1875 comportatum
1280 1803 1312 1856 tt

132 1912 272 1978 aggerem
288 1917 329 1961 ex
344 1895 454 1961 eastris
469 1894 594 1959 seruitia
609 1905 736 1980 agerent
749 1894 858 1973 iussit,
875 1914 915 1960 ne
930 1894 996 1978 quis
1010 1894 1047 1959 ab
1062 1913 1153 1977 opere
1167 1892 1258 1959 miles

134 1995 320 2075 discederet,
338 2019 405 2062 cum
421 1998 517 2084 spatio
533 2020 594 2062 nou
609 1998 733 2083 amplius
750 2016 892 2081 passuum
907 1997 988 2062 mille
1002 1995 1144 2062 intercisa
1159 1995 1257 2060 ualles

134 2108 237 2164 costra
266 2099 395 2165 bostium
425 2101 571 2186 diuideret
592 2101 628 2165 ab
650 2122 741 2185 opere
763 2101 884 2184 incepto
907 2097 1052 2164 Caesaris
1074 2109 1252 2163 castrorum.

76 2197 121 2272 'ib
134 2197 321 2283 Pharnaces,
332 2226 398 2269 cum
413 2205 443 2269 id
458 2214 582 2288 repente
598 2203 692 2288 prima
707 2203 772 2268 luce
787 2202 1062 2283 animaduertisset,
1072 2201 1170 2286 copias
1182 2220 1256 2266 suas

136 2325 240 2371 omnes
262 2328 316 2392 pro
336 2308 444 2372 castris
467 2307 624 2371 insuuxit.
657 2303 740 2389 Quas
763 2306 938 2391 interposita
953 2315 1036 2369 tauta
1052 2305 1185 2369 locorum
1199 2304 1259 2368 ini·
1278 2311 1311 2370 Ἄ

135 2409 248 2494 quitata
279 2409 491 2475 consuetudine
520 2408 615 2493 magis
644 2409 818 2492 peruulgata
839 2409 961 2473 militari
984 2407 1126 2472 credebat
1146 2406 1256 2472 instrui

134 2508 252 2575 Cacsar
265 2512 314 2574 uel
329 2511 366 2573 ad
381 2531 455 2594 opus
469 2530 556 2574 suum
571 2509 759 2590 tardandum,
779 2532 837 2594 quo
853 2512 953 2597 plures
967 2511 998 2574 in
1014 2509 1105 2575 armis
1118 2521 1257 2574 teneren-

134 2622 196 2691 tur,
207 2612 257 2676 uel
271 2613 308 2676 od
324 2612 554 2677 ostentationem
570 2612 671 2695 regiae
687 2614 825 2692 fiduciae,
838 2633 875 2676 ne
887 2614 1052 2677 munitione
1063 2612 1160 2698 uagis
1170 2631 1256 2696 mam

97 2714 224 2783 2manu
239 2716 398 2780 dclendere
413 2717 511 2781 locum
522 2713 696 2782 Pharnaces
711 2716 876 2779 uideretur.
900 2712 1004 2801 ltaque
1018 2715 1182 2780 deterritus
1197 2734 1258 2778 uou

136 2829 199 2894 est,
223 2818 393 2903 quominus
409 2818 503 2903 prima
519 2819 584 2883 acie
599 2839 653 2902 pro
668 2817 749 2881 uallo
763 2819 910 2881 instructa
927 2820 1041 2902 reliqua
1056 2837 1124 2902 pars
1141 2815 1261 2880 exerci-
1280 2823 1314 2877 nt

100 2920 186 2986 3tus
210 2943 284 3006 opus
307 2923 432 2986 laceret.
464 2919 507 2984 At
521 2918 694 2985 Pharnaces
716 2919 850 3003 inpulsus
872 2921 938 2984 siue
961 2921 1017 2985 loci
1034 2918 1173 2986 felicitate
1187 2917 1258 2980 siue

136 3024 277 3107 auspiciis
292 3035 323 3088 et
337 3023 531 3107 religionibus
546 3023 697 3101 inductus,
711 3023 816 3105 quibus
833 3023 1055 3108 obtemperasse
1070 3042 1135 3088 eum
1150 3029 1259 3104 postea

136 3125 349 3203 audiebamus,
372 3126 439 3190 siue
453 3126 603 3211 paucitate
619 3136 811 3205 nostrorum,
836 3127 884 3210 qui
900 3128 931 3189 in
947 3127 1038 3190 armis
1054 3135 1159 3202 erant,
1176 3144 1259 3186 corn-

135 3236 233 3312 perta,
254 3247 321 3289 cum
335 3248 420 3291 more
435 3229 534 3313 operis
550 3229 691 3293 cotidiani
707 3249 843 3313 maguam
859 3229 940 3293 illam
956 3248 1110 3292 seruorum
1126 3225 1260 3290 multitu·

135 3329 247 3407 dinem,
265 3349 340 3411 quae
355 3350 494 3413 aggerem
511 3332 658 3417 portabat,
668 3329 793 3394 militum
810 3351 879 3394 esse
891 3331 1081 3408 credidisset,
1090 3329 1157 3393 siue
1170 3327 1263 3392 etiam
1284 3335 1316 3389 tt

134 3431 243 3497 fiducia
258 3431 394 3495 ueterani
410 3434 562 3497 exercitus
578 3433 637 3511 sui,
658 3454 745 3517 quern
760 3443 835 3496 Xllll
851 3435 882 3496 iu
899 3433 962 3496 acie
978 3432 1152 3495 conflixisse
1168 3442 1200 3494 et
1216 3430 1261 3494 ui·

135 3532 214 3597 cisse
237 3532 328 3616 legati
351 3533 414 3596 eius
435 3533 659 3617 gloriabantur,
684 3536 770 3600 simul
792 3547 963 3620 contemptu
978 3535 1133 3599 exercitus
1150 3533 1261 3608 nostri,

136 3654 223 3720 quem
246 3635 362 3720 pulsum
386 3657 403 3700 a
425 3657 458 3701 se
474 3635 607 3703 Domitio
623 3640 696 3703 duce
711 3639 843 3713 sciebat,
867 3638 941 3702 inito
959 3638 1084 3702 consilio
1100 3634 1264 3699 dimicandi

241 3810 260 3863 2
272 3809 359 3862 Triari
373 3827 390 3862 a
403 3813 428 3863 b.
577 3814 592 3863 5
605 3812 659 3863 mil.
675 3806 747 3881 pas‘s.
761 3828 788 3862 α.
938 3811 1021 3863 tuit.
1035 3809 1107 3877 pas's.
1122 3824 1149 3859 a.

134 3886 150 3939 9
164 3885 254 3936 codem
267 3888 293 3938 iu
306 3890 377 3940 uallo
391 3891 416 3941 b.
570 3891 602 3943 lo
615 3906 664 3941 non
678 3906 732 3941 cm.
745 3906 763 3941 a
776 3891 851 3941 ‘mse
864 3889 898 3942 3’.
1052 3893 1110 3939 crat
1123 3902 1151 3937 o.

134 3962 367 4017 lllditridatesc.
491 3968 642 4021 lbbuucb.
766 3968 983 4031 ldexcb,eat.
1108 3968 1260 4028 egerente,

133 4048 277 4107 agerentur
290 4042 305 4092 b
318 4058 333 4092 c
345 4042 404 4094 cod.
418 4041 482 4095 Vre.
619 4045 651 4098 1⁷
663 4061 786 4114 passuum
800 4045 871 4097 mllle
885 4061 952 4112 ego;
966 4059 1038 4112 pass.
1053 4059 1083 4094 ru
1097 4043 1120 4106 b,
1136 4054 1263 4110 passuum

132 4134 150 4170 o
163 4134 194 4182 c;
207 4118 278 4169 mille
292 4133 414 4186 passuum
427 4136 455 4171 rt.
560 4123 645 4174 ualles
659 4138 676 4173 α
690 4125 714 4188 b,
730 4124 809 4175 uallis
822 4140 849 4174 u.
957 4125 990 4177 ts
1005 4124 1107 4174 incerto
1120 4136 1147 4173 c.

132 4193 166 4251 26
179 4195 298 4263 inpulsus
309 4211 336 4248 c.
451 4199 482 4252 bl
496 4202 616 4252 ueterani
628 4201 793 4268 Stepbceue,
809 4208 937 4255 ueterano
950 4200 1028 4255 codd.
1144 4213 1204 4249 xxtt
1216 4214 1234 4249 a
1248 4198 1265 4249 b

130 4287 153 4338 c,
168 4287 226 4328 cam
238 4273 342 4343 legione
355 4291 410 4329 un
423 4291 451 4328 rc.
556 4277 588 4330 ³³
601 4293 616 4329 a
629 4293 658 4332 ae
672 4293 726 4329 om.
742 4278 766 4331 b.
