2692 4688
492 179 816 247 -178—

97 354 168 435 (39,
182 355 225 436 l),
241 353 372 435 itemque
380 350 462 417 Lissi
479 352 658 436 praesidium
673 364 740 419 erut
760 349 832 431 (40,
849 350 903 434 ll).
930 349 986 416 llic
1005 373 1095 417 unum
1111 354 1219 419 cohor·

99 472 158 525 lcru
174 459 267 522 fuisse
283 466 365 521 certo
379 456 449 520 iude
463 457 605 521 conicere
620 456 709 533 licet,
726 457 817 540 quud,
834 477 902 519 curn
910 450 1027 521 Guesur
1041 456 1072 521 in
1087 455 1221 523 'l'hrssu-

97 563 167 627 lism
183 556 361 637 discederet,
378 557 417 622 ihi
430 579 488 623 uns
505 560 613 624 cohors
628 559 734 624 relicte
749 559 859 623 dicitur
873 557 965 637 ctu,
982 558 1014 623 5.
1041 556 1125 624 Orici
1138 559 1220 625 enim

96 682 212 746 qnoque
228 672 291 725 tres
306 662 464 739 cohortes,
489 683 564 745 quus
579 661 620 726 ihi
635 662 729 727 luisse
743 663 891 739 uidimus,
915 662 988 726 ibid.
1004 662 1128 727 relictss
1143 664 1221 729 rcri-

94 771 140 834 hit
153 789 249 851 neque
263 775 393 851 poterut,
410 786 476 829 enm
493 763 682 850 Dyrrhachio
696 765 887 849 Apollonium
902 774 933 828 et
947 763 1018 829 inde
1030 762 1220 850 perllpirsm

96 883 128 938 et
141 869 351 935 Athamania·
374 868 406 933 in
421 867 610 932 Thessaliam
631 868 884 951 proficisceretur,
907 885 997 950 quum
1019 867 1058 931 sd
1078 867 1220 952 oppidum

97 973 250 1058 Gomphos
275 972 431 1055 ingressus
452 979 500 1034 est
521 968 589 1046 (75,
610 969 641 1033 l.
662 967 717 1047 78,
736 969 767 1033 l.
790 968 822 1034 5.
845 968 901 1047 79,
917 968 949 1033 2.
974 967 1007 1032 7.
1023 965 1079 1043 88,
1097 969 1145 1053 l),
1162 970 1220 1037 hcc

95 1078 203 1141 itinere
218 1072 338 1138 Lissum
355 1072 449 1137 adire.
483 1069 567 1135 Num
587 1072 665 1157 quod
687 1067 851 1138 Caessrem
867 1092 923 1155 per
935 1070 1059 1154 Epirum
1075 1080 1108 1135 et
1120 1071 1221 1139 Aut·-

95 1178 226 1243 munium
240 1178 406 1261 proiectum
422 1175 498 1253 dixi,
516 1195 581 1238 cum
597 1172 652 1251 78,
676 1171 742 1238 tin
758 1174 846 1238 codd.
863 1176 981 1257 legatur
1003 1179 1070 1258 ‘per
1091 1170 1220 1258 Epiro-

97 1294 127 1347 et
134 1279 338 1345 Acarnaniam
347 1279 406 1341 iter
414 1281 513 1341 locere
520 1277 639 1360 coepit',
657 1287 740 1340 recte
749 1274 957 1340 Drumunnum
972 1277 1045 1342 hist.
1054 1276 1145 1343 llum.
1156 1277 1217 1359 lll,

95 1384 158 1449 eut
174 1381 324 1467 posterius
340 1401 448 1444 nomen
463 1379 640 1444 emendasse
655 1378 720 1463 ipse
735 1380 868 1444 locorum
890 1380 968 1443 situs
991 1383 1090 1446 docet.
1120 1380 1219 1448 Prec-

95 1498 178 1550 teres
200 1504 239 1547 ne
261 1481 450 1566 Apollonium
472 1481 588 1562 quidem
612 1481 680 1545 sine
701 1481 848 1564 praesidio
871 1483 963 1547 luisse
985 1484 1129 1549 uredihile
1154 1496 1217 1551 est.

96 1586 194 1670 Quum
216 1607 281 1650 rem
302 1585 329 1648 si
351 1583 418 1667 quis
438 1584 506 1647 ideo
527 1603 640 1667 negare
656 1582 765 1662 uellet,
788 1585 865 1665 quod
881 1580 999 1651 Gucssr
1013 1585 1067 1664 78,
1090 1586 1217 1653 lsilris

94 1688 285 1778 Dyrrhachio
299 1686 464 1751 discedenti
480 1705 605 1750 necesse
621 1686 712 1750 luisse
726 1686 831 1752 scrihit
845 1688 882 1751 ud
898 1689 1079 1772 praesidium
1092 1690 1218 1756 urhihus

93 1791 319 1877 relinquentu-
334 1789 614 1873 sdirehpelloniam
630 1799 661 1852 et
675 1789 703 1872 5.
719 1787 739 1851 5
755 1789 851 1853 eiusd.
868 1811 896 1853 c.
915 1811 949 1854 se
964 1790 1216 1878 praesidioApel·

94 1897 191 1963 loniuc
207 1894 349 1958 cohortes
364 1902 517 1974 quattuor,
539 1886 623 1956 Orici
640 1901 718 1968 tres,
740 1888 824 1955 Lissi
840 1912 929 1955 unnm
944 1893 1114 1976 reliquisse,
1131 1892 1217 1961 orici

93 1997 213 2064 etLissi
228 1997 257 2061 id
275 1994 452 2079 praesidium
467 1993 527 2058 iem
543 1994 638 2058 luisse
652 1993 792 2072 uidimus,
810 2014 907 2076 neque
921 1995 1077 2078 quicquum
1085 2008 1145 2074 est,
1160 2018 1218 2065 cnr

92 2103 131 2181 is,
147 2100 197 2184 qni
213 2120 255 2162 cx
269 2096 367 2184 eliqua
383 2095 508 2180 regione
523 2095 659 2171 dissedit,
682 2097 780 2162 minus
794 2107 877 2161 recte
893 2117 958 2174 eos,
982 2099 1033 2181 qui
1055 2100 1088 2165 iu
1109 2122 1147 2166 es
1166 2122 1217 2169 tu·

93 2205 183 2289 pone
198 2212 288 2278 sunt,
305 2220 392 2283 quum
407 2219 480 2273 cos,
503 2199 634 2281 quesibi
650 2201 745 2283 pouit,
761 2198 933 2281 relinquere
948 2200 1076 2268 dicotur.
1099 2199 1216 2287 Quom·

91 2307 194 2371 ohrcur
217 2300 334 2368 Cresco
346 2302 538 2386 Apollonium
560 2302 628 2365 ideo
648 2302 748 2366 odisse
772 2302 992 2367 existimandus
1006 2315 1065 2381 est,
1082 2316 1115 2370 ut
1128 2328 1215 2391 prse-

90 2409 187 2486 eidiie,
205 2426 281 2489 quoe
296 2404 510 2477 conposuerat,
528 2403 668 2467 mundate
682 2404 718 2468 de
735 2404 852 2468 tuendis
867 2405 981 2489 oppidis
996 2406 1101 2486 duret,
1119 2418 1152 2473 et
1165 2408 1214 2475 uel

91 2510 221 2572 musime
243 2505 396 2590 probabile
418 2506 536 2569 uidetur
555 2505 733 2589 Apolloniae
755 2527 873 2593 qunque
903 2518 1043 2590 quattuor
1070 2510 1213 2577 cohortes

90 2612 149 2675 ium
163 2620 225 2673 turn
239 2608 271 2672 iu
286 2608 435 2692 praesidio
451 2607 555 2680 luisse,
572 2628 641 2670 cum
657 2604 773 2672 Caesar
783 2605 1148 2695 DyrrhachiiPompeium
1159 2613 1212 2677 olt-

89 2714 214 2778 sideret.
238 2707 630 2793 Summuigitnrcepierum,
641 2711 1074 2795 qusehoctemporeuhcrsnt‚
1086 2736 1212 2781 cumco-

90 2817 193 2880 hnrtcs
208 2813 405 2898 quadraginta
421 2822 484 2876 tres
501 2812 623 2889 luerint,
641 2813 781 2877 cohortes
791 2816 1004 2900 quinqurgints
1011 2828 1125 2901 septem
1133 2820 1211 2904 apud

88 2914 250 2983 &murem
271 2917 441 2980 sdluernnt.
478 2911 582 2996 ltaque
605 2934 643 2977 eo
665 2913 753 2994 loco,
774 2937 861 3000 quem
877 2939 966 3002 suprs
982 2920 1087 3002 posui,
1111 2922 1212 3004 plnres

87 3042 176 3102 quum
199 3020 322 3102 trigints
343 3017 474 3101 quinque
495 3016 638 3080 cohortes
666 3038 684 3081 u
707 3014 842 3083 Caesare
864 3032 1111 3086 commemoratus
1141 3042 1211 3089 essu

86 3135 202 3188 oenum
230 3133 289 3186 est.
329 3119 436 3184 Vtrum
464 3130 564 3184 sutem
591 3139 693 3204 curum
715 3131 829 3184 tuntum
857 3123 1023 3187 cohortium
1054 3144 1209 3206 numerus,

85 3247 161 3309 quse
175 3226 208 3288 in
221 3223 330 3287 cestris
346 3223 469 3285 relictae
483 3231 572 3299 sunt,
595 3234 754 3306 corruptus
768 3225 822 3302 sit,
843 3245 882 3288 un
897 3224 975 3290 alter
989 3247 1106 3312 quoque
1120 3228 1210 3293 trium

85 3338 117 3395 ct
147 3327 290 3409 triginta,
321 3344 398 3406 quse
426 3345 492 3387 cum
516 3319 649 3390 Caesare
679 3327 831 3412 proiectus
862 3327 1018 3409 dicuntur,
1050 3330 1208 3396 diiudicari

84 3431 199 3514 nequit.

169 3529 245 3606 lles,
270 3546 345 3612 quse
368 3549 395 3590 c.
413 3527 454 3592 67
470 3539 501 3593 rt
523 3550 586 3612 sqq.
608 3540 790 3607 narrentur,
814 3531 871 3595 hoe
893 3534 980 3596 modo
1001 3546 1108 3617 postue
1122 3546 1206 3601 sunt.

84 3629 342 3709 (instructionum,
364 3652 424 3713 qun
439 3632 518 3715 legio
532 3630 668 3715 Pompeii
684 3631 772 3695 ductu
786 3645 865 3712 erut,
882 3637 918 3699 sd
935 3658 1023 3719 quem
1038 3638 1224 3723 opprimes-p

84 3736 150 3799 dum
166 3730 283 3796 Cuessr
298 3734 559 3815 proiciscchstur,
584 3735 731 3818 duplicem
754 3735 903 3799 hshehsut
921 3739 1117 3803 munitionem
1132 3743 1209 3807 ulte·

82 3858 145 3899 rum
167 3836 253 3900 ulteri
278 3836 440 3909 inclusum,
463 3837 504 3901 its
527 3846 561 3899 ut
575 3836 702 3900 interior
717 3838 831 3901 castelli
847 3840 999 3905 obtineret
1014 3841 1122 3905 locum.
1158 3842 1208 3907 ht

82 3939 191 4021 ungulo
206 3948 303 4000 sutem
320 3949 486 4003 csstrorum
502 3939 628 4003 sinistro
648 3940 774 4003 munitio
796 3951 863 4004 erut
877 3944 914 4004 ud
930 3942 1039 4007 llumen
1061 3945 1206 4027 perducta

81 4062 221 4126 psssnunn
237 4040 359 4103 circiter
373 4035 486 4106 CCCC
502 4047 516 4123 (
524 4064 553 4105 c.
569 4038 646 4123 lili).
678 4039 783 4125 ltaque
802 4064 868 4106 curn
884 4039 1003 4109 Ceessr
1016 4044 1124 4129 duplici
1139 4046 1209 4113 scic

82 4145 119 4208 sd
135 4153 235 4207 custus
250 4144 442 4223 secessisset,
460 4145 516 4207 hee
532 4154 581 4207 est
594 4144 659 4207 scio
672 4143 705 4207 in
728 4145 786 4207 duo
809 4165 922 4208 cornua
938 4147 1053 4221 diuiso,
1077 4148 1207 4213 sinistro

81 4267 187 4324 cornu,
203 4244 254 4309 uhi
270 4257 338 4310 erat
350 4247 427 4331 ipsc,
447 4245 593 4329 legionem
608 4244 822 4330 Pompeianum
844 4248 987 4312 celeriter
1000 4269 1041 4312 ex
1057 4249 1138 4313 mullo
1153 4251 1207 4315 de-
