2684 4694
81 230 147 299 718
476 220 608 289 aaut}
624 218 929 290 utsrnttturtsls

104 400 240 486 2peius,
255 399 285 461 in
301 398 387 460 tidem
403 395 635 479 uniuscuiusque
649 393 780 459 ciuitatis
792 396 957 477 conlugere
967 395 1077 478 coepit.
1103 391 1150 458 lta
1160 399 1270 480 partim

141 500 279 588 precibus
291 498 396 583 partim
410 498 440 561 ui
452 497 528 561 benc
538 516 644 581 magua
657 506 828 580 comparata
837 517 928 560 manu
936 496 1123 580 prouinciam
1132 509 1269 565 uastare.

106 604 127 670 3
143 601 259 686 Quibus
275 603 307 664 iu
321 598 411 664 rebus
427 599 586 663 nonnullae
600 599 742 662 ciuitates
757 618 812 662 sua
833 609 938 682 sponte
959 599 1074 663 auxilia
1095 599 1269 677 mittebant,

107 708 128 774 4
144 708 215 770 item
231 701 392 767 nonnullae
408 712 510 784 portas
526 710 633 765 contra
648 699 816 763 eludebant.
849 697 901 763 En
917 700 1022 783 quibus
1045 700 1071 764 si
1087 722 1145 785 qua
1161 703 1269 788 oppida

143 808 174 871 ui
195 813 332 889 ceperat,
358 824 424 866 cum
445 801 552 883 aliquis
575 823 615 865 en
636 822 672 866 ea
688 802 811 866 ciuitate
828 801 937 885 optime
960 802 1011 887 [de
1027 797 1086 866 Cu.
1106 801 1268 891 Pompeio]
1290 818 1305 868 5

143 908 268 971 meritus
284 905 358 969 ciuis
375 915 473 983 esset,
489 914 612 988 propter
627 905 770 988 pecuniae
785 903 1018 989 magnitudinem
1034 905 1133 988 aliqua
1148 905 1177 970 ei
1193 906 1274 971 inle-

146 1009 270 1074 rebntnr
283 1025 392 1084 eausa,
416 1017 450 1070 ut
471 1026 508 1068 eo
530 1006 566 1069 de
587 1006 684 1068 medio
706 1005 824 1069 sublato
839 1027 880 1069 ex
896 1007 961 1070 eius
976 1008 1100 1090 pecunia
1115 1007 1271 1071 latronum

108 1111 128 1177 5
143 1110 263 1194 largitio
279 1111 375 1173 tieret.
399 1106 444 1171 lta
459 1109 481 1190 †
497 1107 599 1190 paucis
614 1107 767 1172 commoda
783 1109 869 1172 boote
885 1109 1003 1173 bortato
1024 1109 1153 1174 maiores
1175 1129 1273 1193 auge-

143 1211 253 1276 bantur
276 1211 392 1294 copiae.
430 1206 496 1272 lloe
519 1208 653 1273 crebrius
675 1209 788 1273 nuntiis
810 1210 841 1272 in
864 1207 982 1274 ltaliam
1005 1211 1106 1274 missis
1128 1209 1272 1276 ciuimtes

146 1312 317 1378 contrariae
333 1309 474 1395 Pompeio
488 1311 601 1376 auxilia
617 1312 673 1376 sibi
689 1311 929 1396 depostulabnut.
1297 1324 1324 1377 tt

109 1415 133 1485 2
234 1410 353 1479 Caesar
374 1414 503 1477 dictator
526 1414 633 1492 tertio,
658 1415 769 1478 consa!
790 1414 965 1498 designatus
989 1425 1096 1502 quarto
1116 1418 1140 1497 †
1164 1414 1270 1480 multis

145 1518 276 1581 iterante
300 1515 405 1578 diebus
427 1515 572 1579 coniectis
596 1534 663 1579 cum
686 1515 796 1579 ceteris
819 1515 1036 1580 festinationem
1058 1517 1168 1581 bellum
1193 1539 1271 1582 oon·

146 1615 301 1680 finiendum
318 1616 349 1678 in
366 1614 540 1699 Hispaniam
556 1638 623 1680 cum
640 1618 785 1696 uenisset,
803 1618 948 1701 legatique
963 1613 1194 1695 Cordubenses,
1214 1621 1269 1701 qui

108 1713 238 1784 2aCn.
255 1713 398 1802 Pompeio
414 1718 637 1798 discessissent,
656 1716 783 1784 Caesari
799 1719 913 1783 obuiam
930 1719 1101 1796 uenissent,
1119 1741 1139 1782 a
1155 1719 1270 1803 quibus

145 1819 339 1884 nuntiabatur
354 1831 499 1884 nocturno
517 1833 648 1906 tempore
665 1822 801 1907 oppidum
812 1817 978 1886 Cordubam
991 1821 1056 1906 capi
1067 1842 1171 1906 posse,
1189 1824 1268 1906 quod
1294 1837 1321 1887 tt

145 1922 393 2006 necopinantibus
409 1924 592 1988 aduersariis
607 1924 671 1988 eius
686 1925 860 2009 prouinciae
876 1924 985 2008 potitus
998 1934 1098 2002 esset,
1116 1924 1267 2009 simulque

144 2023 220 2105 quod
237 2022 412 2099 tabellariis,
430 2025 479 2108 qui
495 2045 513 2088 a
528 2023 585 2090 Cn.
594 2023 738 2110 Pompeio
753 2026 889 2111 dispositi
904 2025 1042 2090 omnibus
1057 2025 1132 2090 loeis
1147 2038 1264 2106 essent,

144 2126 195 2210 qni
211 2125 371 2190 certiorem
383 2122 444 2191 Cu.
454 2123 627 2213 Pompeium
643 2129 678 2192 de
692 2127 833 2195 Caesaris
847 2129 980 2195 aducntu
994 2128 1128 2193 facerent
1144 2173 1262 2191 ......

109 2228 130 2294 3
146 2226 243 2294 Multa
259 2239 416 2314 praeterea
431 2230 606 2295 uerisimilia
621 2231 837 2315 proponebant.
870 2227 986 2313 Quibus
1003 2230 1092 2295 rebus
1107 2229 1263 2307 adductus,

146 2354 218 2417 quos
234 2334 348 2416 legatos
365 2344 434 2396 aute
450 2333 598 2397 exercitui
614 2335 811 2417 praefecerat,
837 2329 877 2415 Q.
895 2330 1019 2397 Pedium
1036 2343 1067 2396 et
1081 2327 1121 2414 Q.
1138 2329 1264 2395 Fabium
1286 2340 1318 2396 ιι

145 2434 312 2498 Maximum
330 2434 365 2496 de
381 2456 436 2496 suo
452 2436 581 2499 aduentu
599 2436 670 2498 lacit
685 2436 829 2500 certiores
844 2446 935 2518 utque
951 2435 1007 2498 sibi
1024 2435 1193 2517 equitatus,
1217 2433 1265 2517 qui

109 2536 130 2598 4
146 2556 185 2598 ex
200 2534 355 2618 prouincia
371 2535 486 2613 fuisset,
505 2536 652 2619 praesidio
669 2550 761 2602 esset.
792 2537 840 2600 Ad
856 2558 929 2620 quos
945 2537 1087 2616 celerius,
1105 2557 1193 2620 quam
1208 2535 1264 2619 ipsi

144 2636 256 2723 opinati
271 2647 352 2714 sunt,
369 2637 616 2722 adpropinquauit
630 2660 745 2723 neque,
768 2651 801 2704 ut
816 2640 879 2724 ipse
896 2639 1007 2718 uoluit,
1033 2639 1196 2722 equitatum
1212 2637 1268 2702 sibi

256 2899 265 2951 l
283 2900 399 2950 ciuitatis
413 2912 465 2949 om.
473 2899 503 2963 s.
625 2898 712 2964 itaque
717 2899 746 2964 j.
865 2898 1094 2959 scrutabamus,
1109 2893 1267 2945 claudebant

136 2976 279 3042 freliqm'.
386 2975 554 3042 bauains.
660 2976 783 3040 allisas.
888 2975 1065 3040 caenoms.
1168 2969 1267 3020 obtime

143 3067 170 3100 ιι.
276 3053 358 3105 Gueio
365 3057 394 3121 s.
410 3052 497 3103 Vneos
510 3067 559 3119 ago
568 3056 659 3119 posui.
674 3053 705 3102 Ρ.
718 3053 779 3104 229.
894 3053 1089 3118 lsublntaas.
1194 3048 1267 3116 elus]

144 3142 215 3177 eoa.
319 3129 490 3196 pecuniams.
595 3128 692 3193 bpanis
707 3129 721 3177 b
726 3129 756 3193 s.
863 3126 1267 3194 commodnabcs,eommodis

143 3219 172 3252 ιι.
281 3205 296 3255 9
310 3205 358 3254 boe
371 3204 489 3255 crebrius
502 3218 560 3269 ego,
576 3202 624 3253 boc
637 3204 738 3254 crebris
750 3220 768 3255 a
782 3206 796 3254 b
810 3221 824 3254 c
836 3203 895 3270 dsp
910 3204 942 3254 ob
955 3205 1002 3256 boe
1015 3206 1115 3257 crebris
1128 3219 1156 3254 ιι.

145 3281 173 3333 ll
190 3277 289 3330 Caesar
302 3280 317 3331 3
330 3280 398 3330 dett.
414 3287 442 3331 ot
457 3284 548 3347 primo
567 3283 763 3348 occupationes,
779 3281 807 3332 C·
823 3280 921 3332 Caesar
941 3282 1043 3347 reliqui
1062 3287 1088 3331 et
1107 3280 1158 3331 alt.
1171 3295 1225 3328 ser.
1233 3279 1264 3344 s.

253 3357 331 3407 tertio
344 3359 394 3423 as,
410 3373 438 3407 ιιι
451 3372 479 3408 ιι.
496 3356 564 3407 (ιίἱὶ.
574 3356 608 3419 Χ,
625 3357 649 3408 1.
754 3358 847 3409 consul
860 3356 1012 3421 designatus
1025 3374 1074 3424 ego
1087 3357 1209 3421 (inuersa
1223 3370 1268 3406 cr-

146 3436 208 3486 da'uc
221 3451 290 3486 anus
304 3435 383 3497 det),
394 3434 545 3497 designatus
558 3435 671 3485 dictator
682 3438 730 3502 cs
740 3436 823 3486 ‘mss'
928 3443 1019 3500 quarto
1032 3435 1083 3500 us,
1094 3450 1156 3484 nvn.

144 3514 294 3569 l2itcrante
308 3513 400 3563 dicbus
413 3528 429 3561 ιι
444 3512 458 3561 b
472 3514 520 3578 es,
533 3513 670 3563 itineribus
684 3523 744 3566 aute
757 3530 784 3565 ιι.
890 3514 1016 3564 coniectis
1029 3515 1079 3578 cs,
1095 3512 1225 3563 conlectis
1239 3528 1268 3563 ιι.

252 3589 347 3639 ceteris
361 3605 378 3638 a
392 3589 407 3638 b
421 3605 434 3637 o
439 3589 468 3654 s,
484 3588 565 3638 celeri
579 3605 606 3638 ιι.
783 3591 976 3642 destinationem
990 3592 1040 3657 as,
1056 3589 1225 3640 festinatione
1239 3605 1268 3640 ιι.

251 3666 347 3718 bellum
360 3683 377 3716 c
392 3667 406 3716 b
419 3683 433 3714 c
438 3668 468 3732 s,
483 3667 515 3716 ad
530 3665 625 3716 bellum
638 3666 726 3717 Aldus
741 3685 767 3719 ιι.
890 3671 920 3721 lb
934 3685 991 3720 eum
1004 3669 1121 3719 uenisset
1132 3666 1270 3731 legatique

144 3762 161 3796 a
175 3748 189 3795 b
203 3748 250 3812 os,
266 3746 384 3796 uenisset
398 3744 476 3808 legati
491 3760 517 3793 ιι.
623 3746 683 3810 quin
698 3743 815 3813 Goeios.
924 3747 1143 3799 lldiscensissent
1156 3760 1173 3793 ιι
1189 3745 1203 3795 b
1218 3748 1270 3812 cs,

144 3825 321 3874 discesserunt
334 3841 361 3875 ιι.
472 3823 608 3873 uenissent
619 3839 635 3872 ιι
650 3824 664 3873 b
678 3840 692 3873 c
704 3824 756 3890 df,
771 3826 879 3875 ueniunt
892 3843 917 3876 ιι.
1025 3825 1054 3876 tt
1068 3838 1114 3873 uec
1129 3823 1269 3889 oppidanis

136 3904 165 3970 s.
316 3901 442 3964 sirnulque
457 3899 523 3965 quod
538 3899 683 3951 tabellariis
696 3917 713 3949 ιι
728 3903 742 3950 b
753 3903 779 3966 s
794 3907 820 3951 et
828 3940 836 3965 ‚
858 3906 908 3966 qui
926 3901 1073 3964 tabellarii,
1089 3916 1118 3964 ις
1138 3900 1269 3966 simulque

144 3985 234 4044 captos
249 3976 400 4026 tabellarios
414 3993 441 4025 u.
559 3976 588 4028 ll
603 3976 663 4042 qula
677 3976 793 4044 Gneios.
902 3978 933 4030 18
946 3980 1013 4044 qnod
1028 3979 1166 4030 certiorem
1180 3995 1203 4040 c,
1218 3994 1269 4044 quo

145 4057 281 4107 certiorem
295 4057 366 4104 ocni.
383 4052 449 4103 Oud.
464 4069 492 4102 ιι.
606 4055 743 4106 Lacunam
757 4071 806 4122 ego
819 4060 924 4106 notasti.
1048 4058 1078 4111 at
1096 4055 1159 4106 facit
1171 4072 1223 4104 nm.
1242 4057 1269 4105 b.

251 4138 329 4195 utque
344 4130 389 4192 br,
403 4137 432 4179 ut
446 4145 520 4195 quem
534 4131 562 4195 (c
569 4132 607 4198 s)
620 4148 647 4182 ιι.
753 4134 883 4199 equitatus
896 4135 939 4200 qni
952 4133 1057 4195 2dctt.,
1067 4133 1211 4199 equitatum
1225 4134 1270 4198 qni

144 4226 160 4259 a
175 4211 189 4258 b
202 4209 257 4275 esp
272 4207 413 4272 equitatum
427 4222 454 4255 ιι.
559 4208 592 4262 22
607 4207 793 4275 fuissemus,
808 4224 861 4259 om.
877 4211 908 4271 b;
925 4209 1051 4261 fecissent
1064 4227 1091 4260 ιι.
1198 4217 1272 4260 esset

144 4284 520 4352 defietiamamittereultt·
625 4283 917 4354 2³adpropinquuuita.
1023 4285 1268 4354 nequeJatque(b).
