2692 4688
527 180 829 248 ...72-

120 357 258 444 antiquos
274 365 306 420 ct
318 352 453 437 integros
468 353 555 417 codd.
573 373 634 417 non
649 352 804 432 babemus,
820 353 895 418 baec
910 353 1074 418 auctoritas
1088 351 1241 419 desidere·

119 470 187 523 tnrz
204 479 266 522 nno
281 467 379 520 tamen
394 455 471 535 loco,
490 456 520 521 b.
539 455 598 522 eiu.
616 452 650 534 1,
667 454 728 534 36,
751 454 768 518 1
787 456 927 519 ‘classem
941 474 1059 538 qnoque
1072 476 1180 521 uersus
1194 456 1242 521 di·

120 560 251 624 mittnnt'
266 558 409 642 scriptum
426 568 471 622 est
486 559 517 621 in
533 556 622 622 lneid.
640 579 676 642 pr
692 583 701 636 ς
719 555 752 635 l,
769 555 822 634 25,
840 555 873 620 6.
890 554 932 633 ll,
948 556 982 634 8,
999 554 1031 619 3.
1049 556 1079 619 b.
1096 554 1166 621 Ao.
1182 557 1238 636 21,

118 660 226 726 3nibil
243 660 386 724 corbonis
401 661 487 723 codd.
506 670 640 737 notetur,
656 661 714 724 nisi
730 658 808 742 quod
822 659 952 721 secondo
967 658 1033 721 loco
1049 655 1161 722 inPar.
1174 679 1238 723 sec.
1296 681 1301 691 ·

119 773 151 827 et
164 760 254 827 Leid.
278 782 324 846 pr.
346 782 410 825 nox
430 762 575 846 ‘quoquo’
598 760 756 824 omittitur.
788 758 839 823 Ex
861 761 928 824 eliis
950 761 1146 845 scriptoribus
1162 762 1241 846 apntl

119 864 244 930 Vitrnu.
263 861 349 941 Vlll,
368 861 398 942 1,
416 862 438 926 t
453 871 583 946 ‘quoqne
596 864 714 926 uersus'
730 872 891 925 annotatur
906 883 947 926 ex
962 863 1063 927 codice
1081 860 1242 928 Cottonis-

119 988 171 1046 no,
188 988 237 1051 sp.
256 961 375 1029 Colum.
393 965 430 1029 de
445 964 510 1028 arb.
527 964 560 1038 1,
577 963 597 1028 3
612 984 654 1027 ex
668 964 827 1029 collatione
842 961 996 1043 Politiaoi,
1013 987 1063 1051 op.
1073 963 1242 1049 Apottte-

119 1079 192 1133 tam.
211 1065 252 1143 ll,
268 1067 301 1146 2,
319 1088 349 1152 p.
367 1064 409 1132 88
425 1063 504 1132 ont.
521 1084 563 1129 ex
577 1061 715 1130 Furensi
730 1077 762 1129 et
776 1066 888 1130 omisso
905 1068 1049 1131 ‘uersum'
1064 1089 1105 1133 ex
1119 1066 1241 1153 Lipsiu-

119 1194 170 1250 no,
188 1180 316 1254 utroque
332 1169 493 1234 deteriore.
524 1166 661 1252 Reliquis
677 1168 764 1243 loeis,
781 1168 831 1252 qui
847 1169 919 1233 mibi
934 1173 998 1234 noti
1013 1182 1095 1251 sont,
1116 1169 1187 1237 Cet.
1204 1173 1242 1237 de

118 1294 153 1338 rc
168 1286 244 1337 rost.
261 1271 313 1351 ts,
331 1272 423 1338 Vsrr.
440 1271 527 1335 dere
541 1281 617 1333 rost.
635 1266 670 1348 l,
687 1269 747 1348 10,
763 1268 796 1346 2,
815 1266 881 1333 Cic.
899 1267 979 1335 Phil.
996 1271 1044 1335 tx
1067 1285 1168 1352 extr„
1186 1270 1243 1340 vt·

119 1388 200 1440 trun.
218 1373 260 1453 ll,
277 1373 309 1451 3,
327 1375 359 1437 3.
376 1371 435 1447 Ill,
453 1373 486 1451 5,
502 1371 535 1435 2.
552 1370 611 1449 tv,
629 1373 660 1451 l,
678 1369 730 1434 tt.
747 1367 790 1448 V,
810 1369 841 1449 1,
857 1369 889 1434 il.
906 1369 952 1450 Χ,
971 1372 1023 1452 ll,
1043 1373 1058 1435 1
1077 1385 1108 1438 et
1121 1375 1161 1453 2,
1180 1373 1243 1440 Ce-

119 1480 191 1542 lnnr.
209 1476 250 1554 V,
270 1475 307 1554 1,
326 1476 356 1539 5.
375 1471 468 1547 Vlll,
486 1469 524 1547 3,
540 1472 573 1536 2.
590 1469 657 1549 XI,
674 1472 712 1550 2,
729 1470 791 1550 28,
809 1472 846 1536 de
860 1473 925 1536 arb.
942 1473 997 1552 27,
1013 1474 1046 1552 2,
1064 1473 1155 1559 Apul.
1172 1475 1243 1542 Me-

118 1590 191 1644 tam.
211 1574 302 1654 Vlll,
319 1575 373 1650 27,
391 1596 420 1659 p.
438 1572 502 1638 581)
516 1570 611 1650 out,
628 1570 801 1658 Symmecb.
819 1595 866 1659 ep.
884 1573 917 1652 l,
934 1575 1038 1640 boine
1053 1576 1113 1641 ulle
1128 1578 1242 1642 discre-

117 1680 219 1767 pentie
235 1678 376 1762 ‘quoquo’
392 1677 501 1742 editor.
525 1671 613 1757 Quod
625 1675 656 1741 in
668 1686 752 1739 tanta
767 1676 940 1741 criticorum
955 1679 1118 1744 securitate
1131 1680 1241 1745 mirum

116 1782 210 1847 uideri
227 1802 287 1846 non
302 1780 401 1844 debet.
636 1853 638 1857 y

203 1880 242 1948 C.
258 1882 302 1947 21
317 1880 435 1947 Caesar
448 1880 543 1943 reicrt
557 1879 746 1963 Aquitanos,
768 1881 904 1964 momnis
920 1881 985 1946 sine
1001 1882 1132 1966 periculo
1148 1884 1242 1950 sedi·

118 1987 281 2051 micetnros
297 2005 364 2048 cnm
380 1978 495 2047 Crasso
509 1983 755 2061 existimassent,
780 1995 880 2047 tamen
894 1983 1058 2049 intercluso
1073 1997 1242 2052 commeatu

116 2086 271 2151 Romanos
286 2088 323 2150 ad
339 2086 468 2171 inopiam
484 2085 623 2170 redigere
646 2104 740 2168 eaque
761 2106 795 2150 re
816 2087 953 2170 recipere
976 2107 1044 2151 sese
1068 2099 1189 2152 coactos
1208 2089 1241 2152 in

116 2191 225 2255 itinere
240 2189 399 2274 impeditos
414 2188 525 2252 adoriri
541 2187 694 2251 maluisse.
739 2185 858 2252 Deinde
882 2188 956 2252 baec
977 2191 1009 2253 in
1024 2190 1110 2252 codd.
1127 2191 1242 2274 scripte

117 2304 203 2358 sunt:
233 2289 313 2355 ‘Hoc
329 2291 455 2355 consilio
470 2290 595 2374 probato
611 2289 647 2353 nb
663 2290 785 2353 ducibus
801 2291 952 2375 prodiretis
968 2288 1171 2354 Romanorum
1188 2311 1241 2355 co·

116 2398 174 2482 piis
189 2416 258 2460 sese
274 2394 382 2458 castris
398 2392 554 2457 tenebant.
600 2389 667 2454 Hac
689 2411 723 2455 rc
745 2403 899 2476 perspecte
921 2384 1073 2471 Crassus,
1096 2413 1162 2455 cnm
1185 2412 1241 2458 sna

117 2497 307 2562 cunctatione
328 2506 417 2577 etque
439 2494 580 2578 opinione
602 2492 766 2557 timidiores
790 2495 890 2558 bostes
911 2505 1032 2559 nostros
1052 2496 1162 2559 milites
1178 2496 1242 2559 ale·

117 2601 232 2665 criores
246 2599 284 2660 ad
300 2597 488 2681 pugnaudo·
504 2594 687 2673 effecissent,
703 2597 933 2678 otqncomninm
943 2618 1034 2660 noces
1050 2598 1239 2676 audirentur,

118 2701 271 2786 expectari
287 2698 398 2761 diutins
413 2718 473 2761 non
489 2706 647 2781 oportere,
671 2699 742 2779 qnin
763 2697 798 2760 ed
815 2709 915 2762 cestra
930 2699 1042 2776 iretur,
1066 2700 1241 2764 cohortatus

117 2822 190 2868 suos
213 2800 350 2865 omnibns
380 2799 569 2886 cupientibus
597 2799 635 2862 ad
665 2798 794 2863 bostium
824 2811 926 2864 costra
952 2801 1134 2866 contendit’.
1180 2799 1241 2866 llic

118 2905 211 2971 uerba
228 2910 308 2968 ‘cnm
321 2904 510 2969 eructatione
524 2922 581 2965 eun
596 2911 683 2984 etque
699 2901 839 2984 opinione
855 2903 1020 2968 timidiores
1038 2904 1149 2967 bostcs'
1165 2912 1239 2967 cett.

116 3007 358 3094 inexplicabilem
374 3005 483 3069 babent
497 3005 714 3070 difficultatem.
760 3002 900 3067 llostinm
917 3005 996 3068 enim
1011 3006 1110 3090 eliqua
1124 3005 1238 3089 opinio,

118 3132 177 3195 qne
192 3110 357 3174 timidiores
373 3107 445 3172 lacti
461 3118 575 3185 essent,
592 3109 727 3192 intellegi
743 3116 928 3191 conpotem,
945 3108 1053 3192 qnippe
1066 3127 1140 3190 qnos
1156 3107 1241 3173 nulla

117 3223 257 3295 experte
273 3212 392 3275 timidos
408 3213 501 3275 luisse
515 3229 544 3272 c.
560 3208 616 3289 25,
641 3211 656 3273 1
675 3210 844 3275 loculenter
857 3209 1042 3273 declaretorc
1068 3221 1153 3274 ‘curu
1167 3211 1241 3274 item

117 3312 155 3378 ab
170 3312 305 3376 hostibus
321 3322 496 3375 constanter
510 3332 546 3374 ac
560 3333 621 3375 noo
636 3312 739 3376 timide
754 3312 960 3395 pugnerctor’.
983 3308 1090 3376 Potius
1105 3312 1152 3376 bis
1166 3312 1240 3396 ipsis

117 3415 220 3480 nerbis
235 3413 342 3498 cepitis
357 3409 400 3475 25
412 3409 803 3476 demonstreturCacsorcm
821 3414 876 3476 boc
892 3414 970 3490 loco,
988 3414 1024 3476 de
1039 3434 1098 3495 qno
1112 3413 1241 3499 agimus,

118 3516 286 3601 Aquitanos
302 3512 421 3578 timidos
437 3513 520 3577 nisos
535 3532 603 3576 esse
618 3510 765 3577 llomsnis
780 3514 924 3576 militibus
941 3515 1138 3598 significasse.
1179 3513 1242 3582 lta·

119 3639 178 3704 qne
194 3615 397 3682 Schneiderns
412 3614 456 3678 itu
470 3615 522 3678 illa
538 3614 628 3678 derbe
645 3616 813 3678 conuertit:
837 3617 897 3679 ‘die
912 3616 996 3681 ihrer
1009 3623 1166 3703 zdgcrung
1180 3617 1242 3682 und

119 3722 172 3785 der
187 3722 330 3802 meinung
343 3717 461 3801 znlolge
477 3718 676 3780 iurcbtsemer
695 3717 898 3803 gewordcnen
919 3720 1040 3784 deinde'.
1085 3716 1148 3784 Sed
1168 3741 1242 3785 cun·

119 3825 250 3887 eletione
266 3843 320 3885 soa
336 3820 467 3884 timidior
478 3840 538 3883 noo
554 3819 675 3897 dicitnr,
692 3841 778 3904 quem
795 3820 973 3885 timidiorem
989 3832 1022 3883 tu
1038 3820 1103 3886 eius
1119 3832 1242 3886 cuncte·

119 3925 203 3989 tione
218 3932 382 3987 commotus
398 3921 525 3999 credas,
551 3923 603 3986 sed
619 3923 669 4006 qui
684 3943 719 3987 re
734 3944 807 3989 uem
822 3924 886 4009 ipse
901 3924 1092 3988 cunctatione
1107 3924 1241 3988 timidior

120 4030 217 4093 iactus
234 4037 291 4090 est.
308 4021 425 4087 Deinde
440 4043 507 4087 cum
522 4024 713 4090 baecuerba=
732 4028 934 4093 ‘cunctatione
950 4048 1004 4092 sna
1019 4033 1108 4108 atque
1123 4025 1240 4108 opinio-

118 4150 158 4195 ne
173 4127 355 4193 timidioros'
377 4127 538 4192 coniuncto
559 4127 792 4208 existimentur,
817 4130 918 4213 opinio
940 4128 1112 4193 necessario
1128 4147 1240 4191 eorun-

119 4232 186 4297 dem
208 4229 408 4314 intellegcnds
428 4239 493 4309 est,
516 4250 643 4312 quornm
664 4232 816 4298 cunctatio
838 4241 923 4310 erat,
947 4231 1004 4296 boc
1025 4239 1073 4294 est
1095 4229 1237 4296 bostium.
