2684 4694
75 210 143 279 tto
527 205 661 276 BELLl
681 200 872 273 armeus

137 402 223 448 suam
246 400 367 445 eausam
390 380 573 465 probauerat
595 376 741 457 Caesari,
771 397 806 441 se
828 397 847 439 a
869 371 979 439 Nasidi
1006 372 1105 437 classe
1133 385 1273 460 captum,

137 503 205 547 cnm
226 483 264 546 ad
284 503 388 547 necem
411 484 590 561 duceretur,
613 480 759 546 beneficio
773 477 850 545 Vari
872 498 941 541 esse
962 487 1136 557 seruatum,
1162 490 1273 562 postea

138 584 196 649 sibi
212 585 385 648 facultatem
400 586 512 650 nullam
528 586 624 649 duum
640 581 833 658 transeundi,
857 580 985 664 ignouit.

83 685 129 757 dd
228 684 287 751 Est
300 687 332 750 iu
346 687 454 751 Africa
469 688 653 752 consuetudo
668 684 852 760 incolarum,
878 692 910 746 ut
925 681 957 745 iu
972 682 1054 765 agris
1069 693 1100 746 et
1115 682 1149 748 in
1170 684 1268 748 omui·

140 786 195 852 bus
211 789 276 852 lere
291 789 370 852 uillis
391 789 447 852 sub
463 799 542 853 terra
563 808 671 871 specus
686 786 825 850 frumeuti
841 784 988 848 condendi
1002 785 1100 868 gram
1114 785 1194 850 clam
1212 787 1265 851 ba·
1285 797 1300 849 t

140 890 233 954 beant
248 901 337 973 atque
352 890 381 953 id
390 899 512 973 propter
520 889 597 952 bella
612 888 744 954 maxime
759 887 946 969 hostiumque
960 886 1088 951 subitum
1102 889 1267 953 aduentum

103 989 126 1055 2
141 1000 331 1076 praeparent.
379 988 447 1073 Qua
462 993 499 1057 de
513 1013 547 1056 re
563 990 681 1057 Caesar
694 1010 749 1075 per
769 989 898 1053 iudicem
919 989 1034 1053 certior
1053 991 1149 1053 iaetus
1171 991 1269 1054 tertia

105 1106 122 1131 ·
141 1093 245 1178 uigilia
260 1094 393 1178 legiones
408 1097 482 1159 duas
497 1116 563 1158 euna
578 1093 715 1178 equitatu
729 1090 822 1155 mittit
835 1090 873 1155 ab
889 1091 1000 1154 eastris
1020 1091 1084 1154 suis
1098 1090 1178 1155 uilia
1192 1111 1267 1175 pas·

143 1215 229 1258 suum
243 1205 270 1258 x
284 1206 374 1278 atque
388 1197 459 1262 inde
479 1218 588 1280 magno
604 1215 729 1259 numero
744 1192 887 1258 frumeuti
902 1202 1029 1256 onustos
1044 1192 1152 1277 recipit
1165 1193 1198 1256 iu
1214 1214 1267 1257 ee-

107 1293 128 1360 3
144 1306 220 1360 stra.
266 1293 385 1380 Quibus
407 1299 497 1364 rebus
513 1298 642 1382 coguitis
658 1295 813 1362 Labienus
834 1314 1014 1380 progressus
1036 1314 1054 1357 a
1074 1294 1138 1357 suis
1154 1295 1269 1360 eastris
1289 1306 1318 1359 tt

142 1398 224 1462 arilia
239 1421 378 1483 passuum
393 1411 442 1463 vu
458 1423 512 1484 per
533 1402 635 1485 iugum
651 1400 824 1476 meallen,
849 1418 904 1481 per
927 1415 1013 1479 quera
1029 1391 1145 1459 Caesar
1166 1395 1268 1480 pridie

107 1497 203 1564 diter
225 1502 355 1579 lecerat,
379 1503 421 1567 ibi
443 1514 544 1568 castra
566 1505 691 1567 duarum
714 1503 865 1585 legionum
886 1499 957 1564 iacit
970 1508 1058 1580 atque
1074 1498 1140 1582 ipse
1154 1499 1269 1562 cotidie

142 1601 321 1665 existimaus
336 1598 499 1668 Caesarem
522 1605 624 1668 eadem
644 1624 736 1689 saepe
756 1600 952 1666 frumentandi
967 1600 1067 1682 mutia
1080 1611 1268 1664 comneatu·

142 1721 208 1765 rum
224 1723 289 1765 cum
305 1724 413 1788 magno
428 1707 563 1789 equitatu
577 1706 697 1789 leuique
712 1715 864 1769 armatura
882 1701 1078 1765 insidiaturus
1098 1700 1175 1766 loeis
1197 1701 1268 1768 ido-

86 1801 133 1872 dd
148 1803 214 1868 aeis
230 1806 370 1870 considit.
402 1802 519 1874 Caesar
534 1809 653 1873 iuterim
669 1808 706 1872 de
720 1806 838 1871 insidiis
853 1803 979 1870 Labieni
993 1824 1033 1867 ex
1047 1804 1184 1887 perfugis
1200 1825 1269 1871 eer-
1290 1817 1318 1870 ts

143 1905 204 1971 tior
221 1909 317 1972 laetus
341 1928 450 1991 paucos
472 1910 536 1974 dies
560 1910 615 1995 [ibi
631 1910 866 1994 com]moratus,
898 1907 965 1970 dum
987 1906 1089 1970 bostes
1109 1905 1267 1972 cotidiano

140 2006 279 2071 instituto
300 2029 391 2094 saepe
411 2010 489 2076 idem
513 2013 649 2076 iaciendo
663 2011 695 2075 in
711 2009 931 2095 neglegentiam
946 2008 1187 2086 adducerentur,
1214 2029 1268 2073 su·

142 2106 204 2173 bito
225 2131 314 2175 mane
335 2111 462 2198 imperat
482 2127 568 2200 porta
595 2117 757 2179 decumana
778 2112 913 2196 legiones
936 2112 1081 2193 se†v111
1102 2118 1266 2175 ueteranas

106 2211 210 2276 2cum
233 2223 319 2297 parte
341 2215 490 2299 equitatus
511 2218 597 2302 sequi
619 2228 708 2299 atque
730 2215 878 2298 equitibus
900 2211 1074 2297 praemissis
1089 2229 1183 2293 neque
1197 2211 1267 2294 opi-

142 2327 250 2380 nantes
265 2317 457 2382 insidiatores
472 2319 571 2384 subito
587 2321 618 2383 in
634 2317 820 2383 conuallibus
835 2315 964 2379 latentes
980 2334 1024 2377 en
1038 2313 1097 2377 leui
1112 2323 1268 2377 armatura
1288 2323 1319 2379 tt

103 2415 126 2481 d
141 2418 273 2480 concidit
286 2420 406 2482 circiter
420 2431 455 2496 n,
479 2422 610 2504 reliquos
625 2422 656 2484 iu
672 2422 770 2504 lugam
787 2416 988 2500 turpissimam
1004 2414 1145 2478 coniecit.
1184 2412 1267 2480 lute-

141 2518 198 2580 rim
213 2517 368 2583 Labienus
383 2543 449 2584 cum
466 2523 608 2585 uniuerso
625 2523 757 2604 equitatu
774 2517 951 2603 fngientibus
967 2517 1030 2581 suis
1046 2518 1196 2602 suppetias
1211 2538 1265 2580 oc-

144 2619 251 2683 currit.
293 2618 389 2685 Cuius
405 2623 464 2686 uim
481 2623 680 2687 multitudinis
697 2645 763 2687 cum
779 2622 895 2705 equites
911 2621 996 2704 pauci
1012 2615 1192 2684 Caesariani
1205 2620 1268 2684 ianr

141 2721 293 2788 sustinere
315 2745 375 2789 uon
395 2736 537 2807 possent,
564 2723 681 2791 Caesar
695 2726 859 2790 instructas
874 2722 1010 2807 legiones
1025 2722 1155 2785 hostium
1171 2723 1268 2805 copiis

143 2826 284 2890 ostendit.
332 2823 401 2909 Quo
417 2829 496 2892 iacto
512 2828 672 2913 perterrito
687 2826 824 2892 Labieno
840 2847 874 2890 ac
890 2825 1043 2889 retardato
1058 2845 1130 2888 suos
1146 2825 1267 2908 equites
1288 2835 1319 2890 rt

106 2926 126 2988 4
142 2928 259 3010 recepit
272 2928 447 2994 incolumes.
472 2927 602 2994 Postero
610 2930 657 2994 die
672 2927 746 2994 lube
756 2927 790 2991 N
792 2928 904 2992 umidas
920 2948 986 3004 eos,
1003 2927 1051 3009 qui
1066 2925 1132 2987 loco
1147 2926 1265 2989 amisso

82 3025 127 3096 d'l
144 3029 212 3112 luga
228 3051 261 3093 se
276 3042 453 3115 receperant
467 3033 499 3095 iu
515 3042 627 3111 castra,
652 3033 683 3095 in
699 3051 788 3095 cruce
805 3051 907 3093 omnes
924 3028 1044 3092 suffixit.
1082 3021 1200 3089 Caesar
1215 3026 1266 3089 in·

140 3131 246 3207 terim,
272 3135 410 3214 quoniam
425 3135 525 3218 iuopia
541 3135 679 3199 frumenti
696 3133 903 3220 premebatur,
928 3132 1028 3215 copias
1044 3148 1147 3192 omues
1163 3129 1196 3192 iu
1212 3151 1264 3194 ea·

139 3240 203 3294 stra
224 3233 364 3298 conducit
387 3246 476 3319 atque
499 3237 647 3321 praesidio
669 3235 777 3321 Lepti,
802 3235 976 3319 Ruspinae,
1000 3230 1118 3295 Aciliae
1139 3232 1263 3312 relicto,

139 3327 243 3417 Cispio
271 3333 458 3419 Aquilaeque
488 3339 583 3403 classe
613 3340 740 3419 tradita,
773 3350 805 3401 ut
833 3337 912 3401 alter
945 3332 1160 3411 Admmomm,
1189 3334 1269 3400 alter
1287 3344 1318 3398 tt

248 3490 260 3541 ¹
272 3490 429 3555 probauerat
441 3492 548 3546 Caesari
561 3512 587 3561 a,
602 3495 711 3548 Caesari
724 3493 882 3562 probauerat
894 3493 954 3544 edd.
1057 3489 1160 3557 (Nasidi
1172 3489 1201 3553 a)
1216 3505 1265 3542 ua·

137 3565 205 3618 nium
221 3567 245 3618 b.
356 3571 435 3621 estut
450 3570 600 3627 fucultatem
612 3590 638 3638 a,
654 3574 806 3627 facultatem
820 3573 869 3624 sibi
884 3573 944 3625 edd.
1059 3571 1193 3637 ignorauit
1205 3587 1222 3620 e
1237 3572 1262 3623 b.

245 3645 260 3697 5
275 3644 396 3697 frumeuti
409 3648 536 3700 condendi
549 3665 576 3714 a,
591 3650 718 3703 condendi
733 3649 855 3701 immenti
869 3649 928 3701 edd.
1051 3651 1107 3699 llam
1121 3663 1147 3706 a,
1163 3662 1219 3696 orn.
1236 3649 1263 3699 b.

247 3724 262 3775 7
275 3740 322 3791 per
338 3725 448 3776 iudicem
461 3728 559 3778 certior
569 3743 587 3778 o
599 3728 752 3793 Stepbanus
760 3765 768 3792 ,
787 3729 884 3779 certior
897 3744 943 3794 per
955 3729 1062 3779 indicem
1077 3731 1183 3776 colerae
1196 3726 1261 3778 edd.

246 3803 278 3854 to
291 3805 438 3869 progressis
450 3820 477 3855 a.
601 3807 632 3858 13
644 3821 707 3873 sepe
719 3823 747 3857 e.
870 3807 901 3859 15
914 3808 1027 3860 considit
1039 3805 1261 3871 Oudendorpr'ur,

137 3878 255 3930 considet
266 3897 283 3929 u
297 3882 312 3931 b
326 3899 356 3945 e,-
368 3883 487 3934 consedit
499 3899 526 3933 a.
635 3886 740 3937 interim
752 3892 816 3937 aute
829 3887 927 3937 certior
935 3891 1016 3952 ponit
1027 3902 1054 3938 a.
1168 3884 1200 3937 lb
1214 3884 1263 3950 [ibt

138 3955 333 4022 eomlmoratus.
348 3962 376 4011 P.
388 3962 448 4014 223.
555 3964 677 4015 bostisb.
786 3964 1069 4017 lisddueereturub.
1176 3963 1263 4014 ldde-

136 4033 238 4084 ciurana
252 4034 277 4084 b.
401 4045 459 4089 octo
472 4055 498 4089 e.
513 4041 544 4091 Ρ.
557 4041 618 4096 219.
739 4042 772 4095 20
785 4056 818 4092 eu
830 4055 880 4107 ego
893 4043 1030 4108 supplent.
1044 4041 1075 4092 Ρ.
1089 4041 1150 4093 stt.

134 4110 305 4177 ldiam]cum
318 4129 344 4178 a,
354 4130 407 4166 om.
423 4115 449 4164 b.
552 4118 672 4185 utaequa
687 4119 712 4169 b.
817 4119 946 4185 28ioopia
960 4118 1083 4171 immenti
1096 4133 1122 4181 a,
1136 4115 1264 4169 frumeuti

136 4187 295 4256 iuopiaedd.
411 4193 633 4258 premebanturu.
744 4194 933 4261 29Leptimb.
1045 4195 1261 4258 detineamus.

244 4267 277 4321 30
291 4267 368 4339 Cispo
380 4286 398 4322 a
410 4276 437 4324 et
448 4275 490 4325 sic
501 4277 553 4324 aut
566 4270 667 4339 ‘Crispo
680 4288 745 4326 mes.
759 4279 786 4324 et
798 4273 859 4326 edd.
874 4270 946 4341 qqd.‘
1056 4272 1221 4326 ildritaetum
1232 4289 1260 4325 e.
