2692 4688
443 234 983 320 (101111.ῙΙ(ΞΑΡ.11-ῙΙΙ,2.
1262 236 1325 308 513

147 409 307 494 angustior
321 429 419 492 neque
433 410 567 475 creditae
581 408 725 495 pecuniae
738 409 942 489 soluerentur,
958 410 1125 489 constituit,
1141 422 1173 477 ut
1188 411 1269 478 arbi·

146 512 186 578 tri
202 513 365 589 durentur3
383 533 436 594 per
450 532 503 575 eos
519 513 624 576 fierent
638 512 861 576 aestimationes
878 514 1099 598 possessionum
1108 524 1139 578 et
1152 535 1266 596 rernm,

145 615 250 699 quami
267 633 402 696 quaeque
417 634 519 677 eurum
534 625 606 678 ante
621 612 729 678 bellum
746 614 871 693 luisset,
896 625 984 700 atque
1000 616 1056 681 bae
1071 617 1268 683 creditoribus

145 717 353 782 traderentur.
392 713 458 780 Hoc
480 717 567 781 etad
590 717 726 780 timorem
750 731 896 782 nouarum
918 717 1084 782 tabularum
1108 719 1304 786 tollendomd

110 832 129 885 t
150 818 413 901 minuendumque,
431 819 478 901 qui
495 819 558 882 lere
569 817 645 882 bella
663 829 695 883 et
709 818 814 884 ciuiles
828 819 1032 885 dissensiones
1047 821 1131 904 sequi
1143 842 1270 889 consoc-

148 921 204 1001 nit‚
221 920 303 986 etad
319 921 486 984 debitorum
502 921 641 985 tuendam
659 921 910 987 existimationem
926 943 994 986 esse
1008 922 1193 1008 aptissimum
1203 926 1270 990 esi·

148 1023 295 1088 stimauit.
311 1019 446 1106 Itemque
461 1023 651 1107 praetoribus
668 1024 854 1109 tribunisque
868 1024 1150 1110 plebis'rogationes
1165 1028 1202 1091 ad
1218 1024 1305 1112 poi

149 1125 248 1211 pulum
270 1125 435 1191 serentibus
457 1125 615 1190 nonnullos
636 1127 764 1191 ambitus
781 1126 922 1212 Pompeia
945 1128 1012 1211 lege
1034 1129 1190 1195 damnatos
1210 1129 1270 1195 illis

151 1227 346 1312 temporibus,
364 1228 470 1311 quibus
486 1228 515 1292 in
532 1228 607 1292 urbe
622 1228 770 1313 praesidia
786 1230 935 1316 legionrrm
944 1228 1104 1315 Pompeius
1114 1231 1267 1310 babuerat,

93 1340 129 1397 ld
150 1351 227 1415 qnae
241 1329 349 1395 iudicia
365 1329 433 1394 aliis
449 1331 637 1396 audientibus
652 1331 812 1411 iudicibus,
828 1332 897 1398 aliis
908 1334 1088 1397 senteutiam
1106 1334 1269 1399 iereotibus

151 1432 280 1515 singolis
295 1431 397 1497 diebus
413 1443 499 1497 erant
514 1435 657 1518 perlecto,
674 1433 705 1498 in
720 1434 870 1520 integrum
886 1436 1031 1512 restitnit,
1049 1437 1098 1523 qui
1113 1456 1148 1500 se
1159 1436 1202 1500 itti
1212 1434 1304 1501 iot-⁶

151 1535 194 1599 tio
210 1534 307 1599 ciuilis
321 1533 390 1600 belli
407 1536 589 1619 optulerunt,
605 1536 632 1600 si
647 1558 702 1601 sua
718 1558 808 1622 opera
823 1538 855 1602 in
869 1537 947 1602 bello
962 1539 1004 1602 uti
1020 1538 1127 1616 uellet,
1145 1538 1270 1623 proinde

152 1637 333 1716 aestimans,
361 1659 397 1702 uc
419 1639 446 1702 si
468 1659 541 1703 usos
556 1651 653 1717 esset,
679 1641 817 1722 qnoniam
841 1640 888 1704 sui
911 1641 1056 1705 iecissent
1077 1651 1268 1725 potestatem.

153 1735 309 1804 Statuerat
323 1740 403 1804 enim
418 1741 500 1826 prius
515 1742 569 1807 bus
584 1741 695 1806 iudicio
711 1742 807 1827 populi
822 1742 932 1807 debere
945 1744 1085 1820 restitui,
1111 1765 1198 1826 quam
1214 1764 1270 1806 suo
1283 1737 1305 1805 6

96 1851 130 1906 lt
151 1839 297 1906 beneflcio
313 1843 407 1906 uideri
423 1856 576 1929 receptos,
603 1865 641 1907 ne
664 1854 715 1908 aut
736 1845 870 1929 ingratus
887 1845 917 1908 in
933 1846 1090 1909 referenda
1106 1847 1205 1930 gratia
1218 1855 1272 1909 ant

153 1964 303 2027 arrogans
318 1945 350 2009 in
365 1947 570 2032 praeripiendo
586 1948 684 2031 populi
700 1946 846 2011 beneficio
862 1948 1024 2011 uideretur.
1063 1946 1119 2011 Bis
1134 1947 1225 2011 rebus
1242 1946 1308 2016 etB

155 2045 240 2109 feriis
255 2043 375 2113 Latinis
396 2050 584 2132 comitiisque
605 2049 743 2113 omnibus
767 2048 955 2133 perficiendis
977 2060 1014 2112 xl
1030 2051 1092 2114 dies
1109 2051 1212 2114 tribuit
1227 2050 1271 2114 di·

153 2159 328 2233 ctutnraque
343 2171 378 2215 se
392 2151 510 2215 abdicat
525 2163 555 2215 et
577 2154 614 2216 ab
637 2152 711 2214 urbe
726 2151 924 2236 proficiscitur
938 2149 1188 2232 Brundisiumque
1203 2172 1272 2235 per-

152 2252 246 2314 uenit.
278 2249 326 2315 Bo
347 2252 482 2337 legiones
496 2265 565 2332 xli,
593 2255 753 2337 equitatum
777 2274 894 2317 omnem
918 2253 1023 2316 uenire
1037 2252 1179 2316 iusserat.
1211 2249 1310 2316 seta

95 2363 131 2420 2⁰
153 2363 270 2418 tantum
285 2355 404 2420 nauium
419 2358 550 2441 reperit,
574 2368 608 2420 ut
628 2368 757 2441 anguste
772 2358 796 2440 †
809 2364 860 2420 xv
874 2356 953 2419 milia
969 2353 1203 2439 legionariorum
1219 2351 1274 2416 mi·

154 2457 254 2534 litum,
270 2466 314 2521 nn
321 2458 435 2541 equites
452 2469 657 2544 transportare
671 2469 804 2546 possent.
829 2457 896 2523 Boc
911 2457 1126 2544 unum[inopia
1136 2455 1271 2542 nauium]

155 2553 280 2623 Caesari
302 2561 339 2624 ad
362 2562 547 2625 celeritatem
570 2562 744 2626 conficiendi
767 2562 836 2626 belli
852 2562 956 2626 deluit.
988 2563 1088 2646 Atque
1113 2561 1169 2626 bae
1190 2556 1308 2646 ipsaed

156 2662 259 2746 copiae
280 2663 337 2726 boc
358 2663 608 2746 infrequentiores
630 2665 836 2748 imponuntur,
867 2666 943 2749 quod
964 2665 1047 2727 multi
1071 2662 1195 2727 Gallicis
1227 2672 1272 2725 tot

155 2763 240 2828 bellis
255 2765 448 2844 deiecerant,
471 2765 651 2849 longumque
674 2767 733 2830 iter
748 2787 788 2831 ex
804 2765 948 2851 Hispania
965 2784 1102 2848 magnum
1119 2784 1273 2827 numerum

96 2877 133 2933 2⁵
154 2865 359 2946 deminuunt,
384 2877 415 2931 et
429 2868 532 2951 grauis
548 2878 706 2932 autumnus
721 2869 752 2932 in
768 2868 878 2953 Apulia
894 2870 1065 2954 circumque
1081 2863 1272 2929 Brundisium

265 3126 280 3178 3
295 3124 390 3177 luisset
401 3141 418 3176 o
427 3127 449 3189 d,
465 3126 578 3178 luissent
590 3143 618 3177 u.
770 3125 835 3176 boec
847 3141 874 3188 n,
889 3139 936 3176 eae
949 3121 1035 3176 Aldus
1048 3139 1066 3173 rs
1079 3122 1122 3188 (ea
1136 3122 1196 3174 edd.
1211 3127 1276 3174 ants

157 3202 245 3267 Am).
332 3207 347 3257 d
361 3205 535 3255 tabulatorum
548 3209 612 3256 onte
625 3216 696 3256 sorr.
710 3218 737 3254 o.
829 3204 843 3253 t
857 3200 927 3254 serre
938 3218 965 3253 o.
1070 3202 1085 3254 7
1098 3201 1211 3268 itemque
1223 3216 1240 3251 o
1249 3201 1273 3264 b,

159 3284 221 3334 itcna
234 3299 262 3334 rs.
382 3285 399 3336 8
412 3285 563 3351 dampnatos
575 3298 602 3334 a.
725 3280 740 3333 1
754 3281 842 3333 urbem
855 3296 905 3331 se.
1015 3279 1046 3332 tu
1061 3278 1235 3331 terereoubus
1247 3294 1274 3328 α.

267 3360 297 3412 bl
312 3361 387 3412 initio
400 3362 569 3428 Steplromus,·
583 3362 608 3412 iu
622 3362 678 3413 ocio
691 3377 718 3424 a,
736 3361 761 3412 iu
775 3362 828 3411 otio
842 3361 868 3412 b.
1042 3361 1074 3412 lb
1087 3360 1237 3426 optulerunt
1248 3373 1275 3407 u.

268 3436 299 3487 ld
312 3437 386 3504 osus]
400 3438 457 3489 eius
472 3438 496 3488 b.
653 3438 694 3488 sui
708 3436 833 3488 iecissent
846 3434 1003 3499 Beroaldus,
1019 3435 1185 3486 suffecissent
1197 3433 1274 3485 codd.

269 3513 301 3567 dd
313 3515 384 3581 prius
398 3516 443 3564 bos
456 3530 472 3564 a
486 3514 546 3577 (ssd
557 3515 621 3577 boc,
641 3519 673 3564 ut
686 3514 765 3564 ‘mss
776 3510 946 3578 plerique¹),
962 3512 1008 3562 bos
1021 3513 1093 3578 prius
1106 3511 1167 3563 edd.

159 3593 191 3645 dd
204 3592 330 3646 Beneficio
343 3594 524 3661 praeripiendo
537 3594 622 3660 populi
636 3608 663 3645 s.
771 3591 801 3642 11
815 3591 927 3642 comitiis
941 3589 1058 3640 omnibus
1072 3590 1096 3640 b.
1219 3604 1277 3656 per-

157 3670 277 3722 ficiendis
292 3672 366 3722 ‘mam
374 3671 519 3736 plerique,
535 3670 712 3738 perlaciendis
725 3685 741 3720 o
752 3671 783 3734 b,·
796 3667 1092 3737 perficiundisAldusu.
1198 3667 1279 3719 lbse·

157 3749 225 3801 seb.
331 3749 363 3801 tt
377 3750 570 3816 equitatumque
585 3751 609 3815 b,
625 3757 652 3800 et
665 3748 807 3816 equitatum
822 3746 863 3813 (n)
876 3750 888 3796 t
902 3745 1050 3798 cellarius.
1172 3743 1205 3799 20
1220 3759 1279 3811 rep·

157 3828 266 3896 perita.
370 3827 434 3892 †xv
448 3827 518 3879 milia
531 3828 563 3879 P.
579 3829 638 3880 153.
754 3823 991 3887 legionarinmob.
1106 3820 1136 3876 21
1153 3836 1184 3872 nc
1199 3822 1279 3875 Ciue-

156 3910 268 3970 eonius,
282 3923 298 3958 n
310 3905 389 3957 codd.
407 3908 435 3958 Ρ.
452 3907 510 3959 lbb.
628 3903 742 3972 equites]
755 3904 852 3956 milites
867 3904 891 3953 b.
1001 3902 1087 3967 inopia
1101 3903 1202 3955 nauium
1215 3920 1278 3970 apu-

156 3990 201 4038 ria
212 3985 350 4038 iudicauit
360 3986 536 4038 Hotomanus.
554 3985 583 4036 Ρ.
600 3986 658 4038 153.
779 3981 1033 4035 sustentaturum
1047 3981 1200 4034 conficiendi
1214 3982 1278 4034 belli

157 4079 174 4115 a
181 4082 191 4127 ς
205 4063 384 4114 acondcieudi
394 4064 454 4114 belli
464 4063 602 4115 eeleritate
612 4063 636 4126 b,
651 4061 682 4111 ad
692 4059 847 4111 conficiendi
861 4058 923 4111 belli
937 4060 1098 4112 celeritatem
1108 4060 1169 4113 edd.

156 4143 206 4195 bne
219 4141 382 4207 Stephanus,
398 4143 463 4192 bncc
476 4158 492 4193 u
505 4140 566 4193 edd.
580 4145 645 4192 unte
656 4135 719 4191 Atd.
731 4155 740 4198 ,·
753 4152 799 4188 eae
812 4136 901 4189 Aldus
913 4154 942 4189 u.
1075 4139 1109 4193 ts
1122 4143 1186 4189 unte
1198 4139 1277 4202 impo-

157 4226 255 4270 nuntur
266 4222 396 4284 repetunt
407 4217 496 4284 copiae
507 4233 525 4268 s
535 4217 559 4267 b.
676 4211 744 4265 Galli
758 4212 835 4265 codd.
957 4213 990 4269 21
1004 4213 1159 4265 diminuerat
1172 4228 1188 4263 o
1204 4213 1277 4262 ‘marm

152 4295 299 4362 plerique’.

1043 4370 1107 4437 36*
