<?xml version="1.0" encoding="UTF-8"?>
<!DOCTYPE html PUBLIC "-//W3C//DTD XHTML 1.0 Transitional//EN"
    "http://www.w3.org/TR/xhtml1/DTD/xhtml1-transitional.dtd">
<html xmlns="http://www.w3.org/1999/xhtml" xml:lang="en" lang="en">
 <head>
  <title>
</title>
<meta http-equiv="Content-Type" content="text/html;charset=utf-8" />
  <meta name='ocr-system' content='tesseract 3.04.00' />
  <meta name='ocr-capabilities' content='ocr_page ocr_carea ocr_par ocr_line ocrx_word'/>
</head>
<body>
  <div class='ocr_page' id='page_1' title='image "./civliicaesarisc02hirtgoog_0276.png"; bbox 0 0 2692 4688; ppageno 0'>
   <div class='ocr_carea' id='block_1_1' title="bbox 439 210 1291 289">
    <p class='ocr_par' dir='ltr' id='par_1_1' title="bbox 439 210 1291 289">
     <span class='ocr_line' id='line_1_1' title="bbox 439 210 1291 289; baseline 0.005 -9"><span class='ocrx_word' id='word_1_1' title='bbox 439 210 579 281; x_wconf 70' lang='lat' dir='ltr'><strong>cuttu.</strong></span> <span class='ocrx_word' id='word_1_2' title='bbox 596 215 612 281; x_wconf 92' lang='lat' dir='ltr'><strong>l</strong></span> <span class='ocrx_word' id='word_1_3' title='bbox 634 213 729 284; x_wconf 77' lang='lat' dir='ltr'><strong>CAP.</strong></span> <span class='ocrx_word' id='word_1_4' title='bbox 744 216 897 289; x_wconf 73' lang='lat'><strong>21—25.</strong></span> <span class='ocrx_word' id='word_1_5' title='bbox 1225 212 1291 284; x_wconf 71' lang='grc'><strong>269</strong></span> 
     </span>
    </p>
   </div>
   <div class='ocr_carea' id='block_1_2' title="bbox 55 385 1292 3131">
    <p class='ocr_par' dir='ltr' id='par_1_2' title="bbox 55 385 1292 3131">
     <span class='ocr_line' id='line_1_2' title="bbox 112 385 1232 474; baseline -0.001 -22"><span class='ocrx_word' id='word_1_6' title='bbox 112 396 245 453; x_wconf 85' lang='lat' dir='ltr'><strong>mentum</strong></span> <span class='ocrx_word' id='word_1_7' title='bbox 260 385 360 450; x_wconf 90' lang='lat' dir='ltr'><strong>metiri</strong></span> <span class='ocrx_word' id='word_1_8' title='bbox 375 397 543 470; x_wconf 70' lang='lat' dir='ltr'><strong>oporteret,</strong></span> <span class='ocrx_word' id='word_1_9' title='bbox 562 400 593 453; x_wconf 96' lang='lat' dir='ltr'><strong>et</strong></span> <span class='ocrx_word' id='word_1_10' title='bbox 608 392 685 474; x_wconf 90' lang='lat' dir='ltr'><strong>quod</strong></span> <span class='ocrx_word' id='word_1_11' title='bbox 701 413 718 456; x_wconf 83' lang='lat' dir='ltr'><strong>a</strong></span> <span class='ocrx_word' id='word_1_12' title='bbox 733 389 894 469; x_wconf 77' lang='lat' dir='ltr'>Bibracte,</span> <span class='ocrx_word' id='word_1_13' title='bbox 918 389 1023 473; x_wconf 93' lang='lat' dir='ltr'><strong>oppido</strong></span> <span class='ocrx_word' id='word_1_14' title='bbox 1039 387 1232 452; x_wconf 77' lang='lat' dir='ltr'><strong>Haeduorum</strong></span> 
     </span>
     <span class='ocr_line' id='line_1_3' title="bbox 112 489 1233 580; baseline 0.001 -26"><span class='ocrx_word' id='word_1_15' title='bbox 112 492 203 576; x_wconf 83' lang='lat' dir='ltr'><strong>longe</strong></span> <span class='ocrx_word' id='word_1_16' title='bbox 218 489 350 554; x_wconf 86' lang='lat' dir='ltr'><strong>mnsimu</strong></span> <span class='ocrx_word' id='word_1_17' title='bbox 366 499 397 553; x_wconf 89' lang='lat' dir='ltr'><strong>ct</strong></span> <span class='ocrx_word' id='word_1_18' title='bbox 411 489 629 572; x_wconf 88' lang='lat' dir='ltr'><strong>copiosissimo,</strong></span> <span class='ocrx_word' id='word_1_19' title='bbox 647 516 707 558; x_wconf 91' lang='lat' dir='ltr'><strong>non</strong></span> <span class='ocrx_word' id='word_1_20' title='bbox 724 496 848 580; x_wconf 91' lang='lat' dir='ltr'><strong>amplius</strong></span> <span class='ocrx_word' id='word_1_21' title='bbox 863 493 980 558; x_wconf 85' lang='lat' dir='ltr'><strong>milihns</strong></span> <span class='ocrx_word' id='word_1_22' title='bbox 994 513 1132 578; x_wconf 78' lang='lat' dir='ltr'><strong>passuum</strong></span> <span class='ocrx_word' id='word_1_23' title='bbox 1146 499 1233 556; x_wconf 78' lang='lat' dir='ltr'><strong>livill</strong></span> 
     </span>
     <span class='ocr_line' id='line_1_4' title="bbox 111 592 1232 680; baseline 0.001 -23"><span class='ocrx_word' id='word_1_24' title='bbox 111 593 237 672; x_wconf 84' lang='lat' dir='ltr'><strong>shcrat,</strong></span> <span class='ocrx_word' id='word_1_25' title='bbox 261 592 307 656; x_wconf 90' lang='lat' dir='ltr'><strong>rei</strong></span> <span class='ocrx_word' id='word_1_26' title='bbox 324 593 539 656; x_wconf 76' lang='lat' dir='ltr'><strong>frumentariae</strong></span> <span class='ocrx_word' id='word_1_27' title='bbox 554 595 791 680; x_wconf 87' lang='lat' dir='ltr'><strong>prospiciendum</strong></span> <span class='ocrx_word' id='word_1_28' title='bbox 807 596 1008 661; x_wconf 80' lang='lat' dir='ltr'><strong>existimauit:</strong></span> <span class='ocrx_word' id='word_1_29' title='bbox 1033 596 1092 659; x_wconf 88' lang='lat' dir='ltr'><strong>iter</strong></span> <span class='ocrx_word' id='word_1_30' title='bbox 1107 594 1143 658; x_wconf 89' lang='lat' dir='ltr'><strong>ah</strong></span> <span class='ocrx_word' id='word_1_31' title='bbox 1159 592 1232 658; x_wconf 83' lang='lat' dir='ltr'><strong>liel-</strong></span> 
     </span>
     <span class='ocr_line' id='line_1_5' title="bbox 111 691 1270 783; baseline 0.001 -25"><span class='ocrx_word' id='word_1_32' title='bbox 111 694 202 760; x_wconf 91' lang='lat' dir='ltr'><strong>uetiis</strong></span> <span class='ocrx_word' id='word_1_33' title='bbox 218 695 337 759; x_wconf 79' lang='lat' dir='ltr'><strong>auertit·</strong></span> <span class='ocrx_word' id='word_1_34' title='bbox 357 715 392 756; x_wconf 89' lang='lat' dir='ltr'><strong>ac</strong></span> <span class='ocrx_word' id='word_1_35' title='bbox 416 691 557 759; x_wconf 86' lang='lat' dir='ltr'><strong>Bibracte</strong></span> <span class='ocrx_word' id='word_1_36' title='bbox 572 696 616 761; x_wconf 87' lang='lat' dir='ltr'><strong>irc</strong></span> <span class='ocrx_word' id='word_1_37' title='bbox 633 699 797 762; x_wconf 89' lang='lat' dir='ltr'><strong>contendit.</strong></span> <span class='ocrx_word' id='word_1_38' title='bbox 835 697 882 762; x_wconf 84' lang='lat' dir='ltr'><strong>Ea</strong></span> <span class='ocrx_word' id='word_1_39' title='bbox 898 718 949 761; x_wconf 88' lang='lat' dir='ltr'><strong>res</strong></span> <span class='ocrx_word' id='word_1_40' title='bbox 963 718 1019 782; x_wconf 88' lang='lat' dir='ltr'><strong>per</strong></span> <span class='ocrx_word' id='word_1_41' title='bbox 1033 697 1175 783; x_wconf 78' lang='lat' dir='ltr'><strong>fugitiuos</strong></span> <span class='ocrx_word' id='word_1_42' title='bbox 1190 693 1230 759; x_wconf 80' lang='lat'><strong>1..</strong></span> <span class='ocrx_word' id='word_1_43' title='bbox 1247 694 1270 760; x_wconf 76' lang='lat'><strong>2</strong></span> 
     </span>
     <span class='ocr_line' id='line_1_6' title="bbox 77 796 1269 880; baseline 0.003 -21"><span class='ocrx_word' id='word_1_44' title='bbox 77 810 91 859; x_wconf 87' lang='lat' dir='ltr'><strong>t</strong></span> <span class='ocrx_word' id='word_1_45' title='bbox 115 796 256 872; x_wconf 77' lang='lat' dir='ltr'><strong>Aemilii,</strong></span> <span class='ocrx_word' id='word_1_46' title='bbox 281 796 451 860; x_wconf 76' lang='lat' dir='ltr'><strong>decurionis</strong></span> <span class='ocrx_word' id='word_1_47' title='bbox 467 798 597 880; x_wconf 88' lang='lat' dir='ltr'><strong>equitum</strong></span> <span class='ocrx_word' id='word_1_48' title='bbox 614 797 788 879; x_wconf 81' lang='lat' dir='ltr'><strong>Gallorum,</strong></span> <span class='ocrx_word' id='word_1_49' title='bbox 813 800 947 865; x_wconf 77' lang='lat' dir='ltr'><strong>hostibus</strong></span> <span class='ocrx_word' id='word_1_50' title='bbox 962 800 1129 863; x_wconf 90' lang='lat' dir='ltr'><strong>nuntiatur.</strong></span> <span class='ocrx_word' id='word_1_51' title='bbox 1161 796 1269 864; x_wconf 73' lang='lat' dir='ltr'><strong>ital-³</strong></span> 
     </span>
     <span class='ocr_line' id='line_1_7' title="bbox 114 897 1233 982; baseline 0.003 -20"><span class='ocrx_word' id='word_1_52' title='bbox 114 899 201 977; x_wconf 88' lang='lat' dir='ltr'><strong>uctii,</strong></span> <span class='ocrx_word' id='word_1_53' title='bbox 217 918 273 962; x_wconf 89' lang='lat' dir='ltr'><strong>seu</strong></span> <span class='ocrx_word' id='word_1_54' title='bbox 289 897 364 980; x_wconf 93' lang='lat' dir='ltr'><strong>qnod</strong></span> <span class='ocrx_word' id='word_1_55' title='bbox 382 898 489 962; x_wconf 88' lang='lat' dir='ltr'><strong>timore</strong></span> <span class='ocrx_word' id='word_1_56' title='bbox 505 901 681 982; x_wconf 87' lang='lat' dir='ltr'><strong>perterritos</strong></span> <span class='ocrx_word' id='word_1_57' title='bbox 697 901 850 967; x_wconf 79' lang='lat' dir='ltr'><strong>Romanos</strong></span> <span class='ocrx_word' id='word_1_58' title='bbox 866 901 1019 966; x_wconf 84' lang='lat' dir='ltr'><strong>discedere</strong></span> <span class='ocrx_word' id='word_1_59' title='bbox 1035 922 1051 964; x_wconf 93' lang='lat' dir='ltr'><strong>a</strong></span> <span class='ocrx_word' id='word_1_60' title='bbox 1072 923 1107 966; x_wconf 87' lang='lat' dir='ltr'><strong>se</strong></span> <span class='ocrx_word' id='word_1_61' title='bbox 1127 902 1233 967; x_wconf 84' lang='lat' dir='ltr'><strong>existi·</strong></span> 
     </span>
     <span class='ocr_line' id='line_1_8' title="bbox 113 1001 1236 1088; baseline 0.003 -22"><span class='ocrx_word' id='word_1_62' title='bbox 113 1012 244 1079; x_wconf 76' lang='lat' dir='ltr'><strong>mamut,</strong></span> <span class='ocrx_word' id='word_1_63' title='bbox 261 1020 297 1064; x_wconf 90' lang='lat' dir='ltr'><strong>co</strong></span> <span class='ocrx_word' id='word_1_64' title='bbox 308 1001 415 1084; x_wconf 89' lang='lat' dir='ltr'><strong>magis,</strong></span> <span class='ocrx_word' id='word_1_65' title='bbox 434 1002 511 1084; x_wconf 92' lang='lat' dir='ltr'><strong>qnod</strong></span> <span class='ocrx_word' id='word_1_66' title='bbox 520 1003 615 1087; x_wconf 90' lang='lat' dir='ltr'><strong>pridie</strong></span> <span class='ocrx_word' id='word_1_67' title='bbox 629 1006 833 1088; x_wconf 89' lang='lat' dir='ltr'><strong>superioribus</strong></span> <span class='ocrx_word' id='word_1_68' title='bbox 849 1005 923 1068; x_wconf 88' lang='lat' dir='ltr'><strong>loeis</strong></span> <span class='ocrx_word' id='word_1_69' title='bbox 932 1005 1084 1088; x_wconf 87' lang='lat' dir='ltr'><strong>occupatis</strong></span> <span class='ocrx_word' id='word_1_70' title='bbox 1093 1004 1236 1088; x_wconf 79' lang='lat' dir='ltr'><strong>proelium</strong></span> 
     </span>
     <span class='ocr_line' id='line_1_9' title="bbox 114 1102 1234 1191; baseline 0.004 -24"><span class='ocrx_word' id='word_1_71' title='bbox 114 1124 173 1168; x_wconf 89' lang='lat' dir='ltr'><strong>unu</strong></span> <span class='ocrx_word' id='word_1_72' title='bbox 188 1102 426 1181; x_wconf 88' lang='lat' dir='ltr'><strong>commisissent,</strong></span> <span class='ocrx_word' id='word_1_73' title='bbox 449 1105 515 1168; x_wconf 89' lang='lat' dir='ltr'><strong>siue</strong></span> <span class='ocrx_word' id='word_1_74' title='bbox 530 1124 586 1180; x_wconf 90' lang='lat' dir='ltr'><strong>co,</strong></span> <span class='ocrx_word' id='word_1_75' title='bbox 611 1106 688 1188; x_wconf 92' lang='lat' dir='ltr'><strong>quud</strong></span> <span class='ocrx_word' id='word_1_76' title='bbox 706 1128 740 1170; x_wconf 89' lang='lat' dir='ltr'><strong>re</strong></span> <span class='ocrx_word' id='word_1_77' title='bbox 760 1107 956 1171; x_wconf 84' lang='lat' dir='ltr'><strong>frumentaria</strong></span> <span class='ocrx_word' id='word_1_78' title='bbox 971 1106 1129 1170; x_wconf 91' lang='lat' dir='ltr'><strong>intercludi</strong></span> <span class='ocrx_word' id='word_1_79' title='bbox 1144 1126 1234 1191; x_wconf 88' lang='lat' dir='ltr'><strong>posse</strong></span> 
     </span>
     <span class='ocr_line' id='line_1_10' title="bbox 114 1205 1233 1297; baseline 0.004 -28"><span class='ocrx_word' id='word_1_80' title='bbox 114 1205 316 1282; x_wconf 83' lang='lat' dir='ltr'><strong>confiderent,</strong></span> <span class='ocrx_word' id='word_1_81' title='bbox 340 1216 521 1297; x_wconf 87' lang='lat' dir='ltr'><strong>commutato</strong></span> <span class='ocrx_word' id='word_1_82' title='bbox 542 1209 668 1272; x_wconf 86' lang='lat' dir='ltr'><strong>consilio</strong></span> <span class='ocrx_word' id='word_1_83' title='bbox 689 1220 779 1293; x_wconf 90' lang='lat' dir='ltr'><strong>atque</strong></span> <span class='ocrx_word' id='word_1_84' title='bbox 793 1210 902 1273; x_wconf 88' lang='lat' dir='ltr'><strong>itinere</strong></span> <span class='ocrx_word' id='word_1_85' title='bbox 917 1229 1065 1273; x_wconf 88' lang='lat' dir='ltr'><strong>conuerso</strong></span> <span class='ocrx_word' id='word_1_86' title='bbox 1080 1220 1233 1274; x_wconf 86' lang='lat' dir='ltr'><strong>nostrosa</strong></span> 
     </span>
     <span class='ocr_line' id='line_1_11' title="bbox 62 1306 1291 1396; baseline 0.008 -26"><span class='ocrx_word' id='word_1_87' title='bbox 62 1319 94 1370; x_wconf 89' lang='lat' dir='ltr'><strong>tt</strong></span> <span class='ocrx_word' id='word_1_88' title='bbox 116 1307 281 1372; x_wconf 89' lang='lat' dir='ltr'><strong>nouissimo</strong></span> <span class='ocrx_word' id='word_1_89' title='bbox 303 1306 422 1391; x_wconf 87' lang='lat' dir='ltr'><strong>agmine</strong></span> <span class='ocrx_word' id='word_1_90' title='bbox 447 1308 561 1392; x_wconf 87' lang='lat' dir='ltr'><strong>insequi</strong></span> <span class='ocrx_word' id='word_1_91' title='bbox 583 1332 619 1373; x_wconf 90' lang='lat' dir='ltr'><strong>ac</strong></span> <span class='ocrx_word' id='word_1_92' title='bbox 641 1312 792 1375; x_wconf 88' lang='lat' dir='ltr'><strong>laeesscrc</strong></span> <span class='ocrx_word' id='word_1_93' title='bbox 814 1321 987 1396; x_wconf 88' lang='lat' dir='ltr'><strong>coeperunt.</strong></span> <span class='ocrx_word' id='word_1_94' title='bbox 1025 1307 1187 1393; x_wconf 85' lang='lat' dir='ltr'><strong>Postquam</strong></span> <span class='ocrx_word' id='word_1_95' title='bbox 1202 1311 1232 1376; x_wconf 92' lang='lat' dir='ltr'><strong>id</strong></span> <span class='ocrx_word' id='word_1_96' title='bbox 1246 1310 1291 1381; x_wconf 76' lang='grc'><strong>24</strong></span> 
     </span>
     <span class='ocr_line' id='line_1_12' title="bbox 115 1408 1235 1498; baseline 0.004 -25"><span class='ocrx_word' id='word_1_97' title='bbox 115 1409 246 1474; x_wconf 75' lang='lat' dir='ltr'><strong>animum</strong></span> <span class='ocrx_word' id='word_1_98' title='bbox 262 1408 412 1486; x_wconf 84' lang='lat' dir='ltr'><strong>aduertit,</strong></span> <span class='ocrx_word' id='word_1_99' title='bbox 436 1411 537 1493; x_wconf 88' lang='lat' dir='ltr'><strong>copias</strong></span> <span class='ocrx_word' id='word_1_100' title='bbox 552 1433 623 1476; x_wconf 88' lang='lat' dir='ltr'><strong>suas</strong></span> <span class='ocrx_word' id='word_1_101' title='bbox 639 1408 755 1477; x_wconf 88' lang='lat' dir='ltr'><strong>Caesar</strong></span> <span class='ocrx_word' id='word_1_102' title='bbox 769 1415 800 1477; x_wconf 91' lang='lat' dir='ltr'><strong>iu</strong></span> <span class='ocrx_word' id='word_1_103' title='bbox 818 1413 984 1498; x_wconf 89' lang='lat' dir='ltr'><strong>proximum</strong></span> <span class='ocrx_word' id='word_1_104' title='bbox 1000 1413 1104 1477; x_wconf 90' lang='lat' dir='ltr'><strong>collem</strong></span> <span class='ocrx_word' id='word_1_105' title='bbox 1124 1412 1235 1478; x_wconf 83' lang='lat' dir='ltr'><strong>suhdu-</strong></span> 
     </span>
     <span class='ocr_line' id='line_1_13' title="bbox 115 1511 1270 1600; baseline 0.004 -24"><span class='ocrx_word' id='word_1_106' title='bbox 115 1512 157 1576; x_wconf 93' lang='lat' dir='ltr'><strong>cit</strong></span> <span class='ocrx_word' id='word_1_107' title='bbox 170 1511 403 1596; x_wconf 87' lang='lat' dir='ltr'><strong>equitatumque,</strong></span> <span class='ocrx_word' id='word_1_108' title='bbox 420 1511 471 1594; x_wconf 91' lang='lat' dir='ltr'><strong>qui</strong></span> <span class='ocrx_word' id='word_1_109' title='bbox 486 1515 650 1579; x_wconf 75' lang='lat' dir='ltr'><strong>sustineret</strong></span> <span class='ocrx_word' id='word_1_110' title='bbox 664 1516 794 1580; x_wconf 88' lang='lat' dir='ltr'><strong>hostium</strong></span> <span class='ocrx_word' id='word_1_111' title='bbox 809 1517 963 1600; x_wconf 89' lang='lat' dir='ltr'><strong>impetum,</strong></span> <span class='ocrx_word' id='word_1_112' title='bbox 980 1516 1073 1579; x_wconf 90' lang='lat' dir='ltr'><strong>misit.</strong></span> <span class='ocrx_word' id='word_1_113' title='bbox 1104 1512 1173 1600; x_wconf 90' lang='lat' dir='ltr'><strong>lpse</strong></span> <span class='ocrx_word' id='word_1_114' title='bbox 1187 1513 1270 1581; x_wconf 77' lang='lat' dir='ltr'><strong>irs-2</strong></span> 
     </span>
     <span class='ocr_line' id='line_1_14' title="bbox 114 1613 1233 1703; baseline 0.002 -25"><span class='ocrx_word' id='word_1_115' title='bbox 114 1615 201 1680; x_wconf 84' lang='lat' dir='ltr'><strong>terim</strong></span> <span class='ocrx_word' id='word_1_116' title='bbox 216 1616 249 1678; x_wconf 90' lang='lat' dir='ltr'><strong>in</strong></span> <span class='ocrx_word' id='word_1_117' title='bbox 263 1613 341 1677; x_wconf 88' lang='lat' dir='ltr'><strong>colle</strong></span> <span class='ocrx_word' id='word_1_118' title='bbox 355 1614 451 1677; x_wconf 90' lang='lat' dir='ltr'><strong>medio</strong></span> <span class='ocrx_word' id='word_1_119' title='bbox 468 1616 612 1699; x_wconf 81' lang='lat' dir='ltr'><strong>triplicem</strong></span> <span class='ocrx_word' id='word_1_120' title='bbox 633 1619 729 1682; x_wconf 88' lang='lat' dir='ltr'><strong>aciem</strong></span> <span class='ocrx_word' id='word_1_121' title='bbox 751 1618 898 1682; x_wconf 81' lang='lat' dir='ltr'><strong>instruxit</strong></span> <span class='ocrx_word' id='word_1_122' title='bbox 920 1619 1069 1703; x_wconf 88' lang='lat' dir='ltr'><strong>legionum</strong></span> <span class='ocrx_word' id='word_1_123' title='bbox 1092 1627 1233 1700; x_wconf 85' lang='lat' dir='ltr'><strong>quattuor</strong></span> 
     </span>
     <span class='ocr_line' id='line_1_15' title="bbox 115 1715 1229 1804; baseline 0.001 -21"><span class='ocrx_word' id='word_1_124' title='bbox 115 1726 326 1783; x_wconf 79' lang='lat' dir='ltr'><strong>ostensarum</strong></span> <span class='ocrx_word' id='word_1_125' title='bbox 343 1715 423 1801; x_wconf 88' lang='lat' dir='ltr'><strong>[ita,</strong></span> <span class='ocrx_word' id='word_1_126' title='bbox 442 1718 486 1780; x_wconf 92' lang='lat' dir='ltr'><strong>uti</strong></span> <span class='ocrx_word' id='word_1_127' title='bbox 501 1719 632 1804; x_wconf 79' lang='lat' dir='ltr'><strong>supra];</strong></span> <span class='ocrx_word' id='word_1_128' title='bbox 655 1722 707 1785; x_wconf 90' lang='lat' dir='ltr'><strong>scd</strong></span> <span class='ocrx_word' id='word_1_129' title='bbox 731 1722 761 1784; x_wconf 89' lang='lat' dir='ltr'><strong>iu</strong></span> <span class='ocrx_word' id='word_1_130' title='bbox 776 1741 891 1784; x_wconf 88' lang='lat' dir='ltr'><strong>summo</strong></span> <span class='ocrx_word' id='word_1_131' title='bbox 906 1722 978 1804; x_wconf 89' lang='lat' dir='ltr'><strong>iugo</strong></span> <span class='ocrx_word' id='word_1_132' title='bbox 994 1722 1067 1782; x_wconf 90' lang='lat' dir='ltr'><strong>duas</strong></span> <span class='ocrx_word' id='word_1_133' title='bbox 1083 1719 1229 1803; x_wconf 79' lang='lat' dir='ltr'><strong>legiones,</strong></span> 
     </span>
     <span class='ocr_line' id='line_1_16' title="bbox 61 1816 1232 1906; baseline 0.003 -24"><span class='ocrx_word' id='word_1_134' title='bbox 61 1831 91 1882; x_wconf 77' lang='lat' dir='ltr'><strong>lt</strong></span> <span class='ocrx_word' id='word_1_135' title='bbox 112 1840 189 1904; x_wconf 85' lang='lat' dir='ltr'><strong>quas</strong></span> <span class='ocrx_word' id='word_1_136' title='bbox 203 1820 236 1883; x_wconf 88' lang='lat' dir='ltr'><strong>in</strong></span> <span class='ocrx_word' id='word_1_137' title='bbox 250 1816 350 1883; x_wconf 84' lang='lat' dir='ltr'><strong>Gallis</strong></span> <span class='ocrx_word' id='word_1_138' title='bbox 366 1818 506 1884; x_wconf 89' lang='lat' dir='ltr'><strong>citeriore</strong></span> <span class='ocrx_word' id='word_1_139' title='bbox 523 1823 658 1905; x_wconf 79' lang='lat' dir='ltr'><strong>proxime</strong></span> <span class='ocrx_word' id='word_1_140' title='bbox 680 1824 919 1906; x_wconf 81' lang='lat' dir='ltr'><strong>conscripserat,</strong></span> <span class='ocrx_word' id='word_1_141' title='bbox 945 1835 975 1888; x_wconf 90' lang='lat' dir='ltr'><strong>et</strong></span> <span class='ocrx_word' id='word_1_142' title='bbox 996 1820 1095 1885; x_wconf 87' lang='lat' dir='ltr'><strong>omnin</strong></span> <span class='ocrx_word' id='word_1_143' title='bbox 1119 1820 1232 1885; x_wconf 87' lang='lat' dir='ltr'><strong>auxilia</strong></span> 
     </span>
     <span class='ocr_line' id='line_1_17' title="bbox 95 1917 1266 2010; baseline 0.001 -27"><span class='ocrx_word' id='word_1_144' title='bbox 95 1920 268 1987; x_wconf 72' lang='lat' dir='ltr'><strong>conlocari</strong></span> <span class='ocrx_word' id='word_1_145' title='bbox 282 1941 319 1984; x_wconf 87' lang='lat' dir='ltr'><strong>ac</strong></span> <span class='ocrx_word' id='word_1_146' title='bbox 332 1930 427 1985; x_wconf 90' lang='lat' dir='ltr'><strong>totum</strong></span> <span class='ocrx_word' id='word_1_147' title='bbox 441 1933 572 1986; x_wconf 90' lang='lat' dir='ltr'><strong>montom</strong></span> <span class='ocrx_word' id='word_1_148' title='bbox 590 1923 757 1989; x_wconf 88' lang='lat' dir='ltr'><strong>hominihus</strong></span> <span class='ocrx_word' id='word_1_149' title='bbox 773 1926 913 2010; x_wconf 88' lang='lat' dir='ltr'><strong>compleri</strong></span> <span class='ocrx_word' id='word_1_150' title='bbox 930 1936 960 1989; x_wconf 93' lang='lat' dir='ltr'><strong>et</strong></span> <span class='ocrx_word' id='word_1_151' title='bbox 970 1922 1230 1988; x_wconf 86' lang='lat' dir='ltr'><strong>intereasarciues</strong></span> <span class='ocrx_word' id='word_1_152' title='bbox 1245 1917 1266 1984; x_wconf 79' lang='grc'>3</span> 
     </span>
     <span class='ocr_line' id='line_1_18' title="bbox 111 2023 1231 2109; baseline -0.002 -19"><span class='ocrx_word' id='word_1_153' title='bbox 111 2026 146 2090; x_wconf 92' lang='lat' dir='ltr'><strong>in</strong></span> <span class='ocrx_word' id='word_1_154' title='bbox 162 2044 254 2088; x_wconf 89' lang='lat' dir='ltr'><strong>uuum</strong></span> <span class='ocrx_word' id='word_1_155' title='bbox 269 2023 362 2088; x_wconf 88' lang='lat' dir='ltr'><strong>locum</strong></span> <span class='ocrx_word' id='word_1_156' title='bbox 377 2026 508 2089; x_wconf 83' lang='lat' dir='ltr'><strong>conferri</strong></span> <span class='ocrx_word' id='word_1_157' title='bbox 525 2036 557 2089; x_wconf 91' lang='lat' dir='ltr'><strong>et</strong></span> <span class='ocrx_word' id='word_1_158' title='bbox 571 2046 638 2089; x_wconf 90' lang='lat' dir='ltr'><strong>enm</strong></span> <span class='ocrx_word' id='word_1_159' title='bbox 654 2025 691 2088; x_wconf 90' lang='lat' dir='ltr'><strong>ah</strong></span> <span class='ocrx_word' id='word_1_160' title='bbox 707 2026 771 2103; x_wconf 92' lang='lat' dir='ltr'><strong>his,</strong></span> <span class='ocrx_word' id='word_1_161' title='bbox 796 2027 844 2109; x_wconf 92' lang='lat' dir='ltr'><strong>qni</strong></span> <span class='ocrx_word' id='word_1_162' title='bbox 860 2027 892 2089; x_wconf 94' lang='lat' dir='ltr'><strong>in</strong></span> <span class='ocrx_word' id='word_1_163' title='bbox 907 2027 1063 2108; x_wconf 88' lang='lat' dir='ltr'><strong>superiore</strong></span> <span class='ocrx_word' id='word_1_164' title='bbox 1078 2026 1144 2089; x_wconf 88' lang='lat' dir='ltr'><strong>acie</strong></span> <span class='ocrx_word' id='word_1_165' title='bbox 1159 2044 1231 2089; x_wconf 90' lang='lat' dir='ltr'><strong>eon-</strong></span> 
     </span>
     <span class='ocr_line' id='line_1_19' title="bbox 114 2124 1270 2205; baseline -0.001 -14"><span class='ocrx_word' id='word_1_166' title='bbox 114 2127 284 2205; x_wconf 86' lang='lat' dir='ltr'><strong>stiterant,</strong></span> <span class='ocrx_word' id='word_1_167' title='bbox 307 2127 411 2192; x_wconf 90' lang='lat' dir='ltr'><strong>muniri</strong></span> <span class='ocrx_word' id='word_1_168' title='bbox 433 2128 533 2192; x_wconf 90' lang='lat' dir='ltr'><strong>iussit.</strong></span> <span class='ocrx_word' id='word_1_169' title='bbox 567 2126 700 2191; x_wconf 89' lang='lat' dir='ltr'><strong>llelnetii</strong></span> <span class='ocrx_word' id='word_1_170' title='bbox 715 2149 781 2190; x_wconf 89' lang='lat' dir='ltr'><strong>cnm</strong></span> <span class='ocrx_word' id='word_1_171' title='bbox 798 2127 933 2192; x_wconf 88' lang='lat' dir='ltr'><strong>omnihus</strong></span> <span class='ocrx_word' id='word_1_172' title='bbox 949 2129 1011 2191; x_wconf 93' lang='lat' dir='ltr'><strong>suis</strong></span> <span class='ocrx_word' id='word_1_173' title='bbox 1027 2128 1122 2191; x_wconf 85' lang='lat' dir='ltr'><strong>carris</strong></span> <span class='ocrx_word' id='word_1_174' title='bbox 1137 2126 1232 2192; x_wconf 89' lang='lat' dir='ltr'><strong>secuti</strong></span> <span class='ocrx_word' id='word_1_175' title='bbox 1247 2124 1270 2190; x_wconf 79' lang='grc'>4</span> 
     </span>
     <span class='ocr_line' id='line_1_20' title="bbox 111 2224 1266 2314; baseline -0.003 -20"><span class='ocrx_word' id='word_1_176' title='bbox 111 2227 320 2314; x_wconf 81' lang='lat' dir='ltr'><strong>inpedimenta</strong></span> <span class='ocrx_word' id='word_1_177' title='bbox 338 2229 370 2295; x_wconf 88' lang='lat' dir='ltr'><strong>in</strong></span> <span class='ocrx_word' id='word_1_178' title='bbox 392 2251 481 2295; x_wconf 90' lang='lat' dir='ltr'><strong>unum</strong></span> <span class='ocrx_word' id='word_1_179' title='bbox 505 2230 601 2296; x_wconf 88' lang='lat' dir='ltr'><strong>locum</strong></span> <span class='ocrx_word' id='word_1_180' title='bbox 625 2231 834 2308; x_wconf 79' lang='lat' dir='ltr'><strong>contulerunt3</strong></span> <span class='ocrx_word' id='word_1_181' title='bbox 858 2230 913 2313; x_wconf 92' lang='lat' dir='ltr'><strong>ipsi</strong></span> <span class='ocrx_word' id='word_1_182' title='bbox 929 2228 1151 2292; x_wconf 80' lang='lat' dir='ltr'><strong>confertissima</strong></span> <span class='ocrx_word' id='word_1_183' title='bbox 1166 2224 1266 2291; x_wconf 84' lang='lat' dir='ltr'><strong>acie5</strong></span> 
     </span>
     <span class='ocr_line' id='line_1_21' title="bbox 55 2329 1234 2419; baseline -0.003 -23"><span class='ocrx_word' id='word_1_184' title='bbox 55 2341 90 2396; x_wconf 71' lang='lat' dir='ltr'><strong>tt</strong></span> <span class='ocrx_word' id='word_1_185' title='bbox 111 2332 228 2396; x_wconf 84' lang='lat' dir='ltr'><strong>reiecto</strong></span> <span class='ocrx_word' id='word_1_186' title='bbox 244 2342 349 2396; x_wconf 87' lang='lat' dir='ltr'><strong>nostru</strong></span> <span class='ocrx_word' id='word_1_187' title='bbox 364 2334 495 2416; x_wconf 87' lang='lat' dir='ltr'><strong>equitatu</strong></span> <span class='ocrx_word' id='word_1_188' title='bbox 512 2334 657 2419; x_wconf 81' lang='lat' dir='ltr'><strong>phalange</strong></span> <span class='ocrx_word' id='word_1_189' title='bbox 679 2334 757 2396; x_wconf 90' lang='lat' dir='ltr'><strong>lacta</strong></span> <span class='ocrx_word' id='word_1_190' title='bbox 779 2332 833 2395; x_wconf 90' lang='lat' dir='ltr'><strong>suh</strong></span> <span class='ocrx_word' id='word_1_191' title='bbox 849 2331 971 2417; x_wconf 92' lang='lat' dir='ltr'><strong>primam</strong></span> <span class='ocrx_word' id='word_1_192' title='bbox 989 2340 1122 2394; x_wconf 82' lang='lat' dir='ltr'><strong>nestram</strong></span> <span class='ocrx_word' id='word_1_193' title='bbox 1139 2329 1234 2393; x_wconf 89' lang='lat' dir='ltr'><strong>aciem</strong></span> 
     </span>
     <span class='ocr_line' id='line_1_22' title="bbox 113 2428 1292 2521; baseline 0.003 -23"><span class='ocrx_word' id='word_1_194' title='bbox 113 2445 339 2498; x_wconf 88' lang='lat' dir='ltr'><strong>successerunt.</strong></span> <span class='ocrx_word' id='word_1_195' title='bbox 378 2430 495 2499; x_wconf 86' lang='lat' dir='ltr'><strong>Caesar</strong></span> <span class='ocrx_word' id='word_1_196' title='bbox 510 2436 634 2521; x_wconf 86' lang='lat' dir='ltr'><strong>primum</strong></span> <span class='ocrx_word' id='word_1_197' title='bbox 650 2457 717 2512; x_wconf 89' lang='lat' dir='ltr'><strong>suo,</strong></span> <span class='ocrx_word' id='word_1_198' title='bbox 747 2436 853 2498; x_wconf 87' lang='lat' dir='ltr'><strong>deinde</strong></span> <span class='ocrx_word' id='word_1_199' title='bbox 869 2433 998 2497; x_wconf 86' lang='lat' dir='ltr'><strong>omnium</strong></span> <span class='ocrx_word' id='word_1_200' title='bbox 1017 2453 1057 2496; x_wconf 81' lang='lat' dir='ltr'><strong>es</strong></span> <span class='ocrx_word' id='word_1_201' title='bbox 1073 2440 1235 2516; x_wconf 84' lang='lat' dir='ltr'><strong>conspectu</strong></span> <span class='ocrx_word' id='word_1_202' title='bbox 1248 2428 1292 2501; x_wconf 71' lang='lat'><strong>25</strong></span> 
     </span>
     <span class='ocr_line' id='line_1_23' title="bbox 111 2534 1230 2622; baseline -0.004 -19"><span class='ocrx_word' id='word_1_203' title='bbox 111 2537 242 2603; x_wconf 81' lang='lat' dir='ltr'><strong>remotis</strong></span> <span class='ocrx_word' id='word_1_204' title='bbox 261 2538 364 2622; x_wconf 86' lang='lat' dir='ltr'><strong>equis,</strong></span> <span class='ocrx_word' id='word_1_205' title='bbox 390 2548 424 2601; x_wconf 90' lang='lat' dir='ltr'><strong>ut</strong></span> <span class='ocrx_word' id='word_1_206' title='bbox 444 2549 571 2622; x_wconf 88' lang='lat' dir='ltr'><strong>aequato</strong></span> <span class='ocrx_word' id='word_1_207' title='bbox 593 2539 721 2601; x_wconf 92' lang='lat' dir='ltr'><strong>omnium</strong></span> <span class='ocrx_word' id='word_1_208' title='bbox 746 2536 876 2622; x_wconf 90' lang='lat' dir='ltr'><strong>periculo</strong></span> <span class='ocrx_word' id='word_1_209' title='bbox 899 2556 980 2621; x_wconf 91' lang='lat' dir='ltr'><strong>spem</strong></span> <span class='ocrx_word' id='word_1_210' title='bbox 997 2537 1084 2621; x_wconf 89' lang='lat' dir='ltr'><strong>lugae</strong></span> <span class='ocrx_word' id='word_1_211' title='bbox 1100 2534 1230 2613; x_wconf 88' lang='lat' dir='ltr'><strong>tolleret,</strong></span> 
     </span>
     <span class='ocr_line' id='line_1_24' title="bbox 114 2633 1271 2724; baseline -0.002 -21"><span class='ocrx_word' id='word_1_212' title='bbox 114 2639 292 2704; x_wconf 73' lang='lat' dir='ltr'><strong>cohortatus</strong></span> <span class='ocrx_word' id='word_1_213' title='bbox 306 2661 379 2704; x_wconf 87' lang='lat' dir='ltr'><strong>suos</strong></span> <span class='ocrx_word' id='word_1_214' title='bbox 395 2641 539 2724; x_wconf 89' lang='lat' dir='ltr'><strong>proelium</strong></span> <span class='ocrx_word' id='word_1_215' title='bbox 556 2640 715 2703; x_wconf 91' lang='lat' dir='ltr'><strong>commisit.</strong></span> <span class='ocrx_word' id='word_1_216' title='bbox 752 2637 867 2704; x_wconf 81' lang='lat' dir='ltr'><strong>Milites</strong></span> <span class='ocrx_word' id='word_1_217' title='bbox 883 2662 899 2704; x_wconf 92' lang='lat' dir='ltr'><strong>e</strong></span> <span class='ocrx_word' id='word_1_218' title='bbox 915 2641 981 2704; x_wconf 92' lang='lat' dir='ltr'><strong>loeo</strong></span> <span class='ocrx_word' id='word_1_219' title='bbox 996 2638 1154 2724; x_wconf 87' lang='lat' dir='ltr'><strong>superiore</strong></span> <span class='ocrx_word' id='word_1_220' title='bbox 1168 2636 1235 2722; x_wconf 90' lang='lat' dir='ltr'><strong>pilis</strong></span> <span class='ocrx_word' id='word_1_221' title='bbox 1249 2633 1271 2701; x_wconf 76' lang='lat'><strong>2</strong></span> 
     </span>
     <span class='ocr_line' id='line_1_25' title="bbox 112 2738 1235 2829; baseline -0.004 -23"><span class='ocrx_word' id='word_1_222' title='bbox 112 2741 216 2806; x_wconf 83' lang='lat' dir='ltr'><strong>missis</strong></span> <span class='ocrx_word' id='word_1_223' title='bbox 231 2742 319 2807; x_wconf 80' lang='lat' dir='ltr'><strong>facile</strong></span> <span class='ocrx_word' id='word_1_224' title='bbox 333 2742 463 2807; x_wconf 90' lang='lat' dir='ltr'><strong>hostium</strong></span> <span class='ocrx_word' id='word_1_225' title='bbox 479 2742 653 2829; x_wconf 83' lang='lat' dir='ltr'><strong>phalangem</strong></span> <span class='ocrx_word' id='word_1_226' title='bbox 670 2744 891 2828; x_wconf 78' lang='lat' dir='ltr'><strong>perfregerunt.</strong></span> <span class='ocrx_word' id='word_1_227' title='bbox 923 2740 970 2805; x_wconf 87' lang='lat' dir='ltr'><strong>Ea</strong></span> <span class='ocrx_word' id='word_1_228' title='bbox 991 2741 1114 2804; x_wconf 84' lang='lat' dir='ltr'><strong>disiecta</strong></span> <span class='ocrx_word' id='word_1_229' title='bbox 1129 2738 1235 2823; x_wconf 84' lang='lat' dir='ltr'><strong>gladiis</strong></span> 
     </span>
     <span class='ocr_line' id='line_1_26' title="bbox 56 2838 1271 2930; baseline -0.003 -22"><span class='ocrx_word' id='word_1_230' title='bbox 56 2853 91 2908; x_wconf 69' lang='lat' dir='ltr'><strong>tt</strong></span> <span class='ocrx_word' id='word_1_231' title='bbox 113 2841 270 2910; x_wconf 82' lang='lat' dir='ltr'><strong>destrictis</strong></span> <span class='ocrx_word' id='word_1_232' title='bbox 286 2844 319 2909; x_wconf 89' lang='lat' dir='ltr'><strong>iu</strong></span> <span class='ocrx_word' id='word_1_233' title='bbox 333 2864 388 2909; x_wconf 91' lang='lat' dir='ltr'><strong>eos</strong></span> <span class='ocrx_word' id='word_1_234' title='bbox 401 2845 541 2930; x_wconf 89' lang='lat' dir='ltr'><strong>impetum</strong></span> <span class='ocrx_word' id='word_1_235' title='bbox 558 2847 704 2910; x_wconf 87' lang='lat' dir='ltr'><strong>lecerunt.</strong></span> <span class='ocrx_word' id='word_1_236' title='bbox 738 2843 834 2911; x_wconf 85' lang='lat' dir='ltr'><strong>Gallis</strong></span> <span class='ocrx_word' id='word_1_237' title='bbox 849 2866 958 2929; x_wconf 87' lang='lat' dir='ltr'><strong>magno</strong></span> <span class='ocrx_word' id='word_1_238' title='bbox 973 2843 1011 2909; x_wconf 92' lang='lat' dir='ltr'><strong>ad</strong></span> <span class='ocrx_word' id='word_1_239' title='bbox 1026 2863 1154 2927; x_wconf 87' lang='lat' dir='ltr'><strong>pugnam</strong></span> <span class='ocrx_word' id='word_1_240' title='bbox 1171 2838 1271 2904; x_wconf 78' lang='lat' dir='ltr'><strong>eratd</strong></span> 
     </span>
     <span class='ocr_line' id='line_1_27' title="bbox 113 2945 1236 3033; baseline -0.002 -26"><span class='ocrx_word' id='word_1_241' title='bbox 113 2945 347 3030; x_wconf 88' lang='lat' dir='ltr'><strong>impedimento,</strong></span> <span class='ocrx_word' id='word_1_242' title='bbox 371 2949 448 3029; x_wconf 91' lang='lat' dir='ltr'><strong>quod</strong></span> <span class='ocrx_word' id='word_1_243' title='bbox 465 2948 596 3033; x_wconf 88' lang='lat' dir='ltr'><strong>pluribus</strong></span> <span class='ocrx_word' id='word_1_244' title='bbox 609 2969 711 3012; x_wconf 90' lang='lat' dir='ltr'><strong>eorum</strong></span> <span class='ocrx_word' id='word_1_245' title='bbox 734 2950 828 3011; x_wconf 90' lang='lat' dir='ltr'><strong>scutis</strong></span> <span class='ocrx_word' id='word_1_246' title='bbox 845 2968 904 3010; x_wconf 92' lang='lat' dir='ltr'><strong>uno</strong></span> <span class='ocrx_word' id='word_1_247' title='bbox 918 2948 981 3010; x_wconf 90' lang='lat' dir='ltr'><strong>ictu</strong></span> <span class='ocrx_word' id='word_1_248' title='bbox 998 2945 1123 3029; x_wconf 89' lang='lat' dir='ltr'><strong>pilorum</strong></span> <span class='ocrx_word' id='word_1_249' title='bbox 1138 2953 1236 3006; x_wconf 77' lang='lat' dir='ltr'><strong>haus·</strong></span> 
     </span>
     <span class='ocr_line' id='line_1_28' title="bbox 115 3045 1236 3131; baseline -0.002 -21"><span class='ocrx_word' id='word_1_250' title='bbox 115 3046 188 3111; x_wconf 81' lang='lat' dir='ltr'><strong>lixis</strong></span> <span class='ocrx_word' id='word_1_251' title='bbox 211 3057 243 3111; x_wconf 89' lang='lat' dir='ltr'><strong>et</strong></span> <span class='ocrx_word' id='word_1_252' title='bbox 265 3048 441 3131; x_wconf 87' lang='lat' dir='ltr'><strong>conligatis,</strong></span> <span class='ocrx_word' id='word_1_253' title='bbox 467 3071 532 3113; x_wconf 89' lang='lat' dir='ltr'><strong>enm</strong></span> <span class='ocrx_word' id='word_1_254' title='bbox 550 3053 663 3115; x_wconf 83' lang='lat' dir='ltr'><strong>ferrum</strong></span> <span class='ocrx_word' id='word_1_255' title='bbox 678 3071 711 3114; x_wconf 89' lang='lat' dir='ltr'><strong>se</strong></span> <span class='ocrx_word' id='word_1_256' title='bbox 726 3051 907 3126; x_wconf 86' lang='lat' dir='ltr'><strong>inflexisset,</strong></span> <span class='ocrx_word' id='word_1_257' title='bbox 926 3067 1020 3129; x_wconf 88' lang='lat' dir='ltr'><strong>neque</strong></span> <span class='ocrx_word' id='word_1_258' title='bbox 1037 3045 1167 3109; x_wconf 89' lang='lat' dir='ltr'><strong>euellere</strong></span> <span class='ocrx_word' id='word_1_259' title='bbox 1183 3065 1236 3108; x_wconf 90' lang='lat' dir='ltr'><strong>ne·</strong></span> 
     </span>
    </p>
   </div>
   <div class='ocr_carea' id='block_1_3' title="bbox 114 3144 1271 3339">
    <p class='ocr_par' dir='ltr' id='par_1_3' title="bbox 114 3144 1271 3339">
     <span class='ocr_line' id='line_1_29' title="bbox 116 3144 1271 3237; baseline -0.005 -24"><span class='ocrx_word' id='word_1_260' title='bbox 116 3169 174 3232; x_wconf 85' lang='lat' dir='ltr'><strong>quc</strong></span> <span class='ocrx_word' id='word_1_261' title='bbox 197 3150 322 3215; x_wconf 88' lang='lat' dir='ltr'><strong>sinistra</strong></span> <span class='ocrx_word' id='word_1_262' title='bbox 343 3151 477 3235; x_wconf 90' lang='lat' dir='ltr'><strong>inpedita</strong></span> <span class='ocrx_word' id='word_1_263' title='bbox 499 3150 573 3215; x_wconf 88' lang='lat' dir='ltr'><strong>satis</strong></span> <span class='ocrx_word' id='word_1_264' title='bbox 595 3154 748 3216; x_wconf 83' lang='lat' dir='ltr'><strong>commode</strong></span> <span class='ocrx_word' id='word_1_265' title='bbox 768 3171 902 3237; x_wconf 89' lang='lat' dir='ltr'><strong>pugnare</strong></span> <span class='ocrx_word' id='word_1_266' title='bbox 923 3157 1082 3233; x_wconf 89' lang='lat' dir='ltr'><strong>poterant,</strong></span> <span class='ocrx_word' id='word_1_267' title='bbox 1105 3146 1189 3209; x_wconf 89' lang='lat' dir='ltr'><strong>multi</strong></span> <span class='ocrx_word' id='word_1_268' title='bbox 1204 3144 1271 3210; x_wconf 83' lang='lat' dir='ltr'><strong>utl</strong></span> 
     </span>
     <span class='ocr_line' id='line_1_30' title="bbox 114 3247 1237 3339; baseline -0.003 -24"><span class='ocrx_word' id='word_1_269' title='bbox 114 3250 167 3315; x_wconf 90' lang='lat' dir='ltr'><strong>din</strong></span> <span class='ocrx_word' id='word_1_270' title='bbox 188 3251 301 3318; x_wconf 84' lang='lat' dir='ltr'><strong>iactato</strong></span> <span class='ocrx_word' id='word_1_271' title='bbox 322 3251 444 3317; x_wconf 84' lang='lat' dir='ltr'><strong>brachio</strong></span> <span class='ocrx_word' id='word_1_272' title='bbox 467 3263 679 3339; x_wconf 83' lang='lat' dir='ltr'><strong>praeoptarent</strong></span> <span class='ocrx_word' id='word_1_273' title='bbox 700 3266 818 3319; x_wconf 89' lang='lat' dir='ltr'><strong>sentum</strong></span> <span class='ocrx_word' id='word_1_274' title='bbox 842 3273 930 3316; x_wconf 91' lang='lat' dir='ltr'><strong>mann</strong></span> <span class='ocrx_word' id='word_1_275' title='bbox 951 3251 1088 3316; x_wconf 87' lang='lat' dir='ltr'><strong>emittere</strong></span> <span class='ocrx_word' id='word_1_276' title='bbox 1111 3260 1142 3314; x_wconf 89' lang='lat' dir='ltr'><strong>et</strong></span> <span class='ocrx_word' id='word_1_277' title='bbox 1157 3247 1237 3314; x_wconf 85' lang='lat' dir='ltr'><strong>nudo</strong></span> 
     </span>
    </p>
   </div>
   <div class='ocr_carea' id='block_1_4' title="bbox 113 3421 1242 4346">
    <p class='ocr_par' dir='ltr' id='par_1_4' title="bbox 113 3421 1242 4346">
     <span class='ocr_line' id='line_1_31' title="bbox 224 3421 1235 3494; baseline -0.009 -16"><span class='ocrx_word' id='word_1_278' title='bbox 224 3427 302 3487; x_wconf 77' lang='lat' dir='ltr'><strong>lac,</strong></span> <span class='ocrx_word' id='word_1_279' title='bbox 321 3427 395 3492; x_wconf 85' lang='lat' dir='ltr'><strong>quod</strong></span> <span class='ocrx_word' id='word_1_280' title='bbox 413 3429 547 3478; x_wconf 82' lang='lat' dir='ltr'><strong>‘meliores</strong></span> <span class='ocrx_word' id='word_1_281' title='bbox 565 3427 688 3493; x_wconf 80' lang='lat' dir='ltr'><strong>plerique</strong></span> <span class='ocrx_word' id='word_1_282' title='bbox 706 3427 878 3494; x_wconf 56' lang='lat' dir='ltr'><strong>quaenunt,</strong></span> <span class='ocrx_word' id='word_1_283' title='bbox 900 3440 985 3492; x_wconf 81' lang='lat' dir='ltr'><strong>supra</strong></span> <span class='ocrx_word' id='word_1_284' title='bbox 998 3439 1070 3475; x_wconf 80' lang='lat' dir='ltr'><strong>uera.</strong></span> <span class='ocrx_word' id='word_1_285' title='bbox 1084 3437 1138 3473; x_wconf 79' lang='lat' dir='ltr'><strong>asc.</strong></span> <span class='ocrx_word' id='word_1_286' title='bbox 1152 3434 1188 3471; x_wconf 87' lang='lat' dir='ltr'><strong>m.</strong></span> <span class='ocrx_word' id='word_1_287' title='bbox 1201 3421 1235 3470; x_wconf 85' lang='lat' dir='ltr'><strong>B.</strong></span> 
     </span>
     <span class='ocr_line' id='line_1_32' title="bbox 113 3497 1234 3570; baseline -0.004 -17"><span class='ocrx_word' id='word_1_288' title='bbox 113 3500 206 3553; x_wconf 72' lang='grc' dir='ltr'><strong>Μῦ.</strong></span> <span class='ocrx_word' id='word_1_289' title='bbox 319 3505 485 3554; x_wconf 77' lang='lat' dir='ltr'><strong>houoeintnr</strong></span> <span class='ocrx_word' id='word_1_290' title='bbox 494 3519 540 3570; x_wconf 87' lang='lat' dir='ltr'><strong>pr.</strong></span> <span class='ocrx_word' id='word_1_291' title='bbox 554 3520 590 3554; x_wconf 85' lang='lat' dir='ltr'><strong>m.</strong></span> <span class='ocrx_word' id='word_1_292' title='bbox 603 3507 637 3555; x_wconf 87' lang='lat' dir='ltr'><strong>B.</strong></span> <span class='ocrx_word' id='word_1_293' title='bbox 756 3497 1234 3564; x_wconf 66' lang='lat' dir='ltr'><strong>llanimumnduertitAtfflC‚ad-</strong></span> 
     </span>
     <span class='ocr_line' id='line_1_33' title="bbox 113 3578 1127 3649; baseline 0 -20"><span class='ocrx_word' id='word_1_294' title='bbox 113 3578 198 3630; x_wconf 75' lang='lat' dir='ltr'><strong>uertit</strong></span> <span class='ocrx_word' id='word_1_295' title='bbox 208 3594 334 3646; x_wconf 62' lang='lat' dir='ltr'><strong>aspare.</strong></span> <span class='ocrx_word' id='word_1_296' title='bbox 348 3583 451 3647; x_wconf 82' lang='lat' dir='ltr'><strong>enims,</strong></span> <span class='ocrx_word' id='word_1_297' title='bbox 472 3583 658 3635; x_wconf 79' lang='lat' dir='ltr'><strong>animaduertit</strong></span> <span class='ocrx_word' id='word_1_298' title='bbox 669 3585 724 3636; x_wconf 76' lang='lat' dir='ltr'><strong>alit</strong></span> <span class='ocrx_word' id='word_1_299' title='bbox 824 3584 855 3634; x_wconf 81' lang='lat'><strong>13</strong></span> <span class='ocrx_word' id='word_1_300' title='bbox 869 3590 992 3649; x_wconf 85' lang='lat' dir='ltr'><strong>quattuor</strong></span> <span class='ocrx_word' id='word_1_301' title='bbox 1002 3583 1058 3634; x_wconf 86' lang='lat' dir='ltr'><strong>AB</strong></span> <span class='ocrx_word' id='word_1_302' title='bbox 1067 3580 1127 3632; x_wconf 80' lang='lat' dir='ltr'><strong>OD.</strong></span> 
     </span>
     <span class='ocr_line' id='line_1_34' title="bbox 115 3655 1239 3725; baseline -0.001 -17"><span class='ocrx_word' id='word_1_303' title='bbox 115 3655 149 3708; x_wconf 84' lang='lat' dir='ltr'><strong>tt</strong></span> <span class='ocrx_word' id='word_1_304' title='bbox 160 3662 347 3708; x_wconf 74' lang='lat' dir='ltr'><strong>ueteranorum</strong></span> <span class='ocrx_word' id='word_1_305' title='bbox 367 3658 420 3709; x_wconf 88' lang='lat' dir='ltr'><strong>duo</strong></span> <span class='ocrx_word' id='word_1_306' title='bbox 433 3659 519 3722; x_wconf 83' lang='lat' dir='ltr'><strong>dett.;</strong></span> <span class='ocrx_word' id='word_1_307' title='bbox 543 3666 728 3712; x_wconf 80' lang='lat' dir='ltr'><strong>ueteranorum</strong></span> <span class='ocrx_word' id='word_1_308' title='bbox 746 3662 771 3710; x_wconf 84' lang='lat' dir='ltr'><em>B</em></span> <span class='ocrx_word' id='word_1_309' title='bbox 786 3664 813 3709; x_wconf 83' lang='lat' dir='ltr'><strong>et</strong></span> <span class='ocrx_word' id='word_1_310' title='bbox 825 3660 933 3725; x_wconf 79' lang='lat' dir='ltr'><strong>reliqui.</strong></span> <span class='ocrx_word' id='word_1_311' title='bbox 950 3659 980 3708; x_wconf 86' lang='lat' dir='ltr'><strong>P.</strong></span> <span class='ocrx_word' id='word_1_312' title='bbox 995 3660 1035 3709; x_wconf 79' lang='lat' dir='ltr'><strong>hl.</strong></span> <span class='ocrx_word' id='word_1_313' title='bbox 1151 3656 1189 3707; x_wconf 83' lang='lat' dir='ltr'><strong>its</strong></span> <span class='ocrx_word' id='word_1_314' title='bbox 1201 3657 1239 3707; x_wconf 88' lang='lat' dir='ltr'><strong>nti</strong></span> 
     </span>
     <span class='ocr_line' id='line_1_35' title="bbox 113 3732 1237 3802; baseline -0.003 -16"><span class='ocrx_word' id='word_1_315' title='bbox 113 3750 195 3802; x_wconf 79' lang='lat' dir='ltr'><strong>supra</strong></span> <span class='ocrx_word' id='word_1_316' title='bbox 208 3735 345 3802; x_wconf 78' lang='lat' dir='ltr'><strong>‘suspicor</strong></span> <span class='ocrx_word' id='word_1_317' title='bbox 355 3752 412 3786; x_wconf 79' lang='lat' dir='ltr'><strong>esse</strong></span> <span class='ocrx_word' id='word_1_318' title='bbox 422 3736 561 3802; x_wconf 83' lang='lat' dir='ltr'><strong>glossnm&#39;.</strong></span> <span class='ocrx_word' id='word_1_319' title='bbox 576 3737 605 3789; x_wconf 81' lang='grc' dir='ltr'><strong>Ρ.</strong></span> <span class='ocrx_word' id='word_1_320' title='bbox 619 3738 660 3789; x_wconf 79' lang='grc'><strong>53.</strong></span> <span class='ocrx_word' id='word_1_321' title='bbox 768 3737 814 3787; x_wconf 88' lang='lat' dir='ltr'><strong>sed</strong></span> <span class='ocrx_word' id='word_1_322' title='bbox 828 3738 899 3800; x_wconf 82' lang='lat' dir='ltr'><strong>AB,</strong></span> <span class='ocrx_word' id='word_1_323' title='bbox 914 3739 942 3785; x_wconf 77' lang='lat' dir='ltr'><strong>in</strong></span> <span class='ocrx_word' id='word_1_324' title='bbox 956 3750 1008 3800; x_wconf 86' lang='lat' dir='ltr'><strong>qao</strong></span> <span class='ocrx_word' id='word_1_325' title='bbox 1021 3735 1037 3784; x_wconf 92' lang='lat' dir='ltr'><strong>d</strong></span> <span class='ocrx_word' id='word_1_326' title='bbox 1049 3748 1085 3785; x_wconf 89' lang='lat' dir='ltr'><strong>m.</strong></span> <span class='ocrx_word' id='word_1_327' title='bbox 1100 3749 1154 3784; x_wconf 80' lang='lat' dir='ltr'><strong>see.</strong></span> <span class='ocrx_word' id='word_1_328' title='bbox 1167 3732 1237 3798; x_wconf 79' lang='lat' dir='ltr'><strong>ded,</strong></span> 
     </span>
     <span class='ocr_line' id='line_1_36' title="bbox 116 3812 1242 3881; baseline -0.003 -16"><span class='ocrx_word' id='word_1_329' title='bbox 116 3812 256 3878; x_wconf 64' lang='lat' dir='ltr'><strong>CDEeiq</strong></span> <span class='ocrx_word' id='word_1_330' title='bbox 274 3831 303 3864; x_wconf 84' lang='lat' dir='ltr'><strong>se</strong></span> <span class='ocrx_word' id='word_1_331' title='bbox 317 3815 488 3881; x_wconf 73' lang='lat' dir='ltr'><strong>reliquijere</strong></span> <span class='ocrx_word' id='word_1_332' title='bbox 500 3828 601 3865; x_wconf 84' lang='lat' dir='ltr'><strong>omnes.</strong></span> <span class='ocrx_word' id='word_1_333' title='bbox 715 3815 746 3867; x_wconf 83' lang='lat' dir='ltr'><strong>ld</strong></span> <span class='ocrx_word' id='word_1_334' title='bbox 760 3815 891 3865; x_wconf 84' lang='lat' dir='ltr'><strong>conlocari</strong></span> <span class='ocrx_word' id='word_1_335' title='bbox 903 3815 958 3866; x_wconf 86' lang='lat' dir='ltr'><strong>AB</strong></span> <span class='ocrx_word' id='word_1_336' title='bbox 967 3812 1056 3864; x_wconf 79' lang='lat' dir='ltr'><em>CDE.</em></span> <span class='ocrx_word' id='word_1_337' title='bbox 1175 3815 1242 3876; x_wconf 80' lang='lat' dir='ltr'><strong>poet</strong></span> 
     </span>
     <span class='ocr_line' id='line_1_37' title="bbox 113 3887 1239 3958; baseline -0.004 -16"><span class='ocrx_word' id='word_1_338' title='bbox 113 3890 240 3958; x_wconf 82' lang='lat' dir='ltr'><strong>compleri</strong></span> <span class='ocrx_word' id='word_1_339' title='bbox 257 3907 295 3943; x_wconf 81' lang='lat' dir='ltr'><strong>m.</strong></span> <span class='ocrx_word' id='word_1_340' title='bbox 309 3907 362 3941; x_wconf 79' lang='lat' dir='ltr'><strong>sec.</strong></span> <span class='ocrx_word' id='word_1_341' title='bbox 377 3892 459 3943; x_wconf 89' lang='lat' dir='ltr'><strong>uellet</strong></span> <span class='ocrx_word' id='word_1_342' title='bbox 471 3906 595 3958; x_wconf 82' lang='lat' dir='ltr'><strong>soprusc.</strong></span> <span class='ocrx_word' id='word_1_343' title='bbox 608 3891 750 3956; x_wconf 50' lang='lat' dir='ltr'><strong>haheljs</strong></span> <span class='ocrx_word' id='word_1_344' title='bbox 813 3890 1031 3943; x_wconf 80' lang='lat' dir='ltr'><strong>iliconsecutih.</strong></span> <span class='ocrx_word' id='word_1_345' title='bbox 1123 3887 1239 3953; x_wconf 81' lang='lat' dir='ltr'><strong>llllups·</strong></span> 
     </span>
     <span class='ocr_line' id='line_1_38' title="bbox 114 3968 1238 4036; baseline -0.003 -16"><span class='ocrx_word' id='word_1_346' title='bbox 114 3968 231 4021; x_wconf 80' lang='lat' dir='ltr'><strong>dimests</strong></span> <span class='ocrx_word' id='word_1_347' title='bbox 244 3970 309 4021; x_wconf 83' lang='lat' dir='ltr'><strong>AC.</strong></span> <span class='ocrx_word' id='word_1_348' title='bbox 449 3971 484 4024; x_wconf 77' lang='lat'><strong>20</strong></span> <span class='ocrx_word' id='word_1_349' title='bbox 503 3976 591 4020; x_wconf 88' lang='lat' dir='ltr'><strong>nostro</strong></span> <span class='ocrx_word' id='word_1_350' title='bbox 610 3969 739 4036; x_wconf 87' lang='lat' dir='ltr'><strong>equitatu]</strong></span> <span class='ocrx_word' id='word_1_351' title='bbox 761 3977 849 4021; x_wconf 88' lang='lat' dir='ltr'><strong>nostro</strong></span> <span class='ocrx_word' id='word_1_352' title='bbox 871 3969 960 4035; x_wconf 87' lang='lat' dir='ltr'><strong>eqnitn</strong></span> <span class='ocrx_word' id='word_1_353' title='bbox 973 3970 998 4020; x_wconf 79' lang='lat' dir='ltr'><em>A</em></span> <span class='ocrx_word' id='word_1_354' title='bbox 1010 3985 1047 4019; x_wconf 84' lang='lat' dir='ltr'><strong>m.</strong></span> <span class='ocrx_word' id='word_1_355' title='bbox 1057 3983 1119 4035; x_wconf 67' lang='lat' dir='ltr'><strong>pn,</strong></span> <span class='ocrx_word' id='word_1_356' title='bbox 1143 3969 1167 4017; x_wconf 83' lang='lat' dir='ltr'><strong>‘s</strong></span> <span class='ocrx_word' id='word_1_357' title='bbox 1181 3982 1238 4018; x_wconf 88' lang='lat' dir='ltr'><strong>nos.</strong></span> 
     </span>
     <span class='ocr_line' id='line_1_39' title="bbox 114 4046 1240 4108; baseline -0.003 -11"><span class='ocrx_word' id='word_1_358' title='bbox 114 4048 237 4099; x_wconf 83' lang='lat' dir='ltr'><strong>esereltn</strong></span> <span class='ocrx_word' id='word_1_359' title='bbox 254 4049 287 4099; x_wconf 68' lang='grc' dir='ltr'><strong>θ’.</strong></span> <span class='ocrx_word' id='word_1_360' title='bbox 409 4050 442 4102; x_wconf 75' lang='lat' dir='ltr'><strong>st</strong></span> <span class='ocrx_word' id='word_1_361' title='bbox 463 4063 493 4099; x_wconf 82' lang='lat' dir='ltr'><strong>ee</strong></span> <span class='ocrx_word' id='word_1_362' title='bbox 513 4048 624 4098; x_wconf 86' lang='lat' dir='ltr'><strong>disiecta</strong></span> <span class='ocrx_word' id='word_1_363' title='bbox 646 4075 678 4086; x_wconf 93' lang='lat'><em>-</em></span> <span class='ocrx_word' id='word_1_364' title='bbox 699 4047 819 4100; x_wconf 82' lang='lat' dir='ltr'><strong>iecerunt</strong></span> <span class='ocrx_word' id='word_1_365' title='bbox 838 4064 889 4100; x_wconf 85' lang='lat' dir='ltr'><strong>om.</strong></span> <span class='ocrx_word' id='word_1_366' title='bbox 903 4049 935 4101; x_wconf 76' lang='lat' dir='ltr'><strong>li.</strong></span> <span class='ocrx_word' id='word_1_367' title='bbox 1056 4049 1089 4101; x_wconf 78' lang='lat'><strong>25</strong></span> <span class='ocrx_word' id='word_1_368' title='bbox 1107 4046 1240 4108; x_wconf 78' lang='lat' dir='ltr'><strong>destrictis</strong></span> 
     </span>
     <span class='ocr_line' id='line_1_40' title="bbox 115 4124 1242 4193; baseline -0.001 -19"><span class='ocrx_word' id='word_1_369' title='bbox 115 4124 313 4190; x_wconf 67' lang='lat' dir='ltr'><strong>Almd&#39;llde.</strong></span> <span class='ocrx_word' id='word_1_370' title='bbox 430 4131 666 4176; x_wconf 82' lang='lat' dir='ltr'><strong>erantonleeorr.</strong></span> <span class='ocrx_word' id='word_1_371' title='bbox 680 4127 713 4175; x_wconf 86' lang='lat' dir='ltr'><strong>B.</strong></span> <span class='ocrx_word' id='word_1_372' title='bbox 828 4127 1065 4193; x_wconf 53' lang='lat' dir='ltr'><strong>tdsornrnomj.</strong></span> <span class='ocrx_word' id='word_1_373' title='bbox 1170 4133 1242 4174; x_wconf 82' lang='lat' dir='ltr'><strong>tren·</strong></span> 
     </span>
     <span class='ocr_line' id='line_1_41' title="bbox 116 4200 1239 4270; baseline -0.004 -16"><span class='ocrx_word' id='word_1_374' title='bbox 116 4203 178 4255; x_wconf 69' lang='lat' dir='ltr'><strong>fixis</strong></span> <span class='ocrx_word' id='word_1_375' title='bbox 189 4219 226 4254; x_wconf 81' lang='lat' dir='ltr'><strong>m.</strong></span> <span class='ocrx_word' id='word_1_376' title='bbox 237 4218 284 4270; x_wconf 82' lang='lat' dir='ltr'><strong>pr.</strong></span> <span class='ocrx_word' id='word_1_377' title='bbox 298 4205 331 4254; x_wconf 86' lang='lat' dir='ltr'><strong>B.</strong></span> <span class='ocrx_word' id='word_1_378' title='bbox 444 4203 479 4259; x_wconf 76' lang='lat'><strong>27</strong></span> <span class='ocrx_word' id='word_1_379' title='bbox 491 4204 630 4268; x_wconf 82' lang='lat' dir='ltr'><strong>conligatis</strong></span> <span class='ocrx_word' id='word_1_380' title='bbox 642 4204 671 4255; x_wconf 83' lang='lat' dir='ltr'><em>A</em></span> <span class='ocrx_word' id='word_1_381' title='bbox 678 4204 703 4252; x_wconf 84' lang='lat' dir='ltr'><em>B</em></span> <span class='ocrx_word' id='word_1_382' title='bbox 712 4203 762 4268; x_wconf 81' lang='lat' dir='ltr'><strong>Cf.</strong></span> <span class='ocrx_word' id='word_1_383' title='bbox 873 4206 1015 4256; x_wconf 81' lang='lat' dir='ltr'><strong>indixisset</strong></span> <span class='ocrx_word' id='word_1_384' title='bbox 1027 4203 1053 4253; x_wconf 84' lang='lat' dir='ltr'><em>A</em></span> <span class='ocrx_word' id='word_1_385' title='bbox 1060 4204 1085 4252; x_wconf 83' lang='grc' dir='ltr'><strong><em>Β</em></strong></span> <span class='ocrx_word' id='word_1_386' title='bbox 1094 4202 1115 4251; x_wconf 85' lang='lat'><strong><em>0</em></strong></span> <span class='ocrx_word' id='word_1_387' title='bbox 1121 4200 1239 4262; x_wconf 82' lang='lat' dir='ltr'><strong>DBhe,</strong></span> 
     </span>
     <span class='ocr_line' id='line_1_42' title="bbox 117 4277 1131 4346; baseline -0.001 -18"><span class='ocrx_word' id='word_1_388' title='bbox 117 4277 363 4345; x_wconf 81' lang='lat' dir='ltr'><strong>iodxissetseorr.</strong></span> <span class='ocrx_word' id='word_1_389' title='bbox 484 4278 726 4346; x_wconf 69' lang='lat' dir='ltr'><strong>uituperatione.</strong></span> <span class='ocrx_word' id='word_1_390' title='bbox 847 4279 881 4335; x_wconf 78' lang='grc'><strong>29</strong></span> <span class='ocrx_word' id='word_1_391' title='bbox 894 4288 1085 4332; x_wconf 82' lang='lat' dir='ltr'><strong>scntsemanu</strong></span> <span class='ocrx_word' id='word_1_392' title='bbox 1096 4279 1131 4329; x_wconf 86' lang='lat' dir='ltr'><strong>A.</strong></span> 
     </span>
    </p>
   </div>
   <div class='ocr_carea' id='block_1_5' title="bbox 0 0 1355 4688">
    <p class='ocr_par' dir='ltr' id='par_1_5' title="bbox 0 0 1355 4688">
     <span class='ocr_line' id='line_1_43' title="bbox 0 0 1355 4688; baseline 0 0"><span class='ocrx_word' id='word_1_393' title='bbox 0 0 1355 4688; x_wconf 95' lang='lat' dir='ltr'><strong> </strong></span> 
     </span>
    </p>
   </div>
  </div>
 </body>
</html>
