2684 4694
81 224 154 296 lbl)
599 214 814 288 clasma

232 393 314 460 Gell.
331 391 398 473 W,
416 388 476 456 lb:
502 387 542 457 C.
559 387 678 458 caeca
691 391 723 457 in
738 387 927 457 Dolabellam
940 387 1070 455 actionis
1083 391 1108 472 †
1123 389 1157 454 in
1173 390 1280 458 libasti

147 517 274 584 qnorum
288 496 320 559 in
336 493 458 559 aedibus
475 496 612 577 lanisque
626 495 724 579 posita
739 505 771 559 et
785 494 893 559 bononi
908 503 995 559 erant
1009 503 1041 558 et
1055 495 1192 559 ornatu'.

360 617 421 659 curs
435 618 782 662 rumusculorum
796 618 901 662 srasrr
919 598 966 679 (a.
981 593 1053 680 70).

232 697 359 761 Sueton.
382 696 474 762 Caes.
492 697 529 763 5:
553 698 723 763 Tribunatu
737 700 876 777 militum,
893 698 944 783 qui
959 696 1213 783 primusllomam
1230 720 1280 765 re·

148 820 238 866 uerso
253 819 307 883 per
322 799 464 885 suffragia
479 800 578 886 populi
594 801 691 865 bonor
704 801 824 884 obtigit,
840 811 981 865 auctores
997 801 1206 866 restituendae
1223 803 1279 867 tri·
1298 816 1313 866 s

147 903 286 969 boniciae
301 905 478 984 potestatis,
496 902 580 966 cuius
597 902 656 965 uim
674 899 759 967 Sulla
775 902 973 982 deminuunt,
990 903 1170 969 enixissime
1185 906 1280 970 iuuit.

147 1005 188 1073 L.
206 1006 295 1070 etiam
311 999 441 1082 Cinnae,
458 1005 565 1068 uxoris
580 1004 686 1085 fratri,
703 1005 799 1089 etqui
815 1027 883 1069 cnm
898 1026 937 1070 eo
951 1006 1033 1069 ciuili
1048 1006 1197 1070 discordia
1213 1006 1281 1071 Le-

148 1109 247 1195 pidum
263 1109 357 1171 secati
373 1118 440 1191 post
455 1127 557 1171 necem
574 1107 706 1171 consulis
721 1108 758 1171 sd
774 1103 943 1172 Sertorium
959 1109 1178 1194 confugerant,
1195 1110 1280 1173 redi·

150 1221 212 1274 tum
234 1209 264 1272 in
286 1211 439 1273 ciuitatem
453 1211 612 1296 rogatione
627 1207 725 1275 Plotia
737 1209 868 1274 coniecit
883 1210 1044 1295 habuitque
1059 1211 1170 1295 etipse
1185 1232 1282 1296 super

149 1333 185 1377 ea
200 1334 233 1376 re
250 1312 430 1375 contionem.
1302 1324 1331 1378 to

238 1414 321 1478 Gall.
339 1415 444 1493 XIII,
462 1411 501 1477 32
535 1413 646 1501 Reperi
667 1415 698 1479 in
714 1413 851 1479 oratione
867 1410 907 1478 C.
924 1409 1084 1492 Caesaris,
1108 1435 1167 1498 qua
1183 1412 1279 1480 Plau·

149 1518 219 1580 tiam
244 1516 428 1600 rogationem
446 1516 561 1591 suasit,
585 1519 795 1581 necessitatem
812 1517 921 1579 dietam
936 1536 990 1599 pro
1005 1516 1232 1581 necessitudine
1247 1518 1280 1581 id

149 1629 197 1683 est
219 1619 284 1680 iure
299 1617 462 1681 affinitatis.
488 1617 590 1680 Verba
611 1618 685 1683 baec
708 1630 798 1683 sont:
818 1617 972 1701 ‘Equidem
995 1618 1066 1679 mibi
1088 1617 1198 1680 uideor
1217 1640 1280 1702 pru

150 1731 255 1785 nostra
271 1719 451 1783 necessitate
466 1741 527 1791 non
542 1719 662 1799 labore,
680 1741 740 1785 nou
756 1741 860 1804 opem,
877 1739 936 1783 non
950 1717 1094 1782 industria
1110 1718 1274 1783 doluisse'.

240 1841 437 1885 nassamones
451 1842 550 1884 rueras
564 1846 675 1887 sarran
690 1844 728 1887 ar
740 1843 852 1887 vxoms
866 1842 1025 1885 conusmas
1034 1824 1079 1902 (a.
1096 1818 1169 1904 68).
1302 1833 1329 1887 tt

235 1929 363 1987 Suetou.
383 1923 471 1987 Caes.
487 1921 527 1988 u:
553 1922 706 2007 Quaestor
720 1921 825 1988 lolium
847 1924 968 1988 amitam
989 1943 1175 2006 uxoremque
1195 1919 1278 1988 Cor-

120 2032 127 2045 ‘
150 2027 259 2091 neliam
275 2027 429 2089 defunctas
445 2025 580 2091 laudauit
594 2048 611 2091 e
627 2048 710 2092 more
725 2028 921 2111 prorostris,
938 2036 970 2089 et
983 2026 1016 2088 io
1031 2024 1138 2090 amitae
1153 2026 1274 2108 quidem

149 2129 320 2194 laudatione
343 2129 379 2191 de
401 2128 465 2191 eius
482 2148 517 2191 ac
532 2130 626 2211 patris
642 2131 688 2192 sui
704 2139 830 2211 utraque
844 2127 961 2211 origine
977 2127 1022 2192 sic
1036 2129 1146 2192 referte
1173 2125 1272 2189 ‘Ami-

150 2245 199 2298 tae
214 2253 299 2299 meac
313 2229 407 2295 luliae
422 2241 589 2295 maternum
604 2251 699 2314 genus
714 2231 752 2295 ab
765 2229 886 2314 regibus
902 2241 1016 2309 ortum,
1034 2240 1189 2314 paternum
1203 2248 1273 2291 cum

150 2337 206 2400 diis
221 2333 439 2400 immortalibus
455 2333 644 2396 coniunctum
662 2343 720 2396 est.
743 2331 824 2396 Nam
836 2332 874 2396 ab
883 2330 1097 2396 Ancoblarcio
1108 2327 1273 2394 suntblar·
1293 2338 1324 2394 st

149 2439 187 2500 cii
203 2457 303 2521 reges,
322 2455 379 2515 quo
396 2436 515 2499 nomine
531 2436 587 2497 luit
600 2446 716 2517 mater3
739 2460 756 2502 a
771 2436 894 2504 Venere
908 2431 994 2511 Iulii,
1012 2433 1099 2496 cuius
1113 2433 1213 2517 gentis
1227 2433 1272 2495 la·

149 2537 230 2601 milia
253 2546 300 2598 est
316 2546 429 2597 nostra.
453 2534 513 2598 Est
528 2555 600 2618 ergo
616 2538 646 2598 in
662 2560 774 2621 genere
789 2549 818 2602 et
835 2537 979 2602 sanctitas
994 2555 1121 2619 regom
1144 2535 1194 2618 qni
1209 2534 1271 2618 plu·

148 2641 256 2706 riorum
272 2637 352 2700 inter
366 2637 500 2700 homines
515 2638 646 2720 pollent,
672 2650 703 2703 et
717 2640 899 2705 caerimonia
913 2638 1056 2712 deorum,
1074 2658 1199 2721 quorum
1215 2636 1270 2721 ipsi

149 2744 180 2807 in
196 2750 343 2827 potestate
358 2748 430 2803 sust
444 2739 555 2825 reges'.

550 2864 607 2906 nno
625 2864 711 2907 ossio
726 2866 866 2908 sarsurus.
1289 2847 1320 2900 ’ὅ

239 2946 315 3010 Tac.
334 2943 371 3006 de
387 2953 468 3006 orat.
480 2942 538 3007 21:
563 2943 633 3008 Nisi
652 2948 729 3010 lorte
744 2947 898 3029 quisquam
915 2957 967 3008 aut
982 2942 1123 3008 Caesaris
1139 2962 1193 3024 pro
1208 2938 1272 3002 lle-

148 3051 195 3114 cio
212 3045 346 3112 Samnite
369 3054 421 3108 aut
437 3043 524 3108 bruti
550 3068 603 3129 pro
619 3044 763 3112 Deiotaro
779 3069 852 3132 rege
869 3059 1044 3130 ceterosque
1059 3043 1191 3109 eiusdem
1207 3043 1271 3106 len·

258 3201 390 3252 lnctionis
404 3201 430 3250 in
446 3201 536 3252 libnsti
549 3202 612 3264 (sic)
625 3205 735 3267 regius.-
749 3204 860 3255 actionis
873 3220 912 3254 ιιι.
927 3203 964 3255 lbl
977 3203 1023 3253 isti
1035 3203 1145 3263 Carrio,
1159 3197 1271 3248 sefioois

147 3296 177 3331 ιιι
188 3278 235 3328 lib.
249 3293 269 3326 ι.
289 3275 335 3326 lsti
348 3276 377 3326 lo
389 3276 436 3327 Fr.
453 3276 615 3327 Grououe'us.
636 3276 736 3328 Verum
757 3279 815 3344 lege
830 3278 958 3331 Cornelia
967 3315 976 3341 ‚
996 3293 1050 3344 qua
1073 3290 1182 3327 causum
1196 3273 1270 3323 desit

125 3417 126 3422 ¹
146 3355 303 3418 Dolabella,
322 3353 392 3403 duas
412 3358 534 3404 senones
547 3354 715 3420 eraut(ut'd.
729 3357 841 3422 Zumpt.
857 3357 888 3408 de
902 3357 1007 3423 logium
1019 3355 1184 3419 iudiciisque
1197 3366 1273 3416 rope·

137 3435 226 3506 ¹tuscul.
240 3433 363 3498 1p.3s),·
378 3431 527 3495 etGells'us,
541 3435 568 3482 ιι·
578 3433 654 3497 apud
661 3434 804 3486 Caesarem
817 3435 853 3485 ibi
866 3435 910 3486 isti
924 3449 1032 3500 quorum
1045 3438 1095 3484 aut
1107 3432 1153 3482 isti
1164 3443 1272 3496 qnorum

149 3515 274 3580 legisset,
296 3511 361 3559 base
373 3509 456 3560 uerba
470 3513 620 3573 omisisset,
637 3526 706 3574 quus
719 3527 805 3577 noque
815 3527 867 3577 per
880 3528 908 3562 se
920 3511 1049 3577 intellegi
1057 3515 1176 3577 possunt
1187 3522 1273 3572 neque

149 3605 198 3643 cur
210 3587 420 3639 ascriberentur
431 3585 487 3635 ulla
501 3601 583 3635 causa
597 3592 667 3636 erat.
689 3585 882 3655 Temptabam.-
903 3588 1015 3639 aetionis
1030 3622 1037 3636 .
1053 3623 1061 3637 .
1078 3620 1085 3633 .
1100 3586 1140 3635 dis
1155 3583 1272 3634 inlusisti

148 3673 222 3731 cett„
232 3669 273 3717 ita
286 3669 319 3714 ut
330 3663 474 3714 librarium
487 3662 525 3713 od
536 3663 641 3713 easdem
656 3663 765 3716 litteras
778 3666 949 3716 aberrantem
962 3677 1101 3715 cursuum
1114 3663 1235 3711 sotionis
1246 3664 1275 3711 st

149 3747 215 3797 titre·
227 3744 343 3792 aetionis
357 3742 480 3791 omisisse
491 3742 657 3803 suspicarer.
792 3743 806 3792 5
822 3748 944 3792 auctores
958 3749 1021 3793 rest.
1035 3738 1095 3789 trib.
1111 3734 1179 3803 pot]
1192 3737 1275 3788 Poss-

144 3824 238 3888 pas'um
251 3823 279 3868 ot
287 3818 417 3869 Crassum
431 3815 554 3866 consulas
566 3831 593 3865 a.
604 3816 646 3867 70.
659 3817 983 3883 (setoresdlemmtaaus).
1086 3811 1272 3880 llPlotileesss

147 3897 237 3949 Plocio
248 3894 438 3944 Memmiadae.
564 3892 592 3944 ll
608 3891 715 3945 Nonius
723 3909 753 3959 p.
767 3893 818 3947 ast
831 3895 889 3946 dd:
903 3894 933 3946 G.
948 3894 1056 3958 Cacsar,
1070 3906 1128 3942 cum
1142 3890 1271 3942 Plautiam

147 3970 415 4033 suasitrossatiooenr.
531 3969 706 4035 ldetqoidcm
717 3972 1029 4026 mibioidetorlllass‘us.
1134 3971 1270 4023 linostrs

147 4066 200 4104 om.
211 4044 326 4098 Nouius.
430 4046 603 4110 necessitate]
612 4062 671 4097 eum
679 4047 711 4099 L.
723 4048 820 4112 Clusa,
831 4054 864 4099 ut
875 4049 996 4100 uidetur.
1098 4047 1131 4099 15
1141 4047 1187 4113 Cs.
1195 4046 1269 4097 Plus.

148 4132 227 4185 Coss.
242 4127 266 4178 5.
374 4125 405 4175 ¹7
415 4130 442 4174 et
455 4125 639 4186 Casaudoaus,
648 4126 695 4176 sed
709 4126 785 4181 codd.
891 4128 946 4180 tta
959 4126 1063 4191 regibus
1075 4123 1271 4176 ‘Maddmduo'

149 4208 217 4263 odd.
251 4197 263 4234 '⁶
354 4203 388 4253 2⁰
401 4203 450 4253 diis
464 4202 553 4264 codd..
567 4219 621 4255 uoa
634 4204 684 4256 dis.
820 4203 914 4257 blartio
927 4209 956 4256 ot
966 4202 1055 4256 blsrtii
1071 4202 1199 4256 ‘Medicas'
1209 4201 1271 4254 duo'

148 4286 215 4339 Ood.
322 4280 355 4333 tu
369 4279 585 4344 loquiturApsr.
