2692 4688
483 165 805 233 —148—

82 349 124 411 ita
140 345 287 409 ιιιιιιιιιιιι
315 337 421 407 ‘Duae
437 340 562 423 primum
584 339 684 404 trabes
698 339 730 403 io
745 339 811 403 solo
826 359 921 422 aeque
936 338 1045 422 longae
1061 338 1211 405 distantes

22 441 25 445 ⁴
82 451 163 514 inter
182 468 215 511 se
236 443 326 528 pedes
341 440 387 507 lv
402 441 604 518 collocantur,
628 443 719 524 inque
739 443 784 505 eis
805 442 981 506 columellae
997 442 1104 525 pedem
1120 443 1149 506 in
1166 444 1212 508 nl·

83 551 239 616 titudinem
255 545 285 610 V
299 546 478 629 deliguntur.
504 542 568 607 llas
583 543 665 607 iuter
679 565 713 606 se
728 545 875 629 capreolis
891 545 971 609 molli
994 545 1115 628 lastigie
1137 568 1213 611 con·

83 657 220 738 iungunt,
239 652 289 716 ubi
302 652 397 735 tigna,
415 666 492 732 qnae
500 646 626 711 musculi
635 647 754 730 tegendi
762 668 852 711 causa
869 658 991 731 ponant,
1009 648 1209 717 collocentur.

82 756 130 821 Eo
145 776 236 839 super
251 754 333 839 tigna
347 749 494 835 bipedalia
508 749 636 814 iniciunt
651 769 746 834 eaque
761 750 879 815 luminis
895 750 1049 834 clanisqne
1064 752 1210 838 religant.

81 860 131 924 Ad
145 869 312 923 extremum
329 854 452 918 musculi
470 863 579 917 tectum
596 851 755 936 trabesque
771 863 924 917 extremes
944 854 1106 936 quadratus
1121 876 1214 943 rego·

81 964 126 1026 las
142 958 186 1025 lv
203 970 339 1046 patentes
362 957 471 1040 digitos
495 954 643 1037 defigunt,
669 956 719 1038 qui
733 956 863 1031 lateres,
888 957 937 1039 qui
959 976 1052 1040 super
1073 959 1211 1023 musculo

82 1073 249 1137 struantur,
267 1060 452 1125 contineant.
492 1053 537 1119 lta
560 1057 701 1139 fastigato
721 1067 812 1140 atque
833 1058 992 1123 ordinatim
1016 1070 1152 1139 streete,
1176 1072 1214 1127 nt

83 1167 183 1231 trabes
206 1175 293 1229 erant
313 1163 345 1226 in
367 1161 513 1245 capreolis
535 1159 718 1232 collocatae,
742 1159 888 1223 lateribus
904 1161 1025 1245 lutoque
1041 1164 1210 1243 musculas,

84 1281 116 1333 ot
130 1269 167 1332 ab
183 1267 256 1353 igni,
274 1265 372 1349 quiex
386 1284 472 1327 muro
481 1263 644 1334 iaceretur,
661 1272 845 1341 ιιιιιιιιιιιι,
864 1264 1042 1349 contegitur'
1050 1275 1124 1328 cett.
1150 1264 1211 1331 llic

82 1381 166 1436 recte
182 1369 344 1433 constituta
359 1366 490 1431 arbitror
512 1364 603 1429 uerba
626 1364 674 1428 ‘ad
690 1374 858 1430 extremum
875 1366 1001 1430 musculi
1023 1377 1134 1431 tectu·
1146 1379 1211 1432 tra-

83 1467 376 1554 besqueextremas',
395 1468 529 1548 quamuis
539 1464 649 1530 inPar.
661 1487 724 1530 ιιι.
734 1465 860 1531 etLeid.
874 1491 919 1553 pr.
930 1470 1049 1553 legator
1064 1470 1211 1555 ‘tectique

84 1572 207 1650 trabes',
233 1571 265 1635 in
285 1567 369 1635 Scal.
388 1569 479 1633 ‘tecti
496 1567 627 1631 trabes'.
652 1566 731 1632 Nam
748 1570 783 1632 ad
800 1582 968 1636 extremum
985 1574 1124 1651 musculi,
1141 1596 1210 1639 cnm

83 1680 113 1743 id
128 1678 165 1744 ab
178 1687 316 1740 extremo
331 1680 412 1736 tecto
428 1670 620 1745 discernitur,
638 1691 698 1734 non
713 1682 850 1757 apparet,
869 1674 1113 1756 quemadmodum
1120 1696 1213 1762 regu·

84 1783 131 1847 luc
146 1776 389 1846 sustinendomm
406 1774 531 1836 laterum
548 1794 638 1837 cansa
654 1774 740 1858 deligi
757 1776 918 1859 potuerint.
943 1773 1020 1842 Item
1035 1787 1120 1841 reete
1130 1778 1212 1845 infra

86 1882 245 1949 ‘luteribus
260 1875 392 1960 lutoqne'
408 1875 559 1939 musculus
575 1887 733 1942 contectos
748 1878 869 1955 dicitur,
886 1888 919 1941 ιιι
934 1900 962 1941 ι.
979 1878 1013 1956 ll,
1030 1878 1050 1945 3
1065 1882 1213 1947 contabu-

85 1987 225 2052 lationem
242 2000 385 2045 summam
402 1977 547 2043 lateribus
564 1979 682 2062 lutoque
699 1992 882 2046 constratam
899 1982 1042 2067 legi-ns:
1071 1984 1103 2049 iu
1117 1980 1210 2051 [reid.

86 2111 131 2174 pr.
150 2084 231 2151 Scal.
250 2081 448 2166 compluribus
463 2080 662 2146 deterioribus
678 2084 764 2147 codd.
783 2081 988 2169 Oudendorpii
1006 2087 1049 2150 ‘in
1065 2087 1213 2153 lateribus

85 2188 158 2255 luto'
175 2189 320 2272 scriptum
336 2195 395 2262 est,
413 2183 441 2246 iu
457 2180 530 2247 Par.
547 2205 626 2263 soc,
644 2183 838 2272 silleycrlius
854 2198 938 2251 recte
953 2188 990 2253 de
1004 2200 1147 2253 extremo
1158 2210 1214 2255 uo-

86 2293 191 2358 cabulo
206 2291 311 2368 tacuit,
331 2288 373 2352 ‘io
389 2286 532 2351 lateribus
547 2286 696 2370 lutoqoe'.
725 2287 837 2353 Verum
854 2290 947 2354 uerba
965 2290 1027 2377 ‘qui
1042 2312 1134 2377 snper
1147 2314 1213 2358 rnu-

86 2397 170 2464 sculo
184 2391 350 2463 struantnr'
365 2390 416 2470 (io
431 2385 502 2450 Par.
512 2410 576 2453 sec.
594 2400 625 2451 et
642 2391 798 2474 ‘plurimis'
813 2392 899 2457 codd.
918 2388 998 2457 0ud.
1016 2404 1064 2459 est
1080 2403 1214 2461 ‘musen-

87 2500 157 2579 los')
171 2517 232 2561 non
242 2493 350 2558 babent
359 2503 470 2555 rectam
481 2491 626 2555 orationis
636 2495 773 2557 sormam.
796 2493 830 2557 N
832 2517 878 2559 am
892 2496 1073 2581 praepositio
1084 2498 1212 2580 ‘super',

87 2622 152 2666 enm
173 2599 255 2663 locus
278 2595 477 2680 significatur,
502 2594 533 2657 in
555 2595 685 2677 pedestri
707 2595 845 2661 oratione
866 2617 985 2681 semper
1006 2600 1211 2664 aecusatiunm

87 2703 257 2771 adiunctum
274 2696 373 2761 babet.
398 2694 534 2761 Alterum
545 2692 687 2761 Caesaris
702 2699 812 2773 locum,
829 2700 895 2764 bor.
914 2697 1088 2780 commlll,
1105 2699 1161 2779 39,
1176 2701 1211 2781 2,

88 2805 138 2870 nbi
162 2805 233 2867 item
254 2800 364 2866 nitiose
387 2799 530 2864 edebatur
553 2800 763 2886 ‘lancibnsque
786 2814 890 2886 portus
911 2824 1017 2868 nauem
1040 2803 1211 2870 onerarium

88 2907 272 2973 submersam
293 2902 404 2969 obiecit
425 2913 456 2966 et
477 2901 546 2965 buic
567 2902 691 2967 alteram
713 2905 890 2983 coniunxit,
916 2927 1009 2991 snper
1028 2927 1087 2989 qna
1103 2905 1212 2971 turrim

88 3011 223 3074 ellectum
239 3007 275 3071 ad
291 3006 387 3089 ipsum
402 3004 557 3070 introitum
573 3016 678 3087 portus
693 3008 852 3090 opposuit',
870 3029 911 3070 ιιι
919 3005 991 3071 Ριι.
1003 3028 1067 3071 ιιι.
1078 3018 1111 3071 ιι
1121 3016 1210 3072 ‘mss

87 3122 119 3178 et
133 3111 189 3176 edd
206 3109 293 3174 uett’
316 3106 520 3193 Oudendorpii
536 3109 671 3186 eumeni,
689 3109 719 3173 in
735 3108 840 3191 quibos
859 3118 964 3194 ‘super
980 3108 1071 3192 quas’
1086 3109 1211 3191 legitor.

89 3212 146 3277 llic
161 3234 222 3278 uon
236 3209 359 3284 dubito,
379 3211 450 3292 quio
465 3212 562 3275 deleto
578 3211 724 3276 uocabulo
746 3211 935 3278 scribendum
957 3212 997 3276 sit
1020 3212 1082 3294 ‘qui
1105 3230 1214 3299 snper·

88 3313 267 3380 struuutnr'.
290 3310 363 3376 Non
380 3313 508 3378 rectiora
524 3327 593 3377 sunt
609 3314 702 3379 uerba
720 3313 781 3377 ‘ita
795 3314 935 3398 fastigato
947 3325 1037 3397 atque
1051 3314 1214 3379 ordinatim

89 3417 227 3493 structo’,
244 3436 311 3479 eum
327 3424 359 3478 ct
371 3411 486 3479 Cacsar
502 3416 557 3479 boe
573 3437 684 3499 genere
699 3417 816 3480 dicendi
831 3416 1022 3495 abstinuerit,
1039 3427 1071 3480 et
1085 3417 1214 3481 alterum

89 3531 172 3583 certe
187 3516 373 3602 participium
392 3518 554 3603 ‘fastigato'
571 3520 639 3603 poni
648 3539 707 3582 ooo
717 3518 849 3601 potuerit
857 3519 915 3583 nisi
925 3540 972 3596 re,
986 3539 1062 3603 quae
1072 3518 1215 3601 instigata

89 3630 183 3697 esset,
200 3620 378 3702 significato.
415 3616 520 3702 ltaque
543 3633 595 3685 aut
617 3632 685 3706 post
709 3621 845 3684 ‘structo’
862 3621 976 3685 cncidit
992 3620 1110 3697 ‘tecto',
1135 3621 1215 3702 qnod

90 3721 302 3805 Oudendorpio
315 3722 345 3785 io
362 3732 489 3787 mentem
505 3725 598 3801 uenit,
617 3733 668 3786 aut
679 3721 767 3807 paulo
782 3732 849 3806 post
865 3721 1040 3787 ‘musculus'
1056 3723 1215 3787 delendum

89 3839 148 3903 est,
166 3823 444 3890 etbicadieieodom
462 3826 632 3891 ‘musculo'.
657 3822 716 3890 Cui
726 3825 770 3889 rei
779 3824 808 3887 id
818 3824 977 3907 suffragari
989 3826 1119 3903 uidetur,
1136 3826 1216 3911 quod

90 3938 122 3992 et
142 3948 233 4011 supra
255 3927 376 3992 eaodem
394 3948 499 3991 uocem
520 3927 673 3992 delendam
689 3927 854 4006 docuimus,
872 3938 904 3991 et
918 3929 995 3992 inira
1010 3928 1042 3992 in
1058 3925 1130 3992 Par.
1149 3948 1213 3993 sec.

90 4052 151 4094 uon
169 4030 354 4109 ‘musculus',
372 4032 427 4096 sed
445 4030 609 4094 ‘musculis'
625 4030 830 4115 suprascripta
846 4031 948 4094 littera
963 4053 981 4094 o
998 4032 1118 4115 legitor.

176 4127 214 4194 C.
232 4129 286 4208 ll,
304 4132 323 4196 3
336 4133 368 4197 in
383 4133 430 4197 bis
446 4131 563 4195 uerbisz
584 4129 753 4196 ‘Masculus
768 4153 808 4196 ex
825 4133 900 4196 turri
915 4133 1051 4197 latericia
1066 4154 1084 4196 a
1100 4132 1217 4199 uostris

90 4235 157 4301 telis
174 4234 388 4319 tormentisque
403 4231 583 4311 detenditur,
608 4233 708 4299 bosteo
730 4255 770 4297 ex
794 4256 879 4298 muro
896 4255 929 4297 ιι
945 4235 1077 4300 torribus
1092 4235 1215 4301 submo-
