2692 4688
505 253 590 264 -—
636 214 826 281 tut-

100 390 195 451 uisum
210 396 259 451 est
273 386 401 449 terroris
411 382 659 470 Pompeianorum
669 387 828 451 dissimiles
844 408 949 453 eeusuu
960 393 1042 473 puni,
1060 393 1221 458 aduentum

99 487 240 555 Caesaris
264 498 295 552 et
318 488 541 551 festinationem
564 490 658 572 ipsius
681 486 829 573 Pompeii.
868 488 927 555 Setl
950 506 1045 575 neque
1068 493 1221 558 festinatio

97 612 150 680 per
164 614 212 670 se,
236 592 263 655 si
279 590 379 654 nullus
393 590 431 653 ub
447 591 533 654 boste
548 592 639 655 tirnur
655 593 772 669 luisset,
800 612 896 675 neque
910 594 993 657 solus
1011 590 1153 660 Caesaris
1168 598 1221 661 atl-

97 708 203 763 uetttus
219 705 369 758 terrorem
384 693 553 757 intulissem
572 714 638 757 euru
647 695 756 758 milites
765 694 1218 780 lestinuutlotlelatigntiessent,

96 800 243 863 atlueutus
258 792 405 860 Caesaris
420 794 556 859 idoneum
572 798 700 861 terroris
717 818 837 859 eausam
854 790 1008 860 elierebut.
1044 798 1153 882 Neque
1174 820 1222 863 re·

95 903 172 965 etius
195 899 299 964 uerbis
322 898 411 982 ‘quotl
433 916 598 981 properans
613 908 731 961 nuetenr
748 899 805 962 liei
822 898 1033 963 coniunxerut'
1049 902 1222 965 intolerabi-

95 1005 164 1069 liter
179 1002 259 1066 idem
274 999 368 1083 repeti
383 1000 586 1089 sostenium,
607 1002 685 1083 quud
700 1001 788 1084 paulu
803 1006 874 1063 autu
889 1002 999 1065 dictum
1022 1011 1106 1079 erat,
1132 1000 1221 1066 Pont-

95 1106 194 1192 peiunr
217 1103 334 1167 diurnis
356 1101 572 1184 noeturnlsque
594 1102 751 1166 itineribus
773 1100 991 1188 llyrrlruelaiunr
1014 1106 1218 1169 ‹tantentlisse

96 1204 759 1281 Sauelautumidesseiuurtleelarutunremt‚
777 1208 1109 1271 causamenmterruris
1128 1207 1222 1272 luisse

96 1330 155 1374 auu
170 1318 240 1373 erat
254 1307 467 1392 signilleutum.
496 1304 613 1369 'l'euren
631 1306 676 1369 bis
691 1307 781 1370 rebus
798 1318 895 1370 mutus
912 1309 960 1391 qui
977 1310 1013 1373 tle
1030 1308 1129 1373 lleltlii
1144 1310 1221 1373 libro

95 1412 238 1476 iudicauit
246 1411 278 1474 in
287 1420 347 1473 net.
358 1408 417 1472 litt.
429 1404 514 1493 Lips.
526 1430 556 1471 a.
567 1407 651 1473 1824
666 1428 694 1492 p.
705 1408 771 1473 940
786 1410 880 1473 uerba
898 1412 989 1494 ‘quud
1005 1432 1170 1496 properans
1180 1450 1221 1460 —

95 1510 319 1579 intermiserut’
334 1511 372 1575 etl
387 1508 550 1585 Caesarem
572 1514 687 1575 relerre
708 1526 833 1577 cunutus
849 1525 913 1592 est,
942 1515 1065 1599 ipseque
1080 1514 1218 1591 Heluius,

96 1638 160 1681 euru
175 1617 206 1681 ltl
223 1618 348 1680 lurtum
364 1614 509 1677 orationis
532 1632 593 1677 nun
608 1614 669 1698 peti
683 1615 890 1699 intellegeret,
920 1636 955 1680 ea
978 1626 1046 1701 pnst
1066 1618 1222 1701 superiora

97 1721 235 1785 ‘simulac
250 1714 368 1782 Caesar
383 1717 619 1801 appropinquare
644 1717 807 1781 dicebatur'
824 1722 1044 1803 trarrspnuendu
1066 1720 1221 1784 existima-

93 1823 149 1886 uit.
181 1818 267 1885 Setis
283 1824 382 1883 eutem
398 1820 493 1883 leuern
509 1832 630 1883 eausutn
646 1820 796 1898 eliciunt,
820 1818 998 1893 Caesarem,
1025 1842 1089 1884 eum
1106 1822 1133 1903 5.
1152 1820 1172 1883 5
1189 1822 1218 1884 b.

95 1946 122 1989 e.
142 1944 177 1987 se
200 1924 288 1987 liueru
310 1922 487 2006 properandi
512 1923 619 1987 lenisse
641 1924 739 2000 dieat,
764 1924 801 1986 tle
824 1938 878 1987 sua
893 1938 1011 2007 qunque
1028 1922 1221 1988 festinatione

95 2036 190 2090 autea
199 2025 297 2087 bieere
310 2022 462 2088 debuisse.
486 2023 571 2088 Nibll
584 2043 709 2089 neeesse
724 2030 790 2087 erat
804 2026 833 2087 itl
846 2026 1012 2100 deelarare,
1031 2025 1109 2109 quod
1118 2046 1220 2109 quern·

95 2122 146 2193 uls
168 2128 234 2210 ipsa
248 2144 297 2189 res
311 2126 445 2191 lnuebat.
469 2126 570 2191 Vnum
592 2139 676 2191 reete
691 2127 904 2210 reprehensum
921 2138 980 2204 est,
998 2128 1089 2191 uerba
1108 2128 1221 2191 ‘simul-

97 2246 134 2296 tre
149 2226 272 2295 Caesar
290 2232 526 2315 appropinquare
542 2229 707 2293 dicebatur’
723 2229 811 2292 nimis
827 2228 950 2312 abrupte
965 2228 1080 2291 inlerri.
1103 2226 1220 2312 ltaque,

97 2354 163 2399 eum
186 2332 328 2415 deinceps
349 2334 381 2398 in
398 2331 468 2396 Par.
487 2354 550 2397 seu.
569 2340 600 2397 et
623 2330 723 2395 lluun.
750 2348 796 2415 pr.
820 2338 849 2395 el
874 2330 1004 2414 quinque
1026 2331 1222 2396 deterioribus

97 2441 182 2506 eutltl.
205 2438 349 2523 seriptum
372 2437 412 2500 sit
437 2440 614 2519 ‘tantusque
636 2434 751 2497 lerrnr’
767 2442 859 2509 cett,
887 2444 969 2497 reete
991 2429 1220 2519 Oudendorpiut

97 2544 170 2607 baeu
184 2544 228 2606 ila
243 2540 451 2603 constituentis
460 2539 614 2603 iudicauit:
636 2534 744 2601 ‘Simul
754 2532 871 2601 Caesar
886 2538 1122 2623 appropinquare
1138 2539 1218 2603 dice-

96 2646 205 2709 bature
230 2650 393 2724 tantusque
409 2652 508 2704 terror
523 2640 627 2703 itreirlit
641 2638 706 2702 eius
729 2638 888 2703 exereitui'
904 2650 976 2703 eett.
1008 2636 1095 2721 Quod
1120 2650 1219 2704 autem

97 2744 174 2813 ebitli
197 2752 312 2830 ‘paene
332 2763 435 2807 umnes
458 2756 497 2807 ex
520 2730 616 2827 Epiro
631 2742 823 2825 finitimisque
837 2738 1035 2823 regionibus,
1060 2758 1096 2805 eu
1117 2739 1223 2804 larinii

97 2848 266 2915 emendatio
281 2856 341 2925 est,
359 2864 445 2928 quum
461 2862 564 2910 uerum
579 2860 646 2910 esse
662 2845 851 2907 uenitertum
867 2852 926 2907 est.

180 2946 333 3013 Extremo
349 2966 377 3011 e.
396 2946 437 3011 18
452 2948 526 3012 lraeu
540 2948 700 3031 leguntius
724 2944 829 3010 ‘llellu
851 2948 984 3030 perlecto
1000 2942 1037 3005 ab
1052 2942 1089 3005 iis
1106 2938 1224 3006 Caesar

98 3052 172 3117 baeu
185 3052 268 3115 dicte
282 3051 435 3135 cognouit,
453 3050 503 3133 qui
519 3050 650 3114 sermoni
669 3048 889 3123 interluceant,
913 3058 1040 3109 uenatus
1063 3056 1162 3109 tamen
1179 3046 1224 3108 ni-

99 3155 159 3219 bilu
171 3155 272 3218 miuus
287 3162 335 3217 est
348 3153 417 3218 eliis
432 3152 610 3229 rationibus,
627 3150 851 3236 perbellisque,
871 3150 907 3211 tle
919 3168 990 3232 pare
1001 3148 1113 3231 agere’.
1138 3145 1225 3212 Inte-

99 3258 197 3322 bttitue
219 3256 432 3341 significationi
462 3256 548 3321 ‘eliis
571 3256 755 3319 rationibus’
778 3268 832 3338 per
853 3272 886 3316 se
906 3262 989 3316 reete
1011 3251 1144 3334 apertior
1159 3256 1226 3336 ‘per

100 3357 264 3443 eullnquin'
285 3358 443 3442 superaddi
466 3368 581 3441 putest3
606 3358 658 3421 seal
688 3356 736 3419 bie
755 3357 784 3419 id
808 3356 936 3419 alienum
961 3364 1017 3417 est.
1051 3352 1224 3435 Numquae

101 3461 167 3526 illae
181 3460 315 3525 mbunes
328 3460 453 3536 inerint,
471 3476 535 3543 seq.
548 3474 575 3523 e.
586 3459 754 3523 luculenter
768 3458 948 3541 explicetur,
967 3467 1056 3541 utque
1072 3456 1169 3519 oratio
1185 3454 1226 3519 ibi

102 3563 142 3628 ita
155 3563 293 3627 instituta
311 3566 370 3639 est,
388 3572 420 3626 ut
435 3562 471 3626 tle
486 3582 521 3626 re
535 3563 666 3626 nontluut
689 3562 838 3625 ‹leelurutu
861 3560 918 3624 diei
934 3568 1086 3643 appareat.
1115 3556 1227 3641 Neque

103 3668 189 3747 euim,
207 3664 267 3729 uisi
283 3684 333 3728 res
348 3665 452 3747 ignota
467 3656 620 3728 etiamtum
636 3664 806 3748 legentibus
821 3663 1046 3746 adiungeretur,
1070 3660 1227 3743 sequentia

104 3769 166 3832 siue
181 3768 242 3833 ulla
258 3768 472 3831 euniunetiuae
484 3767 681 3831 inferrentur.
712 3764 817 3849 ltaque
838 3762 931 3828 uerbu
955 3770 1021 3847 ‘per
1036 3761 1193 3850 colloquia’
1209 3784 1227 3827 n

104 3874 244 3957 megistru
259 3871 395 3955 pruleuta
411 3884 479 3932 esse
494 3869 579 3932 duxi.

183 3970 224 4038 C.
242 3972 293 4049 tu,
312 3970 331 4034 3
347 3972 421 4034 been
437 3971 549 4055 scriptu
564 3982 652 4034 sunt=
671 3967 782 4032 ‘Multa
798 3969 974 4054 suppliciter
988 3970 1121 4046 loeutus,
1143 3981 1176 4033 ut
1192 3970 1228 4031 tle

103 4090 153 4140 mu
168 4088 261 4159 utque
276 4074 406 4137 emnium
423 4072 519 4138 sulute
535 4072 673 4151 (lubebat,
691 4073 871 4157 silentioque
886 4072 923 4137 eb
940 4071 1072 4153 utrisque
1085 4064 1228 4134 nlilitibus

103 4180 219 4244 tulitus
241 4190 420 4263 responsum
442 4184 490 4241 est
512 4177 549 4239 ab
572 4176 668 4239 altera
687 4184 772 4261 parte
796 4176 835 4238 Α.
855 4174 1022 4239 Varronem
1046 4173 1177 4257 prn'bteri
1194 4191 1228 4234 se

106 4284 198 4349 altere
222 4283 273 4346 alie
294 4280 332 4343 at
355 4278 535 4363 colloquium
552 4286 710 4343 uenturum
727 4286 816 4361 atque
831 4297 890 4342 unu
910 4277 1000 4341 etiarn
1016 4275 1164 4355 utrinque
1179 4270 1232 4333 nl·
