<?xml version="1.0" encoding="UTF-8"?>
<!DOCTYPE html PUBLIC "-//W3C//DTD XHTML 1.0 Transitional//EN"
    "http://www.w3.org/TR/xhtml1/DTD/xhtml1-transitional.dtd">
<html xmlns="http://www.w3.org/1999/xhtml" xml:lang="en" lang="en">
 <head>
  <title>
</title>
<meta http-equiv="Content-Type" content="text/html;charset=utf-8" />
  <meta name='ocr-system' content='tesseract 3.04.00' />
  <meta name='ocr-capabilities' content='ocr_page ocr_carea ocr_par ocr_line ocrx_word'/>
</head>
<body>
  <div class='ocr_page' id='page_1' title='image "./civliicaesarisc02hirtgoog_0619.png"; bbox 0 0 2692 4688; ppageno 0'>
   <div class='ocr_carea' id='block_1_1' title="bbox 78 211 890 286">
    <p class='ocr_par' dir='ltr' id='par_1_1' title="bbox 78 211 890 286">
     <span class='ocr_line' id='line_1_1' title="bbox 78 211 890 286; baseline -0.007 -1"><span class='ocrx_word' id='word_1_1' title='bbox 78 218 144 286; x_wconf 81' lang='grc'>612</span> <span class='ocrx_word' id='word_1_2' title='bbox 506 212 564 280; x_wconf 82' lang='lat' dir='ltr'>llll</span> <span class='ocrx_word' id='word_1_3' title='bbox 587 211 731 282; x_wconf 76' lang='lat' dir='ltr'>sunto</span> <span class='ocrx_word' id='word_1_4' title='bbox 754 211 890 282; x_wconf 81' lang='lat' dir='ltr'>ctvltt</span> 
     </span>
    </p>
   </div>
   <div class='ocr_carea' id='block_1_2' title="bbox 82 381 1324 3139">
    <p class='ocr_par' dir='ltr' id='par_1_2' title="bbox 101 381 1265 677">
     <span class='ocr_line' id='line_1_2' title="bbox 101 381 1265 474; baseline -0.003 -17"><span class='ocrx_word' id='word_1_5' title='bbox 101 391 122 457; x_wconf 82' lang='lat'><strong>3</strong></span> <span class='ocrx_word' id='word_1_6' title='bbox 138 386 234 456; x_wconf 90' lang='lat' dir='ltr'>Simul</span> <span class='ocrx_word' id='word_1_7' title='bbox 251 387 414 474; x_wconf 72' lang='lat' dir='ltr'>respiciens</span> <span class='ocrx_word' id='word_1_8' title='bbox 429 381 606 466; x_wconf 81' lang='lat' dir='ltr'>Caesarem,</span> <span class='ocrx_word' id='word_1_9' title='bbox 626 388 768 467; x_wconf 85' lang='lat' dir='ltr'>‘taciem&#39;,</span> <span class='ocrx_word' id='word_1_10' title='bbox 784 388 893 471; x_wconf 89' lang='lat' dir='ltr'>inquit,</span> <span class='ocrx_word' id='word_1_11' title='bbox 913 385 1026 463; x_wconf 83' lang='lat' dir='ltr'>‘bodie,</span> <span class='ocrx_word' id='word_1_12' title='bbox 1040 385 1219 472; x_wconf 87' lang='lat' dir='ltr'>imperator,</span> <span class='ocrx_word' id='word_1_13' title='bbox 1230 401 1265 454; x_wconf 91' lang='lat' dir='ltr'>ut</span> 
     </span>
     <span class='ocr_line' id='line_1_3' title="bbox 139 488 1264 577; baseline 0.001 -20"><span class='ocrx_word' id='word_1_14' title='bbox 139 504 192 558; x_wconf 88' lang='lat' dir='ltr'>eut</span> <span class='ocrx_word' id='word_1_15' title='bbox 212 493 282 556; x_wconf 91' lang='lat' dir='ltr'>nino</span> <span class='ocrx_word' id='word_1_16' title='bbox 298 490 368 555; x_wconf 91' lang='lat' dir='ltr'>mibi</span> <span class='ocrx_word' id='word_1_17' title='bbox 384 499 436 554; x_wconf 87' lang='lat' dir='ltr'>aut</span> <span class='ocrx_word' id='word_1_18' title='bbox 451 501 568 555; x_wconf 91' lang='lat' dir='ltr'>mortuo</span> <span class='ocrx_word' id='word_1_19' title='bbox 584 491 697 575; x_wconf 76' lang='lat' dir='ltr'>gratias</span> <span class='ocrx_word' id='word_1_20' title='bbox 713 489 809 575; x_wconf 87' lang='lat' dir='ltr'>agas&#39;.</span> <span class='ocrx_word' id='word_1_21' title='bbox 841 488 926 554; x_wconf 87' lang='lat' dir='ltr'>llaec</span> <span class='ocrx_word' id='word_1_22' title='bbox 941 510 1008 552; x_wconf 90' lang='lat' dir='ltr'>eum</span> <span class='ocrx_word' id='word_1_23' title='bbox 1024 489 1177 570; x_wconf 79' lang='lat' dir='ltr'>dixisset,</span> <span class='ocrx_word' id='word_1_24' title='bbox 1202 494 1264 577; x_wconf 90' lang='lat' dir='ltr'>pri·</span> 
     </span>
     <span class='ocr_line' id='line_1_4' title="bbox 138 590 1264 677; baseline 0.002 -19"><span class='ocrx_word' id='word_1_25' title='bbox 138 617 206 659; x_wconf 89' lang='lat' dir='ltr'>mus</span> <span class='ocrx_word' id='word_1_26' title='bbox 222 616 261 659; x_wconf 84' lang='lat' dir='ltr'>ex</span> <span class='ocrx_word' id='word_1_27' title='bbox 278 594 387 660; x_wconf 82' lang='lat' dir='ltr'>dextro</span> <span class='ocrx_word' id='word_1_28' title='bbox 403 613 496 656; x_wconf 89' lang='lat' dir='ltr'>cornu</span> <span class='ocrx_word' id='word_1_29' title='bbox 512 594 713 677; x_wconf 80' lang='lat' dir='ltr'>procucurrit,</span> <span class='ocrx_word' id='word_1_30' title='bbox 724 604 814 676; x_wconf 90' lang='lat' dir='ltr'>atque</span> <span class='ocrx_word' id='word_1_31' title='bbox 830 613 896 657; x_wconf 86' lang='lat' dir='ltr'>cum</span> <span class='ocrx_word' id='word_1_32' title='bbox 913 591 1002 657; x_wconf 89' lang='lat' dir='ltr'>electi</span> <span class='ocrx_word' id='word_1_33' title='bbox 1018 590 1128 657; x_wconf 89' lang='lat' dir='ltr'>milites</span> <span class='ocrx_word' id='word_1_34' title='bbox 1142 595 1264 660; x_wconf 73' lang='lat' dir='ltr'>circiter</span> 
     </span>
    </p>

    <p class='ocr_par' dir='ltr' id='par_1_3' title="bbox 82 692 1300 1089">
     <span class='ocr_line' id='line_1_5' title="bbox 82 692 1264 780; baseline 0.002 -19"><span class='ocrx_word' id='word_1_35' title='bbox 82 699 125 768; x_wconf 78' lang='grc'>92</span> <span class='ocrx_word' id='word_1_36' title='bbox 140 708 213 761; x_wconf 83' lang='lat' dir='ltr'>cxx</span> <span class='ocrx_word' id='word_1_37' title='bbox 228 696 388 761; x_wconf 90' lang='lat' dir='ltr'>uoluntarii</span> <span class='ocrx_word' id='word_1_38' title='bbox 405 695 538 759; x_wconf 86' lang='lat' dir='ltr'>eiusdem</span> <span class='ocrx_word' id='word_1_39' title='bbox 554 698 708 760; x_wconf 88' lang='lat' dir='ltr'>centuriae</span> <span class='ocrx_word' id='word_1_40' title='bbox 722 707 791 760; x_wconf 89' lang='lat' dir='ltr'>sunt</span> <span class='ocrx_word' id='word_1_41' title='bbox 806 695 970 780; x_wconf 89' lang='lat' dir='ltr'>prosecuti.</span> <span class='ocrx_word' id='word_1_42' title='bbox 994 692 1080 759; x_wconf 86' lang='lat' dir='ltr'>lotar</span> <span class='ocrx_word' id='word_1_43' title='bbox 1094 697 1170 762; x_wconf 88' lang='lat' dir='ltr'>duas</span> <span class='ocrx_word' id='word_1_44' title='bbox 1183 698 1264 763; x_wconf 88' lang='lat' dir='ltr'>acies</span> 
     </span>
     <span class='ocr_line' id='line_1_6' title="bbox 142 797 1300 884; baseline 0.001 -21"><span class='ocrx_word' id='word_1_45' title='bbox 142 810 255 864; x_wconf 92' lang='lat' dir='ltr'>tantum</span> <span class='ocrx_word' id='word_1_46' title='bbox 273 810 337 863; x_wconf 88' lang='lat' dir='ltr'>erat</span> <span class='ocrx_word' id='word_1_47' title='bbox 353 798 490 861; x_wconf 87' lang='lat' dir='ltr'>relictum</span> <span class='ocrx_word' id='word_1_48' title='bbox 505 797 606 881; x_wconf 84' lang='lat' dir='ltr'>spatii,</span> <span class='ocrx_word' id='word_1_49' title='bbox 627 810 660 862; x_wconf 94' lang='lat' dir='ltr'>ut</span> <span class='ocrx_word' id='word_1_50' title='bbox 675 800 748 863; x_wconf 91' lang='lat' dir='ltr'>satis</span> <span class='ocrx_word' id='word_1_51' title='bbox 763 808 845 863; x_wconf 90' lang='lat' dir='ltr'>esset</span> <span class='ocrx_word' id='word_1_52' title='bbox 859 798 897 862; x_wconf 87' lang='lat' dir='ltr'>ad</span> <span class='ocrx_word' id='word_1_53' title='bbox 912 819 1092 862; x_wconf 89' lang='lat' dir='ltr'>concursum</span> <span class='ocrx_word' id='word_1_54' title='bbox 1106 801 1263 884; x_wconf 87' lang='lat' dir='ltr'>utriusque</span> <span class='ocrx_word' id='word_1_55' title='bbox 1285 813 1300 864; x_wconf 76' lang='lat' dir='ltr'>t</span> 
     </span>
     <span class='ocr_line' id='line_1_7' title="bbox 143 896 1264 988; baseline 0.003 -23"><span class='ocrx_word' id='word_1_56' title='bbox 143 902 307 967; x_wconf 77' lang='lat' dir='ltr'>exercitus.</span> <span class='ocrx_word' id='word_1_57' title='bbox 340 897 401 965; x_wconf 88' lang='lat' dir='ltr'>Sed</span> <span class='ocrx_word' id='word_1_58' title='bbox 417 896 576 983; x_wconf 89' lang='lat' dir='ltr'>Pompeius</span> <span class='ocrx_word' id='word_1_59' title='bbox 598 901 662 965; x_wconf 91' lang='lat' dir='ltr'>suis</span> <span class='ocrx_word' id='word_1_60' title='bbox 684 901 889 985; x_wconf 72' lang='lat' dir='ltr'>praedixerat,</span> <span class='ocrx_word' id='word_1_61' title='bbox 914 910 949 964; x_wconf 93' lang='lat' dir='ltr'>ut</span> <span class='ocrx_word' id='word_1_62' title='bbox 963 899 1108 966; x_wconf 75' lang='lat' dir='ltr'>Caesaris</span> <span class='ocrx_word' id='word_1_63' title='bbox 1122 903 1264 988; x_wconf 84' lang='lat' dir='ltr'>impeturn</span> 
     </span>
     <span class='ocr_line' id='line_1_8' title="bbox 142 1003 1265 1089; baseline -0.001 -19"><span class='ocrx_word' id='word_1_64' title='bbox 142 1005 317 1088; x_wconf 81' lang='lat' dir='ltr'>exciperent</span> <span class='ocrx_word' id='word_1_65' title='bbox 339 1023 416 1068; x_wconf 90' lang='lat' dir='ltr'>neue</span> <span class='ocrx_word' id='word_1_66' title='bbox 431 1023 465 1067; x_wconf 89' lang='lat' dir='ltr'>se</span> <span class='ocrx_word' id='word_1_67' title='bbox 481 1003 547 1066; x_wconf 88' lang='lat' dir='ltr'>loco</span> <span class='ocrx_word' id='word_1_68' title='bbox 562 1015 721 1068; x_wconf 89' lang='lat' dir='ltr'>mouerent</span> <span class='ocrx_word' id='word_1_69' title='bbox 736 1004 889 1087; x_wconf 86' lang='lat' dir='ltr'>aciemque</span> <span class='ocrx_word' id='word_1_70' title='bbox 904 1003 969 1067; x_wconf 86' lang='lat' dir='ltr'>eius</span> <span class='ocrx_word' id='word_1_71' title='bbox 985 1003 1109 1069; x_wconf 87' lang='lat' dir='ltr'>distrahi</span> <span class='ocrx_word' id='word_1_72' title='bbox 1124 1015 1265 1089; x_wconf 89' lang='lat' dir='ltr'>pateren-</span> 
     </span>
    </p>

    <p class='ocr_par' dir='ltr' id='par_1_4' title="bbox 106 1102 1318 1601">
     <span class='ocr_line' id='line_1_9' title="bbox 106 1102 1265 1191; baseline 0.002 -20"><span class='ocrx_word' id='word_1_73' title='bbox 106 1107 210 1184; x_wconf 77' lang='lat' dir='ltr'>2tur3</span> <span class='ocrx_word' id='word_1_74' title='bbox 235 1108 322 1188; x_wconf 88' lang='lat' dir='ltr'>idque</span> <span class='ocrx_word' id='word_1_75' title='bbox 344 1105 497 1169; x_wconf 88' lang='lat' dir='ltr'>admonitu</span> <span class='ocrx_word' id='word_1_76' title='bbox 514 1102 550 1170; x_wconf 86' lang='lat' dir='ltr'>C.</span> <span class='ocrx_word' id='word_1_77' title='bbox 569 1104 683 1170; x_wconf 86' lang='lat' dir='ltr'>Triarii</span> <span class='ocrx_word' id='word_1_78' title='bbox 706 1107 814 1171; x_wconf 86' lang='lat' dir='ltr'>iecisse</span> <span class='ocrx_word' id='word_1_79' title='bbox 836 1106 1009 1185; x_wconf 86' lang='lat' dir='ltr'>dicebatur,</span> <span class='ocrx_word' id='word_1_80' title='bbox 1032 1117 1065 1171; x_wconf 95' lang='lat' dir='ltr'>ut</span> <span class='ocrx_word' id='word_1_81' title='bbox 1080 1106 1193 1191; x_wconf 87' lang='lat' dir='ltr'>primus</span> <span class='ocrx_word' id='word_1_82' title='bbox 1208 1128 1265 1173; x_wconf 82' lang='lat' dir='ltr'>ex·</span> 
     </span>
     <span class='ocr_line' id='line_1_10' title="bbox 144 1208 1265 1295; baseline 0.003 -23"><span class='ocrx_word' id='word_1_83' title='bbox 144 1230 252 1272; x_wconf 89' lang='lat' dir='ltr'>cursus</span> <span class='ocrx_word' id='word_1_84' title='bbox 261 1210 366 1291; x_wconf 87' lang='lat' dir='ltr'>uisque</span> <span class='ocrx_word' id='word_1_85' title='bbox 381 1209 506 1272; x_wconf 91' lang='lat' dir='ltr'>militum</span> <span class='ocrx_word' id='word_1_86' title='bbox 522 1208 752 1293; x_wconf 65' lang='lat' dir='ltr'>infringeretur,</span> <span class='ocrx_word' id='word_1_87' title='bbox 769 1209 906 1294; x_wconf 89' lang='lat' dir='ltr'>aciesque</span> <span class='ocrx_word' id='word_1_88' title='bbox 922 1209 1156 1288; x_wconf 81' lang='lat' dir='ltr'>distenderetur,</span> <span class='ocrx_word' id='word_1_89' title='bbox 1173 1221 1265 1295; x_wconf 90' lang='lat' dir='ltr'>atque</span> 
     </span>
     <span class='ocr_line' id='line_1_11' title="bbox 143 1310 1318 1395; baseline 0.003 -21"><span class='ocrx_word' id='word_1_90' title='bbox 143 1311 174 1374; x_wconf 96' lang='lat' dir='ltr'>in</span> <span class='ocrx_word' id='word_1_91' title='bbox 190 1311 253 1374; x_wconf 91' lang='lat' dir='ltr'>suis</span> <span class='ocrx_word' id='word_1_92' title='bbox 270 1310 423 1375; x_wconf 87' lang='lat' dir='ltr'>ordinibus</span> <span class='ocrx_word' id='word_1_93' title='bbox 439 1311 573 1395; x_wconf 88' lang='lat' dir='ltr'>dispositi</span> <span class='ocrx_word' id='word_1_94' title='bbox 591 1311 743 1394; x_wconf 88' lang='lat' dir='ltr'>dispersos</span> <span class='ocrx_word' id='word_1_95' title='bbox 759 1311 968 1388; x_wconf 83' lang='lat' dir='ltr'>adorirentnr3</span> <span class='ocrx_word' id='word_1_96' title='bbox 985 1311 1138 1393; x_wconf 87' lang='lat' dir='ltr'>leuiusque</span> <span class='ocrx_word' id='word_1_97' title='bbox 1154 1332 1266 1378; x_wconf 79' lang='lat' dir='ltr'>casum</span> <span class='ocrx_word' id='word_1_98' title='bbox 1289 1324 1318 1378; x_wconf 83' lang='lat' dir='ltr'>tt</span> 
     </span>
     <span class='ocr_line' id='line_1_12' title="bbox 144 1412 1265 1498; baseline 0.003 -21"><span class='ocrx_word' id='word_1_99' title='bbox 144 1414 202 1498; x_wconf 91' lang='lat' dir='ltr'>pila</span> <span class='ocrx_word' id='word_1_100' title='bbox 219 1412 358 1497; x_wconf 85' lang='lat' dir='ltr'>sperabat</span> <span class='ocrx_word' id='word_1_101' title='bbox 371 1414 402 1478; x_wconf 92' lang='lat' dir='ltr'>in</span> <span class='ocrx_word' id='word_1_102' title='bbox 419 1416 486 1478; x_wconf 88' lang='lat' dir='ltr'>loeo</span> <span class='ocrx_word' id='word_1_103' title='bbox 499 1414 625 1479; x_wconf 90' lang='lat' dir='ltr'>retentis</span> <span class='ocrx_word' id='word_1_104' title='bbox 641 1414 805 1492; x_wconf 86' lang='lat' dir='ltr'>militibus,</span> <span class='ocrx_word' id='word_1_105' title='bbox 830 1434 917 1496; x_wconf 85' lang='lat' dir='ltr'>quanr</span> <span class='ocrx_word' id='word_1_106' title='bbox 933 1413 960 1477; x_wconf 90' lang='lat' dir='ltr'>si</span> <span class='ocrx_word' id='word_1_107' title='bbox 974 1412 1030 1497; x_wconf 88' lang='lat' dir='ltr'>ipsi</span> <span class='ocrx_word' id='word_1_108' title='bbox 1045 1413 1181 1478; x_wconf 84' lang='lat' dir='ltr'>inmissis</span> <span class='ocrx_word' id='word_1_109' title='bbox 1195 1415 1265 1480; x_wconf 85' lang='lat' dir='ltr'>telis</span> 
     </span>
     <span class='ocr_line' id='line_1_13' title="bbox 146 1511 1266 1601; baseline 0.003 -23"><span class='ocrx_word' id='word_1_110' title='bbox 146 1515 408 1593; x_wconf 88' lang='lat' dir='ltr'>occucurrissent,</span> <span class='ocrx_word' id='word_1_111' title='bbox 432 1516 519 1580; x_wconf 91' lang='lat' dir='ltr'>simul</span> <span class='ocrx_word' id='word_1_112' title='bbox 543 1516 626 1592; x_wconf 85' lang='lat' dir='ltr'>lore,</span> <span class='ocrx_word' id='word_1_113' title='bbox 652 1525 684 1578; x_wconf 90' lang='lat' dir='ltr'>ut</span> <span class='ocrx_word' id='word_1_114' title='bbox 704 1515 852 1601; x_wconf 89' lang='lat' dir='ltr'>duplicato</span> <span class='ocrx_word' id='word_1_115' title='bbox 875 1536 965 1579; x_wconf 89' lang='lat' dir='ltr'>cursu</span> <span class='ocrx_word' id='word_1_116' title='bbox 987 1511 1133 1579; x_wconf 80' lang='lat' dir='ltr'>Caesaris</span> <span class='ocrx_word' id='word_1_117' title='bbox 1153 1516 1266 1581; x_wconf 86' lang='lat' dir='ltr'>milites</span> 
     </span>
    </p>

    <p class='ocr_par' dir='ltr' id='par_1_5' title="bbox 110 1613 1320 2215">
     <span class='ocr_line' id='line_1_14' title="bbox 110 1613 1265 1705; baseline 0.003 -25"><span class='ocrx_word' id='word_1_118' title='bbox 110 1616 394 1680; x_wconf 75' lang='lat' dir='ltr'>dexanimarentur</span> <span class='ocrx_word' id='word_1_119' title='bbox 415 1628 445 1679; x_wconf 92' lang='lat' dir='ltr'>et</span> <span class='ocrx_word' id='word_1_120' title='bbox 466 1616 642 1682; x_wconf 82' lang='lat' dir='ltr'>lassitudine</span> <span class='ocrx_word' id='word_1_121' title='bbox 664 1620 896 1682; x_wconf 80' lang='lat' dir='ltr'>conficerentur.</span> <span class='ocrx_word' id='word_1_122' title='bbox 928 1613 1018 1700; x_wconf 82' lang='lat' dir='ltr'>Quod</span> <span class='ocrx_word' id='word_1_123' title='bbox 1038 1615 1124 1681; x_wconf 84' lang='lat' dir='ltr'>nobis</span> <span class='ocrx_word' id='word_1_124' title='bbox 1145 1617 1265 1705; x_wconf 86' lang='lat' dir='ltr'>quidem</span> 
     </span>
     <span class='ocr_line' id='line_1_15' title="bbox 146 1718 1266 1805; baseline 0.003 -24"><span class='ocrx_word' id='word_1_125' title='bbox 146 1718 228 1782; x_wconf 91' lang='lat' dir='ltr'>nulla</span> <span class='ocrx_word' id='word_1_126' title='bbox 257 1719 376 1783; x_wconf 90' lang='lat' dir='ltr'>ratione</span> <span class='ocrx_word' id='word_1_127' title='bbox 406 1721 517 1784; x_wconf 87' lang='lat' dir='ltr'>lactum</span> <span class='ocrx_word' id='word_1_128' title='bbox 539 1743 558 1786; x_wconf 92' lang='lat' dir='ltr'>a</span> <span class='ocrx_word' id='word_1_129' title='bbox 578 1719 723 1805; x_wconf 88' lang='lat' dir='ltr'>Pompeio</span> <span class='ocrx_word' id='word_1_130' title='bbox 754 1721 892 1799; x_wconf 86' lang='lat' dir='ltr'>uidetur,</span> <span class='ocrx_word' id='word_1_131' title='bbox 925 1730 1080 1804; x_wconf 84' lang='lat' dir='ltr'>propterea</span> <span class='ocrx_word' id='word_1_132' title='bbox 1106 1719 1186 1803; x_wconf 91' lang='lat' dir='ltr'>quod</span> <span class='ocrx_word' id='word_1_133' title='bbox 1215 1731 1266 1784; x_wconf 90' lang='lat' dir='ltr'>est</span> 
     </span>
     <span class='ocr_line' id='line_1_16' title="bbox 145 1820 1320 1907; baseline 0.001 -23"><span class='ocrx_word' id='word_1_134' title='bbox 145 1821 287 1906; x_wconf 86' lang='lat' dir='ltr'>quaedam</span> <span class='ocrx_word' id='word_1_135' title='bbox 304 1820 395 1885; x_wconf 89' lang='lat' dir='ltr'>animi</span> <span class='ocrx_word' id='word_1_136' title='bbox 409 1822 546 1887; x_wconf 88' lang='lat' dir='ltr'>incitatio</span> <span class='ocrx_word' id='word_1_137' title='bbox 561 1835 649 1907; x_wconf 87' lang='lat' dir='ltr'>atque</span> <span class='ocrx_word' id='word_1_138' title='bbox 662 1823 802 1888; x_wconf 88' lang='lat' dir='ltr'>alacritas</span> <span class='ocrx_word' id='word_1_139' title='bbox 815 1823 993 1888; x_wconf 87' lang='lat' dir='ltr'>naturaliter</span> <span class='ocrx_word' id='word_1_140' title='bbox 1001 1823 1100 1887; x_wconf 88' lang='lat' dir='ltr'>innata</span> <span class='ocrx_word' id='word_1_141' title='bbox 1110 1821 1262 1897; x_wconf 89' lang='lat' dir='ltr'>omnibus,</span> <span class='ocrx_word' id='word_1_142' title='bbox 1290 1833 1320 1886; x_wconf 82' lang='lat' dir='ltr'>ts</span> 
     </span>
     <span class='ocr_line' id='line_1_17' title="bbox 146 1923 1265 2011; baseline -0.001 -23"><span class='ocrx_word' id='word_1_143' title='bbox 146 1944 224 2006; x_wconf 91' lang='lat' dir='ltr'>quae</span> <span class='ocrx_word' id='word_1_144' title='bbox 244 1923 343 1987; x_wconf 89' lang='lat' dir='ltr'>studio</span> <span class='ocrx_word' id='word_1_145' title='bbox 359 1945 476 2008; x_wconf 84' lang='lat' dir='ltr'>pugnae</span> <span class='ocrx_word' id='word_1_146' title='bbox 491 1925 670 1990; x_wconf 87' lang='lat' dir='ltr'>incenditur.</span> <span class='ocrx_word' id='word_1_147' title='bbox 702 1924 789 1989; x_wconf 88' lang='lat' dir='ltr'>llane</span> <span class='ocrx_word' id='word_1_148' title='bbox 805 1947 866 1990; x_wconf 95' lang='lat' dir='ltr'>non</span> <span class='ocrx_word' id='word_1_149' title='bbox 881 1926 1063 2011; x_wconf 88' lang='lat' dir='ltr'>reprimere,</span> <span class='ocrx_word' id='word_1_150' title='bbox 1084 1924 1137 1989; x_wconf 89' lang='lat' dir='ltr'>sed</span> <span class='ocrx_word' id='word_1_151' title='bbox 1152 1944 1265 2011; x_wconf 69' lang='lat' dir='ltr'>angm</span> 
     </span>
     <span class='ocr_line' id='line_1_18' title="bbox 145 2026 1268 2112; baseline 0.001 -23"><span class='ocrx_word' id='word_1_152' title='bbox 145 2026 332 2110; x_wconf 85' lang='lat' dir='ltr'>inperatores</span> <span class='ocrx_word' id='word_1_153' title='bbox 361 2026 487 2106; x_wconf 81' lang='lat' dir='ltr'>debent3</span> <span class='ocrx_word' id='word_1_154' title='bbox 516 2048 612 2112; x_wconf 89' lang='lat' dir='ltr'>neque</span> <span class='ocrx_word' id='word_1_155' title='bbox 636 2031 746 2093; x_wconf 81' lang='lat' dir='ltr'>trustra</span> <span class='ocrx_word' id='word_1_156' title='bbox 768 2029 931 2112; x_wconf 88' lang='lat' dir='ltr'>antiquitus</span> <span class='ocrx_word' id='word_1_157' title='bbox 953 2028 1122 2092; x_wconf 88' lang='lat' dir='ltr'>institutum</span> <span class='ocrx_word' id='word_1_158' title='bbox 1143 2038 1209 2107; x_wconf 88' lang='lat' dir='ltr'>est,</span> <span class='ocrx_word' id='word_1_159' title='bbox 1234 2037 1268 2091; x_wconf 91' lang='lat' dir='ltr'>ut</span> 
     </span>
     <span class='ocr_line' id='line_1_19' title="bbox 146 2129 1266 2215; baseline -0.002 -21"><span class='ocrx_word' id='word_1_160' title='bbox 146 2129 231 2214; x_wconf 88' lang='lat' dir='ltr'>signa</span> <span class='ocrx_word' id='word_1_161' title='bbox 249 2129 376 2213; x_wconf 90' lang='lat' dir='ltr'>undique</span> <span class='ocrx_word' id='word_1_162' title='bbox 390 2132 596 2210; x_wconf 88' lang='lat' dir='ltr'>concinerent,</span> <span class='ocrx_word' id='word_1_163' title='bbox 607 2132 827 2215; x_wconf 88' lang='lat' dir='ltr'>clamoremque</span> <span class='ocrx_word' id='word_1_164' title='bbox 842 2131 978 2197; x_wconf 86' lang='lat' dir='ltr'>uniuersi</span> <span class='ocrx_word' id='word_1_165' title='bbox 990 2132 1147 2208; x_wconf 81' lang='lat' dir='ltr'>tollerent3</span> <span class='ocrx_word' id='word_1_166' title='bbox 1158 2129 1266 2212; x_wconf 88' lang='lat' dir='ltr'>quibos</span> 
     </span>
    </p>

    <p class='ocr_par' dir='ltr' id='par_1_6' title="bbox 91 2226 1324 2934">
     <span class='ocr_line' id='line_1_20' title="bbox 91 2226 1267 2303; baseline -0.001 -7"><span class='ocrx_word' id='word_1_167' title='bbox 91 2232 136 2303; x_wconf 76' lang='grc'>23</span> <span class='ocrx_word' id='word_1_168' title='bbox 148 2233 236 2297; x_wconf 89' lang='lat' dir='ltr'>rebus</span> <span class='ocrx_word' id='word_1_169' title='bbox 252 2245 284 2296; x_wconf 89' lang='lat' dir='ltr'>et</span> <span class='ocrx_word' id='word_1_170' title='bbox 299 2233 400 2297; x_wconf 88' lang='lat' dir='ltr'>bostes</span> <span class='ocrx_word' id='word_1_171' title='bbox 416 2234 523 2297; x_wconf 90' lang='lat' dir='ltr'>terreri</span> <span class='ocrx_word' id='word_1_172' title='bbox 539 2243 570 2298; x_wconf 88' lang='lat' dir='ltr'>et</span> <span class='ocrx_word' id='word_1_173' title='bbox 584 2254 656 2298; x_wconf 90' lang='lat' dir='ltr'>suos</span> <span class='ocrx_word' id='word_1_174' title='bbox 671 2234 793 2298; x_wconf 91' lang='lat' dir='ltr'>incitari</span> <span class='ocrx_word' id='word_1_175' title='bbox 807 2234 1071 2298; x_wconf 82' lang='lat' dir='ltr'>existimauerunt.</span> <span class='ocrx_word' id='word_1_176' title='bbox 1094 2226 1153 2296; x_wconf 88' lang='lat' dir='ltr'>Sed</span> <span class='ocrx_word' id='word_1_177' title='bbox 1168 2232 1267 2296; x_wconf 72' lang='lat' dir='ltr'>nosui</span> 
     </span>
     <span class='ocr_line' id='line_1_21' title="bbox 147 2334 1320 2421; baseline -0.001 -21"><span class='ocrx_word' id='word_1_178' title='bbox 147 2336 257 2401; x_wconf 91' lang='lat' dir='ltr'>milites</span> <span class='ocrx_word' id='word_1_179' title='bbox 273 2337 341 2400; x_wconf 93' lang='lat' dir='ltr'>dato</span> <span class='ocrx_word' id='word_1_180' title='bbox 357 2337 444 2419; x_wconf 89' lang='lat' dir='ltr'>siguo</span> <span class='ocrx_word' id='word_1_181' title='bbox 458 2358 525 2399; x_wconf 91' lang='lat' dir='ltr'>cum</span> <span class='ocrx_word' id='word_1_182' title='bbox 541 2337 660 2401; x_wconf 87' lang='lat' dir='ltr'>inlestis</span> <span class='ocrx_word' id='word_1_183' title='bbox 676 2336 743 2421; x_wconf 90' lang='lat' dir='ltr'>pilis</span> <span class='ocrx_word' id='word_1_184' title='bbox 759 2337 1018 2420; x_wconf 89' lang='lat' dir='ltr'>procucurrissent</span> <span class='ocrx_word' id='word_1_185' title='bbox 1031 2345 1120 2418; x_wconf 89' lang='lat' dir='ltr'>atque</span> <span class='ocrx_word' id='word_1_186' title='bbox 1134 2334 1267 2399; x_wconf 85' lang='lat' dir='ltr'>auimad·</span> <span class='ocrx_word' id='word_1_187' title='bbox 1288 2343 1320 2399; x_wconf 73' lang='lat' dir='ltr'>tt</span> 
     </span>
     <span class='ocr_line' id='line_1_22' title="bbox 147 2436 1265 2523; baseline -0.002 -21"><span class='ocrx_word' id='word_1_188' title='bbox 147 2441 311 2503; x_wconf 89' lang='lat' dir='ltr'>uertissent</span> <span class='ocrx_word' id='word_1_189' title='bbox 332 2459 392 2500; x_wconf 91' lang='lat' dir='ltr'>non</span> <span class='ocrx_word' id='word_1_190' title='bbox 414 2440 554 2503; x_wconf 89' lang='lat' dir='ltr'>concurri</span> <span class='ocrx_word' id='word_1_191' title='bbox 569 2460 587 2501; x_wconf 91' lang='lat' dir='ltr'>e</span> <span class='ocrx_word' id='word_1_192' title='bbox 603 2436 811 2523; x_wconf 87' lang='lat' dir='ltr'>Pompeianis,</span> <span class='ocrx_word' id='word_1_193' title='bbox 837 2461 892 2503; x_wconf 92' lang='lat' dir='ltr'>usu</span> <span class='ocrx_word' id='word_1_194' title='bbox 908 2437 996 2522; x_wconf 89' lang='lat' dir='ltr'>periti</span> <span class='ocrx_word' id='word_1_195' title='bbox 1010 2458 1047 2502; x_wconf 89' lang='lat' dir='ltr'>ac</span> <span class='ocrx_word' id='word_1_196' title='bbox 1061 2437 1265 2522; x_wconf 86' lang='lat' dir='ltr'>superioribas</span> 
     </span>
     <span class='ocr_line' id='line_1_23' title="bbox 148 2538 1265 2625; baseline -0.004 -21"><span class='ocrx_word' id='word_1_197' title='bbox 148 2540 254 2625; x_wconf 88' lang='lat' dir='ltr'>pugnis</span> <span class='ocrx_word' id='word_1_198' title='bbox 275 2538 434 2602; x_wconf 83' lang='lat' dir='ltr'>exercitati</span> <span class='ocrx_word' id='word_1_199' title='bbox 455 2560 510 2603; x_wconf 91' lang='lat' dir='ltr'>sue</span> <span class='ocrx_word' id='word_1_200' title='bbox 532 2553 638 2625; x_wconf 91' lang='lat' dir='ltr'>sponte</span> <span class='ocrx_word' id='word_1_201' title='bbox 661 2561 780 2604; x_wconf 91' lang='lat' dir='ltr'>cursum</span> <span class='ocrx_word' id='word_1_202' title='bbox 802 2552 1013 2625; x_wconf 90' lang='lat' dir='ltr'>represserunt</span> <span class='ocrx_word' id='word_1_203' title='bbox 1032 2551 1065 2604; x_wconf 90' lang='lat' dir='ltr'>et</span> <span class='ocrx_word' id='word_1_204' title='bbox 1085 2540 1123 2603; x_wconf 91' lang='lat' dir='ltr'>ad</span> <span class='ocrx_word' id='word_1_205' title='bbox 1138 2539 1265 2603; x_wconf 91' lang='lat' dir='ltr'>medium</span> 
     </span>
     <span class='ocr_line' id='line_1_24' title="bbox 147 2642 1263 2728; baseline -0.004 -20"><span class='ocrx_word' id='word_1_206' title='bbox 147 2644 212 2708; x_wconf 90' lang='lat' dir='ltr'>lere</span> <span class='ocrx_word' id='word_1_207' title='bbox 226 2642 354 2726; x_wconf 89' lang='lat' dir='ltr'>spatium</span> <span class='ocrx_word' id='word_1_208' title='bbox 369 2642 581 2722; x_wconf 88' lang='lat' dir='ltr'>constiterunt,</span> <span class='ocrx_word' id='word_1_209' title='bbox 598 2665 636 2708; x_wconf 92' lang='lat' dir='ltr'>ne</span> <span class='ocrx_word' id='word_1_210' title='bbox 651 2644 834 2728; x_wconf 88' lang='lat' dir='ltr'>consumptis</span> <span class='ocrx_word' id='word_1_211' title='bbox 849 2643 964 2707; x_wconf 88' lang='lat' dir='ltr'>uiribus</span> <span class='ocrx_word' id='word_1_212' title='bbox 979 2642 1263 2726; x_wconf 86' lang='lat' dir='ltr'>adpropinquarent,</span> 
     </span>
     <span class='ocr_line' id='line_1_25' title="bbox 146 2743 1268 2832; baseline -0.003 -22"><span class='ocrx_word' id='word_1_213' title='bbox 146 2765 298 2832; x_wconf 89' lang='lat' dir='ltr'>paruoque</span> <span class='ocrx_word' id='word_1_214' title='bbox 313 2745 486 2810; x_wconf 89' lang='lat' dir='ltr'>intermisso</span> <span class='ocrx_word' id='word_1_215' title='bbox 503 2747 644 2832; x_wconf 90' lang='lat' dir='ltr'>temporis</span> <span class='ocrx_word' id='word_1_216' title='bbox 660 2749 755 2832; x_wconf 89' lang='lat' dir='ltr'>spatio</span> <span class='ocrx_word' id='word_1_217' title='bbox 771 2768 806 2810; x_wconf 90' lang='lat' dir='ltr'>ao</span> <span class='ocrx_word' id='word_1_218' title='bbox 821 2765 926 2810; x_wconf 89' lang='lat' dir='ltr'>rursus</span> <span class='ocrx_word' id='word_1_219' title='bbox 940 2753 1087 2807; x_wconf 88' lang='lat' dir='ltr'>renouato</span> <span class='ocrx_word' id='word_1_220' title='bbox 1103 2764 1194 2807; x_wconf 89' lang='lat' dir='ltr'>cursu</span> <span class='ocrx_word' id='word_1_221' title='bbox 1207 2743 1268 2827; x_wconf 83' lang='lat' dir='ltr'>pila</span> 
     </span>
     <span class='ocr_line' id='line_1_26' title="bbox 147 2843 1324 2934; baseline -0.002 -21"><span class='ocrx_word' id='word_1_222' title='bbox 147 2850 295 2914; x_wconf 89' lang='lat' dir='ltr'>miserunt</span> <span class='ocrx_word' id='word_1_223' title='bbox 324 2848 540 2930; x_wconf 88' lang='lat' dir='ltr'>celeriterque,</span> <span class='ocrx_word' id='word_1_224' title='bbox 570 2861 604 2913; x_wconf 91' lang='lat' dir='ltr'>ut</span> <span class='ocrx_word' id='word_1_225' title='bbox 633 2860 701 2914; x_wconf 90' lang='lat' dir='ltr'>erat</span> <span class='ocrx_word' id='word_1_226' title='bbox 722 2858 912 2934; x_wconf 89' lang='lat' dir='ltr'>praeceptum</span> <span class='ocrx_word' id='word_1_227' title='bbox 933 2867 951 2909; x_wconf 90' lang='lat' dir='ltr'>a</span> <span class='ocrx_word' id='word_1_228' title='bbox 973 2843 1126 2921; x_wconf 85' lang='lat' dir='ltr'>Caesare,</span> <span class='ocrx_word' id='word_1_229' title='bbox 1150 2845 1324 2927; x_wconf 78' lang='lat' dir='ltr'>glaciosas</span> 
     </span>
    </p>

    <p class='ocr_par' dir='ltr' id='par_1_7' title="bbox 111 2943 1271 3139">
     <span class='ocr_line' id='line_1_27' title="bbox 111 2943 1271 3035; baseline -0.003 -21"><span class='ocrx_word' id='word_1_230' title='bbox 111 2950 348 3018; x_wconf 81' lang='lat' dir='ltr'>2strinxerunt.</span> <span class='ocrx_word' id='word_1_231' title='bbox 379 2949 489 3033; x_wconf 89' lang='lat' dir='ltr'>Neque</span> <span class='ocrx_word' id='word_1_232' title='bbox 510 2971 583 3016; x_wconf 92' lang='lat' dir='ltr'>nero</span> <span class='ocrx_word' id='word_1_233' title='bbox 598 2948 771 3035; x_wconf 86' lang='lat' dir='ltr'>Pompeiani</span> <span class='ocrx_word' id='word_1_234' title='bbox 793 2949 861 3014; x_wconf 90' lang='lat' dir='ltr'>buic</span> <span class='ocrx_word' id='word_1_235' title='bbox 876 2949 920 3013; x_wconf 84' lang='lat' dir='ltr'>rei</span> <span class='ocrx_word' id='word_1_236' title='bbox 935 2948 1104 3012; x_wconf 81' lang='lat' dir='ltr'>doluerunt.</span> <span class='ocrx_word' id='word_1_237' title='bbox 1136 2943 1217 3007; x_wconf 87' lang='lat' dir='ltr'>Nam</span> <span class='ocrx_word' id='word_1_238' title='bbox 1235 2959 1271 3010; x_wconf 94' lang='lat' dir='ltr'>et</span> 
     </span>
     <span class='ocr_line' id='line_1_28' title="bbox 148 3047 1271 3139; baseline -0.002 -24"><span class='ocrx_word' id='word_1_239' title='bbox 148 3054 208 3116; x_wconf 89' lang='lat' dir='ltr'>tela</span> <span class='ocrx_word' id='word_1_240' title='bbox 230 3056 321 3119; x_wconf 87' lang='lat' dir='ltr'>missa</span> <span class='ocrx_word' id='word_1_241' title='bbox 345 3066 531 3137; x_wconf 86' lang='lat' dir='ltr'>exceperunt</span> <span class='ocrx_word' id='word_1_242' title='bbox 552 3064 583 3118; x_wconf 92' lang='lat' dir='ltr'>et</span> <span class='ocrx_word' id='word_1_243' title='bbox 604 3055 743 3139; x_wconf 89' lang='lat' dir='ltr'>impetum</span> <span class='ocrx_word' id='word_1_244' title='bbox 768 3051 918 3136; x_wconf 87' lang='lat' dir='ltr'>legionum</span> <span class='ocrx_word' id='word_1_245' title='bbox 939 3049 1072 3114; x_wconf 90' lang='lat' dir='ltr'>tulerunt</span> <span class='ocrx_word' id='word_1_246' title='bbox 1090 3057 1121 3111; x_wconf 90' lang='lat' dir='ltr'>et</span> <span class='ocrx_word' id='word_1_247' title='bbox 1141 3047 1271 3113; x_wconf 89' lang='lat' dir='ltr'>ordines</span> 
     </span>
    </p>
   </div>
   <div class='ocr_carea' id='block_1_3' title="bbox 89 3149 1326 3548">
    <p class='ocr_par' dir='ltr' id='par_1_8' title="bbox 89 3149 1326 3548">
     <span class='ocr_line' id='line_1_29' title="bbox 89 3149 1271 3245; baseline 0.002 -31"><span class='ocrx_word' id='word_1_248' title='bbox 89 3230 93 3235; x_wconf 34' lang='grc'><strong>,</strong></span> <span class='ocrx_word' id='word_1_249' title='bbox 112 3151 368 3219; x_wconf 76' lang='lat' dir='ltr'>deenseruaruut</span> <span class='ocrx_word' id='word_1_250' title='bbox 382 3158 509 3245; x_wconf 91' lang='lat' dir='ltr'>pilisque</span> <span class='ocrx_word' id='word_1_251' title='bbox 523 3157 623 3220; x_wconf 88' lang='lat' dir='ltr'>missis</span> <span class='ocrx_word' id='word_1_252' title='bbox 639 3158 676 3220; x_wconf 95' lang='lat' dir='ltr'>ad</span> <span class='ocrx_word' id='word_1_253' title='bbox 692 3157 807 3243; x_wconf 88' lang='lat' dir='ltr'>gladios</span> <span class='ocrx_word' id='word_1_254' title='bbox 819 3155 983 3221; x_wconf 88' lang='lat' dir='ltr'>redierunt.</span> <span class='ocrx_word' id='word_1_255' title='bbox 1006 3149 1121 3216; x_wconf 87' lang='lat' dir='ltr'>Eodem</span> <span class='ocrx_word' id='word_1_256' title='bbox 1133 3160 1271 3234; x_wconf 89' lang='lat' dir='ltr'>tempore</span> 
     </span>
     <span class='ocr_line' id='line_1_30' title="bbox 148 3253 1270 3344; baseline -0.003 -25"><span class='ocrx_word' id='word_1_257' title='bbox 148 3254 264 3337; x_wconf 87' lang='lat' dir='ltr'>equites</span> <span class='ocrx_word' id='word_1_258' title='bbox 279 3256 316 3319; x_wconf 92' lang='lat' dir='ltr'>ab</span> <span class='ocrx_word' id='word_1_259' title='bbox 333 3259 456 3323; x_wconf 88' lang='lat' dir='ltr'>sinistro</span> <span class='ocrx_word' id='word_1_260' title='bbox 464 3258 587 3342; x_wconf 89' lang='lat' dir='ltr'>Pompei</span> <span class='ocrx_word' id='word_1_261' title='bbox 602 3279 708 3335; x_wconf 87' lang='lat' dir='ltr'>cornu,</span> <span class='ocrx_word' id='word_1_262' title='bbox 722 3270 755 3322; x_wconf 93' lang='lat' dir='ltr'>ut</span> <span class='ocrx_word' id='word_1_263' title='bbox 770 3270 836 3324; x_wconf 87' lang='lat' dir='ltr'>erat</span> <span class='ocrx_word' id='word_1_264' title='bbox 850 3260 1036 3344; x_wconf 89' lang='lat' dir='ltr'>imperatum,</span> <span class='ocrx_word' id='word_1_265' title='bbox 1049 3253 1182 3318; x_wconf 90' lang='lat' dir='ltr'>uniuersi</span> <span class='ocrx_word' id='word_1_266' title='bbox 1197 3274 1270 3336; x_wconf 86' lang='lat' dir='ltr'>pro·</span> 
     </span>
     <span class='ocr_line' id='line_1_31' title="bbox 148 3357 1326 3446; baseline -0.001 -26"><span class='ocrx_word' id='word_1_267' title='bbox 148 3369 364 3436; x_wconf 87' lang='lat' dir='ltr'>cucurrerunt,</span> <span class='ocrx_word' id='word_1_268' title='bbox 388 3362 542 3444; x_wconf 89' lang='lat' dir='ltr'>omnisque</span> <span class='ocrx_word' id='word_1_269' title='bbox 557 3360 712 3424; x_wconf 90' lang='lat' dir='ltr'>multitudo</span> <span class='ocrx_word' id='word_1_270' title='bbox 728 3363 954 3446; x_wconf 83' lang='lat' dir='ltr'>sagittariorum</span> <span class='ocrx_word' id='word_1_271' title='bbox 969 3380 1003 3425; x_wconf 87' lang='lat' dir='ltr'>se</span> <span class='ocrx_word' id='word_1_272' title='bbox 1019 3357 1168 3444; x_wconf 82' lang='lat' dir='ltr'>proludit3</span> <span class='ocrx_word' id='word_1_273' title='bbox 1193 3377 1270 3439; x_wconf 87' lang='lat' dir='ltr'>quo·</span> <span class='ocrx_word' id='word_1_274' title='bbox 1292 3365 1326 3420; x_wconf 77' lang='lat' dir='ltr'>st</span> 
     </span>
     <span class='ocr_line' id='line_1_32' title="bbox 149 3460 1270 3548; baseline -0.001 -26"><span class='ocrx_word' id='word_1_275' title='bbox 149 3480 215 3522; x_wconf 89' lang='lat' dir='ltr'>rum</span> <span class='ocrx_word' id='word_1_276' title='bbox 230 3460 370 3543; x_wconf 78' lang='lat' dir='ltr'>impetunt</span> <span class='ocrx_word' id='word_1_277' title='bbox 390 3472 493 3526; x_wconf 89' lang='lat' dir='ltr'>noster</span> <span class='ocrx_word' id='word_1_278' title='bbox 509 3463 657 3546; x_wconf 89' lang='lat' dir='ltr'>equitatus</span> <span class='ocrx_word' id='word_1_279' title='bbox 673 3485 734 3528; x_wconf 94' lang='lat' dir='ltr'>non</span> <span class='ocrx_word' id='word_1_280' title='bbox 750 3466 839 3542; x_wconf 92' lang='lat' dir='ltr'>tulit,</span> <span class='ocrx_word' id='word_1_281' title='bbox 862 3466 916 3528; x_wconf 90' lang='lat' dir='ltr'>sed</span> <span class='ocrx_word' id='word_1_282' title='bbox 931 3461 1070 3548; x_wconf 88' lang='lat' dir='ltr'>paulatim</span> <span class='ocrx_word' id='word_1_283' title='bbox 1087 3461 1152 3523; x_wconf 90' lang='lat' dir='ltr'>loco</span> <span class='ocrx_word' id='word_1_284' title='bbox 1168 3469 1270 3522; x_wconf 88' lang='lat' dir='ltr'>motos</span> 
     </span>
    </p>
   </div>
   <div class='ocr_carea' id='block_1_4' title="bbox 143 3587 1274 4349">
    <p class='ocr_par' dir='ltr' id='par_1_9' title="bbox 143 3587 1274 4349">
     <span class='ocr_line' id='line_1_33' title="bbox 257 3587 1269 3659; baseline -0.001 -21"><span class='ocrx_word' id='word_1_285' title='bbox 257 3588 373 3655; x_wconf 90' lang='lat' dir='ltr'>linquid</span> <span class='ocrx_word' id='word_1_286' title='bbox 387 3606 412 3639; x_wconf 88' lang='lat' dir='ltr'>o.</span> <span class='ocrx_word' id='word_1_287' title='bbox 520 3593 707 3659; x_wconf 81' lang='lat' dir='ltr'>butriaqueo.</span> <span class='ocrx_word' id='word_1_288' title='bbox 812 3591 967 3658; x_wconf 85' lang='lat' dir='ltr'>but]ncd.</span> <span class='ocrx_word' id='word_1_289' title='bbox 1086 3587 1269 3652; x_wconf 83' lang='lat' dir='ltr'>ldleuiuaque</span> 
     </span>
     <span class='ocr_line' id='line_1_34' title="bbox 148 3664 1268 3736; baseline -0.006 -17"><span class='ocrx_word' id='word_1_290' title='bbox 148 3667 210 3733; x_wconf 77' lang='lat' dir='ltr'>(a)?</span> <span class='ocrx_word' id='word_1_291' title='bbox 314 3669 341 3722; x_wconf 91' lang='lat' dir='ltr'>ll</span> <span class='ocrx_word' id='word_1_292' title='bbox 359 3669 427 3736; x_wconf 90' lang='lat' dir='ltr'>pilas</span> <span class='ocrx_word' id='word_1_293' title='bbox 440 3672 549 3736; x_wconf 88' lang='lat' dir='ltr'>parebut</span> <span class='ocrx_word' id='word_1_294' title='bbox 561 3686 588 3721; x_wconf 90' lang='lat' dir='ltr'>o.</span> <span class='ocrx_word' id='word_1_295' title='bbox 695 3669 810 3719; x_wconf 81' lang='lat' dir='ltr'>inmissis</span> <span class='ocrx_word' id='word_1_296' title='bbox 822 3686 849 3720; x_wconf 85' lang='lat' dir='ltr'>a.</span> <span class='ocrx_word' id='word_1_297' title='bbox 974 3670 1006 3724; x_wconf 84' lang='grc'>12</span> <span class='ocrx_word' id='word_1_298' title='bbox 1017 3664 1228 3716; x_wconf 82' lang='lat' dir='ltr'>occucurriasent</span> <span class='ocrx_word' id='word_1_299' title='bbox 1239 3679 1268 3727; x_wconf 82' lang='lat' dir='ltr'>a,</span> 
     </span>
     <span class='ocr_line' id='line_1_35' title="bbox 147 3743 1271 3809; baseline -0.004 -12"><span class='ocrx_word' id='word_1_300' title='bbox 147 3748 323 3800; x_wconf 87' lang='lat' dir='ltr'>occurrissent</span> <span class='ocrx_word' id='word_1_301' title='bbox 336 3748 396 3799; x_wconf 85' lang='lat' dir='ltr'>edd.</span> <span class='ocrx_word' id='word_1_302' title='bbox 522 3749 552 3800; x_wconf 74' lang='lat' dir='ltr'>li</span> <span class='ocrx_word' id='word_1_303' title='bbox 567 3749 781 3799; x_wconf 80' lang='lat' dir='ltr'>exanimarentur</span> <span class='ocrx_word' id='word_1_304' title='bbox 792 3748 889 3809; x_wconf 82' lang='lat' dir='ltr'>Aldus,</span> <span class='ocrx_word' id='word_1_305' title='bbox 904 3747 1118 3798; x_wconf 81' lang='lat' dir='ltr'>existimarentur</span> <span class='ocrx_word' id='word_1_306' title='bbox 1130 3743 1171 3793; x_wconf 84' lang='lat' dir='ltr'>ab</span> <span class='ocrx_word' id='word_1_307' title='bbox 1184 3747 1211 3792; x_wconf 82' lang='lat' dir='ltr'>et</span> <span class='ocrx_word' id='word_1_308' title='bbox 1222 3757 1271 3793; x_wconf 81' lang='lat' dir='ltr'>sss·</span> 
     </span>
     <span class='ocr_line' id='line_1_36' title="bbox 143 3820 1273 3890; baseline -0.002 -18"><span class='ocrx_word' id='word_1_309' title='bbox 143 3829 302 3889; x_wconf 73' lang='lat' dir='ltr'>proscripto</span> <span class='ocrx_word' id='word_1_310' title='bbox 317 3833 505 3876; x_wconf 85' lang='lat' dir='ltr'>exaestuarent</span> <span class='ocrx_word' id='word_1_311' title='bbox 517 3842 540 3875; x_wconf 88' lang='lat' dir='ltr'>e.</span> <span class='ocrx_word' id='word_1_312' title='bbox 645 3830 710 3876; x_wconf 83' lang='lat' dir='ltr'>autc</span> <span class='ocrx_word' id='word_1_313' title='bbox 722 3832 749 3875; x_wconf 89' lang='lat' dir='ltr'>et</span> <span class='ocrx_word' id='word_1_314' title='bbox 760 3824 825 3875; x_wconf 82' lang='lat' dir='ltr'>add.</span> <span class='ocrx_word' id='word_1_315' title='bbox 841 3825 908 3890; x_wconf 89' lang='lat' dir='ltr'>quod</span> <span class='ocrx_word' id='word_1_316' title='bbox 921 3825 971 3874; x_wconf 84' lang='lat' dir='ltr'>ub.</span> <span class='ocrx_word' id='word_1_317' title='bbox 1088 3821 1120 3871; x_wconf 85' lang='lat' dir='ltr'>tt</span> <span class='ocrx_word' id='word_1_318' title='bbox 1133 3820 1273 3871; x_wconf 86' lang='lat' dir='ltr'>uideretur</span> 
     </span>
     <span class='ocr_line' id='line_1_37' title="bbox 147 3896 1273 3969; baseline 0.002 -22"><span class='ocrx_word' id='word_1_319' title='bbox 147 3914 163 3947; x_wconf 90' lang='lat' dir='ltr'>o</span> <span class='ocrx_word' id='word_1_320' title='bbox 173 3900 197 3948; x_wconf 87' lang='lat' dir='ltr'>b.</span> <span class='ocrx_word' id='word_1_321' title='bbox 323 3901 352 3951; x_wconf 86' lang='lat' dir='ltr'>ll</span> <span class='ocrx_word' id='word_1_322' title='bbox 367 3902 529 3968; x_wconf 84' lang='lat' dir='ltr'>inperatores</span> <span class='ocrx_word' id='word_1_323' title='bbox 542 3918 569 3952; x_wconf 82' lang='lat' dir='ltr'>a.</span> <span class='ocrx_word' id='word_1_324' title='bbox 703 3902 736 3953; x_wconf 83' lang='grc'>20</span> <span class='ocrx_word' id='word_1_325' title='bbox 748 3902 978 3969; x_wconf 82' lang='lat' dir='ltr'>procucurrissent</span> <span class='ocrx_word' id='word_1_326' title='bbox 990 3897 1061 3965; x_wconf 85' lang='lat' dir='ltr'>(a)e,</span> <span class='ocrx_word' id='word_1_327' title='bbox 1077 3896 1273 3964; x_wconf 80' lang='lat' dir='ltr'>procerrisaant</span> 
     </span>
     <span class='ocr_line' id='line_1_38' title="bbox 150 3974 1160 4044; baseline -0.001 -20"><span class='ocrx_word' id='word_1_328' title='bbox 150 3975 213 4025; x_wconf 79' lang='lat' dir='ltr'>‘olis&#39;</span> <span class='ocrx_word' id='word_1_329' title='bbox 220 3974 236 4023; x_wconf 65' lang='lat'>².</span> <span class='ocrx_word' id='word_1_330' title='bbox 357 3979 469 4027; x_wconf 87' lang='lat' dir='ltr'>animum</span> <span class='ocrx_word' id='word_1_331' title='bbox 482 3978 659 4029; x_wconf 83' lang='lat' dir='ltr'>aduertiasent</span> <span class='ocrx_word' id='word_1_332' title='bbox 672 3992 698 4027; x_wconf 90' lang='lat' dir='ltr'>o.</span> <span class='ocrx_word' id='word_1_333' title='bbox 836 3979 869 4034; x_wconf 78' lang='grc'>23</span> <span class='ocrx_word' id='word_1_334' title='bbox 883 3977 1120 4044; x_wconf 86' lang='lat' dir='ltr'>adpropinquarent</span> <span class='ocrx_word' id='word_1_335' title='bbox 1132 3990 1160 4024; x_wconf 87' lang='lat' dir='ltr'>o.</span> 
     </span>
     <span class='ocr_line' id='line_1_39' title="bbox 147 4048 1272 4116; baseline -0.005 -10"><span class='ocrx_word' id='word_1_336' title='bbox 147 4053 180 4106; x_wconf 68' lang='lat' dir='ltr'>ll</span> <span class='ocrx_word' id='word_1_337' title='bbox 194 4048 257 4116; x_wconf 69' lang='lat' dir='ltr'>tiit]</span> <span class='ocrx_word' id='word_1_338' title='bbox 273 4049 325 4099; x_wconf 71' lang='lat' dir='ltr'>itit</span> <span class='ocrx_word' id='word_1_339' title='bbox 341 4050 365 4099; x_wconf 70' lang='lat' dir='ltr'>l·</span> <span class='ocrx_word' id='word_1_340' title='bbox 487 4054 520 4105; x_wconf 71' lang='grc'>22</span> <span class='ocrx_word' id='word_1_341' title='bbox 534 4053 674 4103; x_wconf 81' lang='lat' dir='ltr'>doluerant</span> <span class='ocrx_word' id='word_1_342' title='bbox 685 4069 702 4103; x_wconf 88' lang='lat' dir='ltr'>o</span> <span class='ocrx_word' id='word_1_343' title='bbox 712 4054 737 4104; x_wconf 90' lang='lat' dir='ltr'>b.</span> <span class='ocrx_word' id='word_1_344' title='bbox 866 4054 900 4107; x_wconf 85' lang='grc'>28</span> <span class='ocrx_word' id='word_1_345' title='bbox 911 4056 1103 4104; x_wconf 83' lang='lat' dir='ltr'>conseruerunt</span> <span class='ocrx_word' id='word_1_346' title='bbox 1114 4065 1131 4100; x_wconf 83' lang='lat' dir='ltr'>u</span> <span class='ocrx_word' id='word_1_347' title='bbox 1146 4052 1220 4100; x_wconf 64' lang='lat' dir='ltr'>‘msa</span> <span class='ocrx_word' id='word_1_348' title='bbox 1235 4050 1272 4115; x_wconf 79' lang='lat'>3&#39;,</span> 
     </span>
     <span class='ocr_line' id='line_1_40' title="bbox 147 4130 1274 4198; baseline -0.004 -14"><span class='ocrx_word' id='word_1_349' title='bbox 147 4134 411 4178; x_wconf 85' lang='lat' dir='ltr'>conserunuernntu.</span> <span class='ocrx_word' id='word_1_350' title='bbox 514 4131 770 4197; x_wconf 63' lang='lat' dir='ltr'>adequitasset.</span> <span class='ocrx_word' id='word_1_351' title='bbox 877 4130 981 4198; x_wconf 84' lang='lat' dir='ltr'>Pompei</span> <span class='ocrx_word' id='word_1_352' title='bbox 997 4147 1023 4182; x_wconf 87' lang='lat' dir='ltr'>a.</span> <span class='ocrx_word' id='word_1_353' title='bbox 1130 4145 1274 4195; x_wconf 85' lang='lat' dir='ltr'>procucur-</span> 
     </span>
     <span class='ocr_line' id='line_1_41' title="bbox 148 4203 1274 4273; baseline 0.002 -17"><span class='ocrx_word' id='word_1_354' title='bbox 148 4210 239 4256; x_wconf 87' lang='lat' dir='ltr'>rerunt</span> <span class='ocrx_word' id='word_1_355' title='bbox 253 4203 324 4268; x_wconf 88' lang='lat' dir='ltr'>(o)e,</span> <span class='ocrx_word' id='word_1_356' title='bbox 340 4218 457 4271; x_wconf 80' lang='lat' dir='ltr'>procuro.</span> <span class='ocrx_word' id='word_1_357' title='bbox 475 4205 561 4257; x_wconf 62' lang='lat' dir='ltr'>‘utut</span> <span class='ocrx_word' id='word_1_358' title='bbox 679 4207 708 4258; x_wconf 84' lang='lat' dir='ltr'>st</span> <span class='ocrx_word' id='word_1_359' title='bbox 725 4208 847 4273; x_wconf 82' lang='lat' dir='ltr'>paulatim</span> <span class='ocrx_word' id='word_1_360' title='bbox 861 4224 931 4259; x_wconf 82' lang='lat' dir='ltr'>nnus</span> <span class='ocrx_word' id='word_1_361' title='bbox 944 4208 998 4259; x_wconf 86' lang='lat' dir='ltr'>det.</span> <span class='ocrx_word' id='word_1_362' title='bbox 1010 4226 1020 4270; x_wconf 80' lang='lat'>,-</span> <span class='ocrx_word' id='word_1_363' title='bbox 1033 4206 1110 4273; x_wconf 88' lang='lat' dir='ltr'>puolo</span> <span class='ocrx_word' id='word_1_364' title='bbox 1124 4207 1155 4257; x_wconf 89' lang='lat' dir='ltr'>de</span> <span class='ocrx_word' id='word_1_365' title='bbox 1169 4207 1194 4269; x_wconf 80' lang='lat' dir='ltr'>b,</span> <span class='ocrx_word' id='word_1_366' title='bbox 1210 4222 1274 4273; x_wconf 82' lang='lat' dir='ltr'>pan·</span> 
     </span>
     <span class='ocr_line' id='line_1_42' title="bbox 147 4283 442 4349; baseline -0.014 -13"><span class='ocrx_word' id='word_1_367' title='bbox 147 4287 198 4336; x_wconf 83' lang='lat' dir='ltr'>lusu</span> <span class='ocrx_word' id='word_1_368' title='bbox 212 4283 321 4349; x_wconf 79' lang='lat' dir='ltr'>reliqui.</span> <span class='ocrx_word' id='word_1_369' title='bbox 336 4284 366 4335; x_wconf 83' lang='lat' dir='ltr'>P.</span> <span class='ocrx_word' id='word_1_370' title='bbox 385 4283 442 4336; x_wconf 74' lang='grc'><strong>186.</strong></span> 
     </span>
    </p>
   </div>
   <div class='ocr_carea' id='block_1_5' title="bbox 0 0 1350 4688">
    <p class='ocr_par' dir='ltr' id='par_1_10' title="bbox 0 0 1350 4688">
     <span class='ocr_line' id='line_1_43' title="bbox 0 0 1350 4688; baseline 0 1"><span class='ocrx_word' id='word_1_371' title='bbox 0 0 1350 4688; x_wconf 95' lang='lat' dir='ltr'> </span> 
     </span>
    </p>
   </div>
  </div>
 </body>
</html>
