2692 4688
437 209 608 282 contu
628 210 725 283 CAP.
741 214 895 287 tlntt.
1220 213 1283 286 281

108 393 247 462 mentes,
270 348 444 470 summaque
457 385 599 453 alacritas
614 399 646 453 et
659 390 804 474 cupiditas
819 389 888 456 belli
902 388 1026 477 gerendi
1040 389 1143 454 innata
1159 398 1225 469 est,

110 487 309 573 princepsque
323 486 437 551 decima
453 489 532 574 legio
548 511 601 574 per
615 491 753 555 tribunos
768 492 892 557 militnm
901 495 929 558 ei
937 495 1050 578 gratim
1058 491 1132 578 egit,
1149 489 1227 575 quod
1240 486 1263 554 2

109 590 149 655 de
162 610 199 655 se
212 590 354 674 optimum
369 589 510 657 iudicium
525 592 660 670 fecisset,
683 613 776 677 seque
792 614 862 660 esse
877 597 916 662 ad
936 595 1044 660 bellum
1065 595 1229 678 gerendum

107 692 329 778 pantiasirnam
344 693 543 759 confirmauit.
580 690 698 759 Deinde
717 696 852 779 reliquae
871 697 1004 782 legiones
1020 718 1087 761 cum
1101 691 1265 760 cutum

73 810 90 860 t
111 794 240 861 militum
254 804 288 859 et
301 794 463 878 primorum
479 797 614 861 ordinum
630 797 857 863 centurionibus
872 810 1019 885 egerunt,
1042 799 1087 863 uti
1102 794 1231 862 Caesari

109 897 340 963 utislaoerents
366 917 401 963 se
415 918 514 986 neque
528 919 666 981 nmquam
682 900 834 966 dubitasse
855 921 952 985 neque
972 900 1110 965 timuisse
1132 917 1231 982 neque

109 1000 146 1066 de
160 1019 277 1064 summa
291 997 362 1063 belli
376 1019 462 1063 sunm
476 1000 633 1078 iudicium,
649 1001 704 1065 sed
717 1002 907 1087 imperatoris
916 1023 983 1068 esse
992 1002 1229 1067 existimauisse.

108 1099 227 1167 Eorum
241 1100 449 1165 satisfactione
463 1112 584 1186 accepte
604 1113 637 1166 et
654 1103 765 1168 itinere
786 1106 937 1188 exquisito
958 1127 1012 1190 per
1032 1098 1268 1182 Diuitiacun,l

109 1204 190 1288 quod
202 1224 241 1269 ex
255 1202 324 1268 aliis
338 1203 368 1267 ei
383 1203 544 1269 maximam
558 1205 646 1269 tidem
661 1203 804 1285 babebat,
828 1218 863 1270 nt
876 1209 990 1272 milium
1006 1208 1129 1293 amplius
1144 1206 1230 1289 quin·

55 1317 87 1370 to
109 1307 251 1390 quaginta
266 1305 393 1370 circuitu
408 1305 484 1370 locis
498 1307 611 1391 apertis
627 1308 793 1372 exercitum
804 1309 939 1387 duceret,
956 1307 1231 1394 dequartauigilia,

111 1419 146 1474 ut
159 1409 301 1487 dixern,
325 1409 478 1493 proiectus
492 1420 551 1473 est.
593 1405 728 1493 Septimo
744 1410 804 1489 die,
821 1412 962 1476 comiter
976 1433 1036 1475 uon
1050 1405 1267 1475 intermitteb
1287 1485 1288 1489 η

110 1521 171 1589 ret,
185 1510 226 1575 ab
239 1509 482 1594 exploratoribus
498 1511 611 1576 certior
624 1513 723 1578 faetus
738 1523 787 1577 est
798 1513 949 1579 Ariouisti
964 1515 1067 1599 copias
1084 1511 1232 1577 auostris

110 1614 232 1681 milibus
253 1634 395 1698 passum
417 1624 558 1698 quattuor
577 1625 609 1678 et
628 1625 681 1679 xx
694 1615 815 1680 abesse.
853 1613 985 1700 Cognito
1007 1612 1154 1681 Caesaris
1175 1614 1227 1679 ed·
1240 1609 1288 1684 48

111 1727 205 1783 ueutu
220 1716 394 1781 Ariouistus
408 1715 526 1800 legatos
540 1717 578 1781 ad
593 1737 659 1782 eum
674 1718 784 1782 mittite
813 1718 897 1801 quod·
914 1730 1004 1782 autea
1025 1719 1063 1782 de
1085 1716 1232 1800 colloquio

53 1832 86 1884 ts
109 1820 310 1905 pmtnlasset,
333 1816 364 1884 id
384 1838 440 1904 per
461 1840 495 1883 sa
509 1820 574 1884 lieri
596 1819 707 1900 licere,
736 1822 875 1904 quoniam
890 1820 1012 1905 propius
1028 1819 1231 1896 accessisset,

110 1943 206 2006 seque
219 1923 252 1986 id
264 1922 330 1987 sine
345 1921 477 2007 periculo
493 1922 593 1986 lacere
609 1943 698 2005 posse
712 1922 899 1986 existimare.
936 1921 970 1987 N
972 1945 1011 1986 ou
1030 1920 1145 2006 respuit
1159 1916 1269 1985 com-2

112 2025 266 2089 dicionem
279 2020 395 2089 Caesen
414 2025 532 2108 iamque
548 2045 614 2090 enm
637 2028 675 2091 ad
697 2023 856 2087 sanitatem
878 2025 995 2089 reuerti
1016 2023 1231 2102 arbitrabatur,

112 2147 184 2190 curn
197 2125 242 2203 id,
257 2126 333 2208 quod
346 2137 435 2191 antea
443 2129 756 2215 petentidenegasset‚
773 2128 853 2193 ultro
861 2128 1064 2210 polliceretur,
1080 2144 1233 2208 magnam·
1248 2120 1269 2186 3

111 2249 173 2312 quc
193 2227 228 2292 in
247 2248 330 2314 spera
351 2229 492 2295 ueniebat
513 2252 568 2314 pro
589 2233 654 2296 suis
674 2233 766 2296 tantis
788 2231 948 2315 populique
968 2227 1098 2292 llomani
1118 2226 1151 2288 in
1166 2246 1234 2289 eum

47 2345 86 2399 ω
109 2330 267 2396 beneficiis
287 2332 414 2418 cognitis
436 2333 499 2397 anis
522 2335 681 2418 postulatis
704 2336 780 2414 iore,
805 2335 848 2398 uti
865 2329 1029 2419 pertinacia
1058 2328 1230 2392 desisteret.

114 2431 191 2498 Dies
205 2433 364 2518 conloquio
378 2433 476 2499 dictus
491 2446 539 2499 est
553 2456 594 2498 ex
609 2456 646 2501 eo
661 2436 710 2501 die
725 2440 857 2520 quintus.
893 2432 1017 2498 Interim
1041 2450 1131 2515 saepe
1153 2425 1270 2493 ultrol

110 2536 248 2619 citroque
271 2556 339 2601 eum
360 2537 452 2620 legati
472 2537 553 2601 inter
575 2540 851 2616 remitterentur,
872 2537 1042 2602 Ariouistus
1057 2530 1232 2618 postulauit,

109 2658 150 2703 ue
164 2654 253 2722 quem
268 2638 398 2724 peditem
413 2637 450 2703 ad
466 2640 652 2723 conloquium
670 2639 786 2707 Caesar
801 2641 980 2704 adducerets
1004 2636 1106 2702 uereri
1125 2657 1172 2714 se,
1196 2654 1234 2698 ne

111 2763 167 2827 per
180 2741 308 2806 iusidias
322 2740 359 2805 ab
375 2760 412 2805 eo
428 2742 717 2809 circumueniretur=
734 2754 860 2825 uterque
877 2764 942 2806 cnm
953 2741 1085 2823 equitatu
1096 2739 1233 2802 neuiretr

46 2856 84 2909 25
106 2843 170 2909 alia
183 2845 302 2909 mtione
316 2864 387 2911 sese
401 2866 462 2909 non
478 2865 545 2910 essu
560 2857 731 2912 uenturum.
767 2842 899 2922 Caesar,
923 2843 1002 2927 quod
1021 2860 1117 2923 neque
1133 2832 1271 2901 conlo-b

109 2946 213 3030 quium
227 2947 406 3032 interposita
422 2968 513 3012 causa
529 2949 592 3012 tolli
607 2949 728 3013 uolebat
739 2948 971 3033 nequesalutem
982 2964 1066 3008 snam
1076 2939 1234 3005 Gallorum

110 3049 257 3134 equitatui
274 3051 458 3116 committere
474 3051 623 3132 audebat,
632 3052 902 3117 commodissimum
918 3069 987 3113 esse
1009 3045 1118 3110 statuit
1139 3040 1235 3106 omni·

108 3150 168 3215 bus
182 3150 268 3234 equis
284 3148 381 3216 Gallis
397 3153 546 3236 equitibus
561 3155 757 3221 detractis-eo
772 3152 953 3236 legionarios
976 3149 1084 3213 milites
1106 3143 1234 3230 legionis

110 3252 266 3332 decimae,
287 3254 335 3317 cui
358 3276 446 3339 quum
470 3257 601 3322 maxime
617 3257 802 3334 confidebat,
826 3255 982 3339 inponere,
1007 3261 1041 3316 ut
1054 3246 1233 3336 praesidinm

221 3437 309 3490 desse
322 3453 376 3490 om.
393 3440 425 3492 0.
529 3441 546 3493 l
559 3439 664 3512 deinde]
678 3440 787 3507 denique
802 3439 827 3490 b.
932 3453 989 3489 cum
1002 3433 1114 3487 tribunis
1127 3458 1160 3471 -·
1173 3445 1234 3482 eeu·

108 3512 260 3566 turlouibus
273 3516 300 3566 A
306 3514 371 3577 BE,
384 3531 434 3584 per
446 3515 564 3569 tribunos
575 3544 610 3556 -
623 3518 791 3570 centuriones
806 3518 828 3569 C
835 3519 848 3567 t
861 3512 903 3565 bd
911 3514 988 3580 esst
998 3528 1050 3563 sec.
1064 3526 1101 3563 m.
1112 3509 1145 3560 B.

109 3592 126 3642 b
138 3589 190 3658 uti]
203 3604 251 3657 per
262 3605 309 3641 eos
321 3591 385 3642 cdd.
397 3593 439 3644 C?
451 3591 492 3643 td
500 3594 538 3660 es
546 3599 573 3644 et
584 3610 637 3645 sec.
650 3610 688 3646 m.
702 3594 735 3644 B.
823 3592 838 3643 d
852 3590 892 3657 se]
913 3605 992 3656 seque
1006 3589 1030 3639 b.
1119 3602 1167 3638 nee
1180 3600 1234 3638 um·

109 3684 188 3743 quam
201 3668 431 3739 ABE(umquam
444 3670 746 3740 ADmounuqnum).
835 3667 1034 3720 lessconml.
1130 3662 1232 3716 tutot-

106 3749 209 3800 ciacum
220 3748 363 3813 m.pr.B.
432 3749 792 3804 bexaliiscicausisfldem
805 3747 979 3801 marimumb.
1068 3744 1100 3796 ld
1112 3750 1234 3810 quattuor

109 3826 404 3891 stxxB,rretxxn.
491 3829 633 3895 llantes.
723 3826 920 3896 ldeuistimurc¹
938 3821 1233 3887 numennumen

114 3905 191 3972 Bes.
304 3905 480 3959 condicionem
493 3907 526 3968 B,
545 3922 599 3957 non
612 3905 794 3957 conditionem.
916 3905 947 3961 2¹
968 3901 1102 3969 conloquio
1118 3901 1152 3954 B.

108 3996 189 4051 ηομ
201 3982 274 4033 ultro
286 3981 406 4048 citroque
418 3997 475 4032 cum
488 3983 574 4034 Anu
584 3984 659 4034 ‘msa
670 3979 814 4049 plsm'que',
827 3997 884 4033 cum
897 3996 976 4048 saepe
986 3980 1057 4032 ultro
1068 3978 1186 4050 citroque
1198 3991 1230 4028 rt:

105 4062 233 4128 tuscum
246 4061 328 4126 legati
336 4063 404 4128 post
413 4073 492 4126 saepe
502 4062 635 4124 pom'tur:
650 4075 727 4129 saepe
739 4065 790 4112 int.
800 4074 872 4110 nors.
882 4060 913 4119 C,
928 4074 981 4110 om.
997 4059 1021 4109 b.
1099 4056 1132 4111 tt
1146 4053 1234 4106 conlo·

110 4141 196 4206 quium
209 4140 243 4193 B·
342 4139 376 4194 2l
389 4137 509 4204 uterque]
522 4136 568 4188 sed
581 4145 692 4204 uterque
709 4138 733 4189 b.
821 4138 855 4190 25
869 4134 1130 4195 seseAE‘mss.8',
1144 4129 1232 4192 ΜΒ)

111 4218 267 4283 a‚om.bs.
372 4215 535 4283 conloquium
549 4217 582 4266 B.
675 4215 708 4267 27
722 4231 781 4267 esse
794 4231 848 4268 om.
861 4230 898 4265 m.
911 4228 958 4279 pr.
972 4214 997 4264 b.
1101 4206 1232 4274 28e0]in

111 4295 236 4347 mne.
342 4292 375 4346 29
388 4291 475 4361 quem]
490 4294 683 4361 quodAetm.
695 4309 740 4361 pr.
752 4295 785 4344 B.
889 4293 1014 4358 inponere
1027 4288 1111 4354 Any.
