2692 4688
67 190 132 261 bbi
491 186 550 255 llll
572 184 717 255 tutuo
741 185 878 256 ClVILl
918 212 921 219 ·

125 382 194 429 ease
210 357 413 425 arbitrabatur
427 379 514 442 quam
530 360 654 445 primum
670 360 777 446 oppido
792 360 882 445 potiri
898 359 1096 442 cohortesque
1112 361 1149 423 ad
1164 381 1199 426 se
1213 361 1246 425 iu

126 477 228 529 castra
243 462 412 540 traducere,
430 483 469 526 ne
483 484 542 546 qua
556 474 608 527 out
622 463 831 548 largitionibus
849 474 899 527 aut
915 461 1005 527 animi
1022 464 1248 529 confirmatione

127 576 179 632 aut
194 563 279 629 falsis
295 565 407 629 nuntiis
422 565 613 630 commutatio
628 567 714 631 lieret
729 566 903 643 uoluntatis,
924 565 1000 647 quod
1016 586 1106 649 saepe
1121 565 1152 628 iu
1168 565 1247 631 bello

89 668 226 754 2paruis
241 667 399 731 momentis
415 666 514 752 magni
529 689 618 733 casus
632 668 868 745 intercederent,
886 678 985 731 tamen
1001 669 1128 745 ueritus,
1145 687 1183 731 ue
1193 669 1248 732 mi·

126 772 211 842 litum
226 769 353 834 introitu
376 770 567 833 etuocturni
591 771 734 854 temporis
752 771 874 835 licentia
896 770 1033 853 oppidum
1050 770 1242 854 diriperetur,
1266 785 1282 835 a

127 894 194 953 eos,
211 871 262 956 qui
278 882 436 949 uenerant,
453 872 603 937 collaudat
617 881 706 955 atque
721 872 751 936 iu
768 873 906 956 oppidum
922 872 1055 949 dimittit,
1072 884 1172 955 portas
1183 896 1248 937 mu·

89 974 235 1059 irasque
249 974 406 1039 adseruari
420 974 517 1051 iubet,
544 970 613 1056 lpse
629 974 667 1038 iis
682 974 834 1059 operibus,
852 996 929 1059 quae
946 976 1044 1040 lacere
1059 976 1245 1054 instituerat,

126 1078 235 1147 milites
250 1076 382 1161 disponit
397 1097 456 1141 uon
473 1077 564 1141 certis
579 1077 683 1160 spatiis
698 1077 897 1155 intermissis,
921 1087 954 1141 ut
976 1089 1043 1143 erat
1056 1079 1246 1164 superiorum

96 1210 109 1259 ·;
127 1180 462 1261 dierumoonsuetudo,
480 1179 533 1243 sed
549 1180 700 1263 perpetuis
716 1180 829 1264 uigiliis
844 1180 1099 1262 stationibusque,
1127 1191 1160 1245 ut
1175 1202 1247 1246 eon·

91 1283 245 1369 dtiugant
260 1283 340 1347 inter
355 1303 389 1346 sc
403 1292 494 1365 atque
509 1303 626 1347 omnem
642 1283 836 1347 munitionem
852 1282 1010 1365 expleaot3
1037 1282 1171 1345 tribunos
1194 1284 1248 1347 mi·
1272 1295 1303 1347 11

126 1385 210 1450 litum
226 1396 258 1449 et
272 1386 440 1468 praelectus
451 1385 655 1449 circummittit
668 1394 757 1465 atque
773 1384 922 1459 bortatur,
939 1404 998 1446 nou
1014 1383 1108 1445 solum
1126 1384 1161 1447 ab
1178 1405 1247 1449 eru·

127 1486 277 1572 ptionibus
292 1496 439 1562 caueant,
456 1486 510 1549 sed
527 1486 615 1549 etiam
629 1485 814 1567 singulorum
831 1484 982 1546 homiuum
999 1485 1131 1549 occultos
1147 1488 1248 1551 esitus

92 1588 300 1653 badseruent.
339 1585 448 1667 Neque
465 1607 537 1649 uero
552 1596 612 1648 tam
628 1585 754 1649 remisso
769 1607 805 1647 ue
820 1584 960 1668 languido
977 1585 1074 1649 animo
1091 1588 1246 1669 quisquam

91 1687 260 1755 bomuium
277 1687 344 1766 luit,
362 1688 412 1772 qui
427 1707 463 1751 ea
478 1697 565 1750 noete
581 1685 798 1768 conquieuerit.
822 1683 922 1750 'lauta
934 1698 1246 1754 eratsummaererum

129 1791 320 1876 expectatio,
344 1802 376 1855 ut
397 1791 474 1856 alius
496 1790 527 1853 iu
542 1789 630 1853 aliam
646 1799 761 1872 partem
777 1800 876 1853 mente
891 1800 980 1872 atque
995 1791 1095 1855 auimo
1111 1791 1247 1857 trabere·
1275 1807 1306 1859 ts

129 1906 200 1968 tur,
217 1893 286 1977 quid
301 1893 376 1977 ipsis
391 1888 650 1968 Corfiniensibus,
667 1892 734 1973 quid
750 1890 903 1969 Domitio,
919 1893 988 1975 quid
1005 1890 1153 1973 Lentulo,
1178 1896 1246 1977 quid

71 1996 113 2067 22
126 1995 250 2078 reliquis
265 1995 436 2071 accideret,
462 1994 511 2077 qui
527 2014 661 2077 quosque
676 2005 802 2058 euentus
818 1995 1004 2078 exciperent.
1037 1993 1155 2078 Quarta
1172 1997 1248 2080 uigi-

127 2097 168 2163 lia
183 2096 306 2161 circiter
328 2094 478 2163 Lentulus
492 2093 637 2181 Spinther
651 2097 687 2161 de
710 2118 793 2160 muro
808 2119 875 2161 cum
891 2098 1003 2181 uigiliis
1019 2100 1248 2182 custodibusque

128 2200 445 2283 uostnscolloqnitur:
462 2200 553 2279 uelle,
570 2200 596 2263 si
612 2199 881 2284 sibiliatpotestas,
899 2197 1062 2266 Caesarem
1071 2203 1245 2265 conuenire.

92 2301 223 2371 2Facta
238 2313 387 2388 potestate
402 2323 441 2367 ex
458 2302 569 2388 oppido.
578 2302 726 2382 mittitur,
750 2323 846 2385 neque
867 2303 904 2366 ab
927 2324 963 2367 eo
988 2304 1069 2388 prius
1087 2302 1249 2369 Domitiani
1271 2312 1305 2369 21

93 2405 239 2472 debilites
255 2405 430 2481 discedunt,
446 2426 534 2487 quam
550 2404 786 2489 inconspectum
803 2400 947 2470 Caesaris
964 2407 1137 2470 deducatur.
1171 2403 1248 2470 Cum

107 2542 110 2549 ·
129 2528 167 2573 eu
181 2508 219 2570 de
235 2507 333 2570 salute
347 2526 402 2569 sua
417 2508 506 2590 agit,
531 2515 600 2571 erat
613 2516 703 2593 atque
719 2506 875 2585 obsecrat,
899 2520 931 2572 ut
946 2510 1002 2573 sibi
1019 2520 1141 2594 pareat,
1165 2520 1247 2572 uete-

127 2628 251 2692 remque
265 2607 429 2671 amicitiam
441 2620 655 2672 commemorat
670 2606 872 2694 Caesarisque
892 2612 926 2675 iu
945 2633 980 2676 se
999 2610 1140 2676 beneficia
1155 2630 1248 2692 expro-

94 2711 194 2790 lnit3
219 2730 295 2794 quae
317 2720 405 2774 eraut
426 2710 576 2775 maxima:
601 2712 680 2794 quod
701 2733 754 2796 per
769 2734 835 2778 eum
859 2713 889 2778 iu
906 2714 1061 2797 collegium
1077 2713 1247 2796 pontificum

127 2823 272 2889 muerat,
297 2812 374 2896 quod
390 2812 573 2896 prouinciam
588 2811 762 2899 Hispaniam
779 2836 819 2880 err
836 2827 973 2898 praetura
990 2815 1153 2891 babuerat,
1170 2815 1248 2897 quod
1270 2826 1305 2877 15

93 2916 159 2983 tiu
174 2916 319 3002 petitione
341 2915 513 2979 consulatus
536 2926 603 2979 erat
616 2917 801 2981 subleuatus.
834 2915 929 2982 Cuius
950 2918 1116 2981 orationem
1132 2915 1249 2980 Caesar

127 3020 316 3103 interpellat:
333 3040 367 3083 se
383 3040 442 3081 uon
458 3018 594 3083 maleficii
610 3040 701 3083 eausa
716 3040 757 3083 ex
772 3021 923 3104 prouincia
940 3041 1113 3102 egressum,
1136 3020 1188 3083 sed
1205 3020 1248 3083 uti

128 3140 194 3187 sua
211 3121 398 3186 contumeliis
413 3121 600 3184 inimieorum
616 3121 800 3201 detenderet,
820 3134 852 3186 ut
867 3122 1111 3206 tribunusplebis
1126 3122 1157 3184 iu
1172 3142 1249 3186 ears

128 3242 169 3287 ex
184 3223 307 3286 ciuitate
323 3224 465 3307 expulsos
481 3223 612 3287 insuam
628 3224 802 3306 dignitatem
818 3227 1004 3303 restitueret,
1022 3234 1055 3287 ut
1069 3245 1103 3288 se
1112 3234 1144 3287 et
1158 3245 1249 3308 popu-

128 3324 188 3389 lum
204 3323 375 3389 Romanum
399 3325 527 3389 faotione
549 3347 709 3409 paucorum
734 3348 907 3412 oppressum
923 3328 953 3391 iu
971 3328 1139 3391 libertatem
1154 3327 1250 3389 uindi·
1272 3335 1307 3386 ³⁰

92 3424 224 3497 bearet.
250 3423 345 3491 Cuius
362 3427 498 3491 oratione
514 3426 874 3508 eoniirmatusLeutulus,
893 3441 924 3494 ut
940 3430 970 3493 in
986 3430 1125 3515 oppidum
1136 3428 1250 3494 reuerti

237 3650 494 3703 lintarciderentb.
601 3652 806 3706 ladseruaric.
913 3656 991 3705 laiac.
1115 3649 1197 3716 liet]
1211 3657 1250 3701 at-

129 3743 178 3796 que
191 3729 216 3781 b.
325 3730 356 3783 1³
369 3731 509 3783 adseruent
521 3747 548 3783 a.
670 3731 1014 3798 ueroFai'rnur‚eorodd.
1138 3729 1251 3781 lirum·

128 3821 185 3859 mae
199 3808 320 3874 Lipsius,
335 3825 433 3861 summa
447 3810 525 3862 codd.
632 3811 662 3863 li
676 3812 823 3878 expectatio
836 3827 862 3862 n.
988 3808 1019 3862 ll
1032 3806 1185 3873 exciperent
1199 3807 1249 3869 be,

128 3887 252 3953 exciperet
263 3903 290 3937 a.
439 3890 545 3939 circitor
557 3888 649 3951 uigilia
663 3890 716 3940 bu.
868 3888 899 3941 21
915 3892 1055 3953 conspectu
1068 3900 1085 3935 u
1095 3886 1109 3935 b
1118 3901 1141 3934 c.

128 3963 163 4017 22
175 3964 231 4027 agit
245 3962 293 4014 rt.
307 3963 457 4028 Bentleius,
472 3979 524 4015 om.
539 3965 617 4015 redd.
631 3964 663 4015 Ρ.
679 3964 739 4017 ltu.
889 3971 920 4015 ut
931 3964 981 4016 sibi
993 3980 1010 4014 a
1023 3961 1084 4013 add.
1099 3967 1161 4013 uota
1173 3961 1251 4023 Atd,

129 4041 179 4094 sibl
193 4047 222 4091 ut
234 4040 321 4092 Aldus
333 4056 360 4091 aa.
482 4042 515 4096 25
530 4042 687 4111 llyspaniam
700 4059 727 4093 a.
863 4057 895 4093 aa
909 4042 1077 4108 praelectura
1088 4056 1106 4091 c
1117 4042 1141 4089 b.

128 4121 162 4175 2b
174 4118 304 4187 peticione
317 4132 344 4167 a.
448 4125 505 4171 erat
518 4121 566 4183 ab,
580 4121 612 4170 ab
626 4136 656 4171 eo
671 4126 728 4172 erat
740 4135 768 4171 u.
874 4117 1040 4184 subleuatas]
1054 4117 1209 4168 sublimatus
1224 4118 1249 4165 b.

237 4199 270 4253 28
284 4197 310 4250 la
322 4214 354 4252 aa
367 4214 396 4252 rc
408 4199 478 4263 abe,
495 4214 525 4250 ea
539 4214 567 4252 ra
581 4215 608 4251 u.
744 4198 777 4251 tt
791 4196 906 4250 laetiore
918 4211 1056 4265 nurerum
1069 4209 1097 4257 a,
1110 4208 1251 4261 paucorum

131 4279 246 4332 laedaae
259 4277 319 4329 add.
425 4276 456 4329 ³1
472 4277 509 4330 uti
523 4276 584 4343 (s)t
595 4280 624 4328 et
635 4290 697 4327 carr
709 4288 763 4327 ano
776 4273 831 4326 det.
845 4289 872 4325 a.
