2692 4688
534 164 680 235 CAPV'I'
697 165 848 235 16-18.
1249 168 1315 241 133

132 337 374 421 remigibusque,
397 347 428 401 et
450 338 656 422 deprimuntur
676 348 740 403 tres
762 338 875 403 nostris
888 335 1086 403 incolumibus
1100 341 1251 408 omnibus.

131 437 279 523 Reliquae
295 440 489 523 propinupram
504 441 604 523 lugam
620 439 656 503 ad
671 440 808 524 oppidum
823 440 961 524 capiuntq
974 460 1046 523 quas
1055 452 1253 524 protexerunt
1266 443 1288 510 8

132 562 173 607 cx
197 541 326 605 molibus
346 553 436 627 atqm
458 541 602 605 aediliciis
623 541 837 606 inminentibus
852 553 882 607 ct
896 553 1018 607 nostros
1033 544 1116 609 adire
1131 547 1251 629 propius

130 644 361 729 prohibuerunt.
394 640 460 706 lloc
482 663 520 706 ne
542 643 601 707 sibi
623 644 743 727 saepius
757 644 895 709 accidere
909 654 1023 730 posset,
1041 646 1122 709 omni
1135 647 1254 711 ratione
1267 648 1308 718 17

94 758 110 809 t
134 743 254 810 Caesar
268 746 503 809 contendendum
520 746 725 825 existimauit,
748 756 783 811 ut
796 747 924 812 insulam
938 745 1105 829 molemque
1119 748 1156 812 ad
1169 748 1269 813 insu--

128 849 190 912 lam
222 848 421 934 pertinentem
442 847 474 911 in
496 866 581 911 suam
601 849 754 932 redigeret
775 858 966 933 potestatem.
1003 845 1152 913 Persectis
1173 849 1289 916 enim2

128 970 237 1033 magna
255 970 297 1012 ex
313 959 397 1033 parte
412 950 626 1015 munitionibus
642 951 672 1014 in
689 951 795 1035 oppido
810 951 900 1015 ctiam
915 952 968 1016 illa
982 951 1086 1017 urbem
1102 973 1162 1016 uno
1179 962 1253 1017 tem·

130 1073 203 1137 porc
233 1052 371 1136 temptari
400 1072 489 1135 posse
520 1052 700 1117 confidebat.
745 1048 814 1134 Quo
844 1064 930 1137 capto
961 1055 1087 1119 consilio
1111 1054 1251 1119 cobortes
1266 1053 1287 1120 b

129 1164 157 1218 x
176 1164 209 1219 ct
229 1154 306 1218 leuis
328 1163 499 1217 armaturae
523 1154 635 1219 electos
656 1175 793 1241 quosque
813 1155 938 1222 idoncos
958 1176 1000 1221 ex
1014 1156 1163 1240 equitibus
1178 1153 1252 1221 Gal·

78 1267 107 1320 tu
129 1255 166 1321 lis
188 1255 391 1321 arbitrabatur
414 1256 446 1320 in
470 1257 592 1339 nauigia
612 1257 728 1321 minora
753 1257 938 1343 scapbasque
961 1258 1098 1343 inponit3
1124 1257 1249 1323 alteram

129 1359 245 1423 imolae
261 1370 374 1443 partem
391 1359 578 1424 distinendae
594 1381 698 1425 manus
715 1381 808 1425 causa
823 1360 986 1426 constratis
1001 1361 1129 1425 nauibus
1145 1360 1252 1444 adgre-

130 1460 211 1525 ditur
224 1462 362 1546 pracmiis
376 1462 494 1546 magnis
509 1463 686 1547 propositis,
702 1465 752 1546 qui
769 1463 882 1549 primns
896 1463 1022 1528 insulam
1039 1462 1179 1547 cepisset.
1204 1460 1288 1526 Act

129 1563 255 1648 primum
274 1565 415 1649 impetum
430 1573 600 1628 nostrorum
616 1566 728 1649 pariter
741 1566 961 1632 sustinuerunt.
993 1564 1064 1630 Vno
1079 1565 1158 1629 enim
1175 1575 1250 1630 tena-

128 1686 202 1749 pore
216 1678 247 1732 et
260 1686 301 1731 ex
317 1667 406 1731 tectis
420 1667 622 1731 aedificiorum
638 1668 864 1754 propugnabant
876 1678 908 1731 ct
921 1667 1011 1732 litora
1025 1668 1133 1732 armati
1148 1667 1252 1733 delen·

78 1776 107 1829 ts
128 1766 256 1843 debant,
281 1789 339 1852 qno
354 1779 475 1854 propter
490 1768 682 1855 asperitatem
697 1770 754 1834 loci
770 1792 833 1834 non
847 1769 942 1834 facilis
958 1771 1071 1833 nostris
1085 1770 1184 1834 aditus
1200 1771 1251 1835 ds·

129 1868 234 1947 batur,
259 1880 292 1933 et
309 1869 428 1955 scaphis
449 1871 636 1954 nauibusque
651 1871 750 1956 longis
766 1873 894 1955 quinque
908 1870 1059 1936 mobiliter
1074 1881 1102 1934 et
1117 1871 1253 1936 scienter

128 1972 285 2055 angustias
308 1972 368 2035 loci
382 1973 554 2038 tuebantur.
588 1971 651 2038 Sed
665 1973 714 2037 ubi
730 1974 856 2057 primum
873 1972 946 2036 locis
961 1972 1092 2056 cognitis
1107 1973 1250 2056 uadisque
1265 1969 1285 2036 5

128 2073 333 2158 pertemptatis
353 2075 438 2159 pauci
459 2078 555 2140 nostri
571 2077 602 2139 in
618 2076 708 2139 litore
724 2075 926 2139 constiterunt
940 2084 1029 2157 atquo
1044 2075 1099 2139 bos
1113 2086 1183 2139 sunt
1199 2075 1251 2139 alii

128 2175 279 2241 subsecuti
295 2187 530 2262 constanterque
544 2179 575 2242 in
591 2197 656 2256 eos,
672 2177 720 2260 qui
735 2178 767 2240 in
782 2176 870 2239 litore
885 2196 981 2256 aequo
995 2176 1180 2251 institerant,
1195 2177 1250 2237 im-

78 2288 106 2341 tu
127 2289 228 2363 petum
243 2280 389 2358 lecerunt,
406 2301 511 2345 omnes
522 2277 663 2345 Pharitae
680 2291 764 2363 terga
779 2287 946 2341 uerterunt.
969 2274 1025 2340 llis
1041 2276 1134 2360 pulsis
1151 2273 1286 2340 custo-b

129 2381 197 2444 diac
218 2393 321 2466 portus
343 2382 444 2447 relicti
467 2403 560 2447 naues
582 2383 620 2447 ad
641 2383 731 2447 litora
746 2394 779 2446 et
793 2382 889 2445 uicum
905 2378 1089 2464 adplicarunt
1103 2397 1194 2461 seque
1210 2400 1251 2443 ex

128 2482 256 2549 nauibus
270 2484 308 2548 sd
322 2485 434 2550 tuenda
447 2486 582 2550 aedilicia
597 2487 762 2550 eiecerunt.
796 2482 904 2566 Neque
919 2504 992 2547 uero
1007 2481 1117 2547 diutius
1133 2500 1170 2547 ca
1184 2502 1249 2546 mu·
1264 2481 1307 2553 18

127 2583 240 2650 uitione
255 2607 288 2651 se
301 2588 455 2652 continere
468 2599 640 2672 potnerunt,
650 2588 707 2653 etsi
719 2598 784 2653 crat
794 2609 852 2651 non
862 2587 1006 2652 dissimile
1015 2597 1103 2670 atqua
1113 2583 1248 2651 Alexan·

127 2686 211 2753 dtisc
231 2710 328 2773 genus
344 2690 568 2768 aedificiorum,
594 2701 627 2754 ut
642 2690 758 2754 minora
772 2690 934 2753 maioribus
950 2691 1160 2766 conserantur,
1186 2699 1250 2752 tur·

78 2799 103 2852 tc
124 2810 234 2874 resque
256 2791 354 2856 editae
376 2803 408 2857 et
423 2793 601 2857 coniunctae
615 2792 694 2856 muri
708 2793 806 2856 locum
821 2790 1013 2874 optinebant,
1037 2809 1134 2870 neque
1150 2790 1248 2852 nostri

126 2902 178 2956 aut
197 2893 288 2957 scobs
311 2904 364 2958 aut
385 2894 517 2960 cratibus
539 2905 591 2960 aut
610 2894 733 2977 reliquis
755 2894 847 2958 rebus
870 2892 966 2977 parati
981 2900 1130 2955 uenerant
1143 2890 1181 2952 ud
1195 2911 1248 2972 op-

127 2997 329 3079 pugnandum.
360 2994 421 3061 Sed
437 3009 538 3062 terror
553 2997 721 3061 bominibus
738 3005 867 3059 mentem
883 2994 1098 3074 consiliumque
1114 2990 1203 3074 cripit
1218 2989 1283 3055 et2

126 3096 257 3161 membra
280 3098 432 3179 debilitat,
457 3112 490 3164 ut
512 3112 584 3164 tunc
599 3100 716 3165 accidit.
748 3096 807 3179 Qui
823 3119 857 3163 se
872 3098 904 3162 in
919 3116 1013 3179 aequo
1028 3097 1095 3159 loco
1109 3113 1145 3156 ao
1159 3093 1247 3178 plano
1261 3089 1281 3154 3

236 3304 246 3356 1
262 3305 434 3360 incolumibus
447 3325 507 3360 cum
520 3327 535 3361 n
548 3325 630 3375 super
641 3310 667 3362 lo
679 3325 707 3362 a.
882 3304 897 3355 3
911 3303 1095 3356 inminentibus
1108 3318 1135 3352 o.

125 3379 231 3432 latiam
245 3382 292 3435 illa
310 3385 400 3436 urbem
419 3401 485 3451 ego,-
505 3396 532 3439 at
550 3387 622 3439 illum
636 3388 724 3439 arbem
738 3402 769 3450 a,
792 3393 819 3436 et
835 3383 881 3434 illa
900 3383 926 3433 in
946 3383 1034 3433 urbem
1055 3381 1126 3431 bed.
1148 3378 1179 3429 P.
1196 3377 1244 3429 lau

125 3460 201 3507 castr.
322 3468 438 3530 tempora
452 3479 505 3513 om.
520 3480 547 3514 a.
676 3465 690 3515 ll
705 3477 819 3529 quosque
832 3460 953 3524 Lipsius,
968 3474 1032 3524 qnos
1046 3457 1122 3508 codd.
1137 3456 1168 3507 P.
1185 3455 1243 3506 llll.

234 3538 266 3590 10
279 3541 380 3607 inponit
392 3557 418 3591 a.
523 3543 631 3594 alterurn
644 3542 741 3604 Aldus,
756 3541 780 3590 in
795 3540 903 3590 alterurn
917 3539 967 3587 ab.
1075 3535 1246 3587 lldcstinen·

124 3613 173 3665 dac
186 3631 203 3666 a
217 3623 245 3667 ct
255 3621 297 3669 sic
308 3625 360 3670 cut
372 3621 528 3671 detinendae
545 3623 617 3672 ‘msa
632 3620 706 3685 qaid)
808 3616 964 3667 constructis
977 3630 1004 3664 u.
1127 3614 1247 3676 adgredi-

123 3701 206 3745 itra·
314 3699 346 3753 12
359 3700 597 3765 prsenaiisqucsb.
703 3692 1057 3762 lbprimnmob,primou.
1164 3691 1246 3740 llae-

124 3770 268 3823 dibciorum
281 3789 335 3825 om.
350 3776 375 3824 b.
487 3774 617 3825 littoreo.
742 3769 950 3834 lbscbapbisa.
1074 3763 1145 3815 tues
1159 3763 1189 3816 19
1204 3765 1246 3815 lit·

122 3854 181 3901 201'0
194 3864 222 3899 a·
345 3851 375 3903 19
388 3852 562 3904 constiterunt
575 3854 600 3902 b.
715 3849 749 3899 tu
763 3846 898 3899 custodiae
912 3851 1001 3912 portus
1015 3840 1100 3892 relicti
1112 3841 1243 3909 lucinius,

123 3927 245 3979 custodia
258 3937 348 3995 portus
363 3930 455 3980 relicta
469 3930 544 3981 codd.
561 3931 591 3980 P.
607 3929 665 3981 112.
769 3925 798 3977 bl
810 3939 890 3974 nauus
904 3927 965 3987 ast,
981 3922 1017 3970 ‘si
1028 3924 1245 3989 csserpts'sjtdes

123 4007 256 4070 labenda,
269 4024 334 4059 mss.
346 4009 490 4075 plsra'qus'5
504 4024 557 4059 om.
573 4009 598 4058 b.
705 4003 795 4054 littora
806 4018 833 4052 a.
947 3999 1112 4067 adplieurunt
1123 4017 1149 4066 u,
1165 4003 1246 4069 appli-

124 4092 253 4136 ccncrnnt
266 4101 293 4140 u.
433 4087 467 4138 22
480 4085 578 4136 diutius
591 4085 663 4146 ube,
677 4081 774 4131 diutius
787 4080 836 4146 ipsi
850 4094 877 4131 u.
1011 4093 1042 4128 cs
1056 4078 1197 4146 Daumius,
1211 4096 1244 4131 ex

124 4162 202 4213 codd.
332 4163 366 4214 11
380 4161 532 4228 maioribus]
545 4160 688 4212 minoribus
700 4174 717 4208 a
726 4159 750 4208 b.
881 4155 1100 4207 circumferantur
1113 4159 1136 4207 b.

122 4241 156 4291 25
169 4240 338 4307 coniunctae]
352 4240 467 4292 munitae
481 4255 517 4290 m.
529 4254 574 4306 pr.
590 4240 615 4289 b.
722 4234 873 4300 optinebant
889 4248 914 4283 a.
