2692 4688
484 192 810 319 -lfflp—

85 371 265 449 ‘Lutetiam,
284 365 465 445 blecletum,
476 364 625 444 Condate,
643 367 852 452 Agedincum&
902 364 1038 451 ascripsi
1054 365 1151 429 locum
1167 382 1209 429 ox

83 475 147 539 uita
161 471 196 538 S.
215 472 375 536 Barboleni
391 490 439 552 ap.
456 467 551 551 Bouq.
571 466 615 532 lll
631 490 661 552 p.
684 466 766 546 568,
790 468 840 531 ubi
861 465 1142 551 quae'narrautur,
1167 466 1210 533 cs

83 574 217 642 Caesare
232 574 377 658 originem
394 573 505 635 ducere
520 582 654 654 apertum
672 582 738 635 este
765 566 855 633 ‘Cum
871 565 1099 635 lulius·Caosar
1114 581 1209 634 totum

83 681 185 744 orbem
201 676 338 740 Romanu
353 674 545 757 subiugasset
565 674 689 757 imperio
713 684 744 737 et
764 671 864 736 nauali
884 673 994 736 itinere
1009 673 1047 736 ab
1063 672 1136 736 urbe
1152 670 1211 737 Se·

83 781 196 844 nonum
212 797 305 860 usque
319 775 514 839 Melcdunum
529 785 659 840 castrum
676 775 804 858 indeque
817 773 953 840 Pariaius
968 796 1035 838 cum
1051 774 1107 839 sibi
1124 774 1209 837 lami-

82 881 207 945 liaribua
223 879 369 942 Romanis
385 889 419 942 ut
433 880 470 942 ad
484 876 656 942 Meldorum
673 878 823 941 ciuitatem
840 880 905 943 siue
919 879 957 942 ad
972 876 1105 959 reliquas
1121 876 1211 941 urbes

83 982 259 1059 adueniret,
283 1002 360 1064 quae
382 1002 525 1062 aquarum
547 980 716 1044 fluminibus
736 980 966 1058 muniebantur,
991 982 1121 1065 contigit
1142 996 1209 1045 eum

85 1084 243 1149 transitum
260 1085 338 1147 bunc
354 1083 475 1159 babere,
493 1081 572 1145 sicut
586 1083 617 1144 in
631 1083 728 1167 gestis
745 1081 949 1147 Romanorum
965 1083 1097 1169 legitur'.
1193 1076 1198 1085 ’

169 1182 209 1248 G.
227 1183 280 1262 58,
298 1183 319 1246 6
335 1207 394 1247 non
410 1195 493 1247 recte
508 1185 553 1246 sic
568 1184 682 1248 editur:
707 1183 833 1249 ‘lloetes
849 1206 882 1249 re
898 1187 1017 1268 cognita
1033 1186 1069 1249 ab
1085 1186 1140 1263 iis,
1158 1186 1209 1268 qui

84 1288 248 1355 Meloduno
263 1289 415 1369 fugerant,
431 1285 581 1349 Lutetiam
597 1287 715 1350 incendi
732 1299 895 1370 pontesque
905 1286 969 1350 eins
977 1289 1076 1370 oppidi
1092 1290 1210 1352 rescin-

84 1395 113 1457 di
128 1391 249 1455 iubent:
269 1390 323 1473 ipsi
342 1388 467 1474 proiecti
483 1408 501 1450 a
517 1387 621 1471 palude
638 1388 667 1450 in
682 1389 755 1472 ripis
770 1385 928 1471 Sequanae
944 1409 960 1452 e
975 1391 1099 1472 regione
1112 1389 1210 1454 Lute-

84 1496 145 1558 tiae
161 1502 267 1556 contra
283 1490 407 1555 Labieni
424 1500 523 1553 rastra
540 1488 720 1552 considunt'.
762 1489 842 1555 Nam
860 1490 964 1569 exiis,
982 1511 1059 1574 quae
1073 1512 1102 1554 c.
1121 1492 1162 1556 57
1178 1504 1210 1559 et

85 1596 172 1682 paulo
187 1606 257 1660 aute
273 1603 447 1669 narrantur,
466 1603 587 1675 apparet
605 1592 759 1675 paludem,
783 1612 859 1675 quae
881 1593 929 1656 bic
944 1606 1208 1674 commemoratur,

85 1710 137 1762 aut
150 1699 180 1760 in
198 1706 325 1779 utraque
340 1694 402 1778 ripa
420 1690 578 1775 Sequanae
595 1693 688 1757 luisse
703 1704 756 1756 nut
770 1692 800 1756 in
817 1714 852 1758 ca
868 1705 1004 1774 tanturn,
1021 1716 1098 1779 quae
1112 1696 1210 1763 Lute-

84 1800 145 1864 tiae
160 1808 228 1862 erat
242 1798 405 1861 contraria.
437 1794 547 1860 Vtrum
562 1796 652 1879 igitur
674 1817 777 1859 nerum
793 1807 859 1873 est,
882 1798 910 1859 id
927 1809 1066 1876 constat,
1092 1801 1206 1880 bootes,

85 1924 152 1965 oum
167 1923 185 1964 a
200 1898 322 1963 Lutetia
345 1901 376 1962 in
396 1899 552 1962 aduersam
570 1898 661 1982 ripam
678 1899 862 1976 transirent,
887 1920 905 1962 a
927 1901 1034 1984 palude
1055 1922 1116 1965 non
1138 1922 1209 1969 esse

85 2006 247 2090 punientes.
280 1999 352 2065 Siue
369 2001 447 2063 enim
464 2000 548 2083 palus
564 2000 594 2062 iu
610 2000 736 2063 aduersa
752 2001 814 2084 ripa
831 2012 918 2079 erat,
947 2003 983 2065 ad
1006 2002 1140 2086 paludem
1155 2024 1209 2089 po·

85 2109 146 2171 tius
162 2104 444 2189 proficiscebantur,
469 2103 535 2164 siue
550 2102 582 2165 in
597 2115 743 2184 utraque,
768 2124 784 2166 a
801 2103 908 2186 palude
924 2125 985 2167 non
1000 2104 1207 2170 discedebant.

86 2207 146 2273 Sed
164 2207 300 2292 ‘protecti
318 2228 335 2269 a
352 2205 466 2290 palude'
483 2203 512 2265 in
529 2205 716 2288 interpolatis
733 2216 846 2269 mutum
863 2207 949 2269 codd.
967 2207 1087 2291 legitur,
1112 2208 1143 2272 in
1158 2228 1209 2273 re-

86 2311 174 2394 liquis
189 2310 275 2374 codd.
286 2305 490 2390 Oudendorpii
506 2306 649 2390 scriptum
666 2318 713 2371 est
730 2317 899 2391 ‘prospecta
915 2308 1030 2392 palude'
1046 2310 1151 2395 (atque
1163 2312 1209 2375 ita

86 2425 133 2479 eat
147 2416 178 2478 in
193 2411 265 2474 Par.
284 2432 329 2494 pr.
341 2416 375 2491 ),
401 2409 432 2471 in
448 2408 562 2471 duobus
581 2409 782 2492 ‘perspecta'.
816 2406 888 2473 ltem
904 2411 935 2473 in
951 2407 1048 2495 Bong.
1068 2434 1114 2496 pr.
1130 2412 1206 2477 Par.

86 2537 132 2599 pr.
150 2514 244 2577 Voss.
263 2533 308 2596 pr.
326 2507 734 2595 plurimisquetludendorpii
751 2513 861 2595 legitur
878 2514 927 2577 ‘ud
942 2513 1047 2596 ripas’,
1063 2514 1208 2581 inflaun.

87 2637 131 2700 pr.
153 2615 194 2677 ‘in
210 2612 314 2696 ripas'.
354 2608 457 2692 ltaque
473 2612 517 2674 sic
532 2612 656 2695 scripsi:
683 2615 758 2697 ‘ipsi
782 2615 914 2697 proiecta
938 2617 1044 2699 palude
1066 2618 1104 2681 ad
1126 2618 1210 2703 ripas

87 2716 246 2800 Sequanae
275 2735 292 2778 e
314 2713 438 2798 regione
460 2710 603 2777 Lutetiae
625 2726 730 2778 contra
753 2713 882 2780 Labieni
904 2729 1005 2781 castra
1025 2721 1207 2784 considunt’.
1245 2752 1249 2757 ·

86 2818 294 2885 Considebant
306 2816 384 2880 enim
401 2826 469 2899 post
484 2816 637 2898 paludem,
656 2829 689 2880 ut
703 2831 734 2881 et
750 2815 888 2903 Sequana
904 2831 935 2883 et
950 2820 1053 2904 palude
1069 2822 1211 2889 deiende·

85 2935 201 2989 rentur.
234 2918 313 3003 Quid
329 2919 546 3001 requireretur,
565 2916 746 2985 Ciaeeoniua
762 2932 793 2984 et
810 2921 870 2985 Tb.
883 2919 1041 2987 Bentleius
1055 2924 1207 3001 uiderant,

86 3024 211 3110 quorum
227 3024 277 3088 ille
295 3022 434 3109 ‘protecti
451 3021 580 3106 palude',
598 3023 643 3085 bie
669 3023 800 3087 ‘obieeta
817 3024 940 3107 palude'
956 3026 1098 3111 scriptum
1114 3030 1211 3095 latione

85 3130 224 3194 coniecit.

171 3226 257 3308 Quae
273 3224 524 3313 tapinomata,
544 3227 574 3290 l:
595 3225 674 3312 ‘lpse
690 3229 813 3312 imperat
830 3229 954 3312 reliquis
969 3229 1141 3295 ciuitatibus
1156 3231 1211 3295 ob·

85 3330 178 3408 sides,
195 3329 323 3414 denique
338 3330 366 3390 ei
381 3331 425 3392 rei
442 3330 595 3393 constituit
611 3332 707 3394 diem=
726 3331 783 3394 buc
799 3352 903 3393 omnes
919 3331 1038 3413 equites
1051 3329 1113 3397 XV
1127 3335 1209 3399 milia

85 3453 211 3496 nurnero
227 3431 369 3494 celeriter
384 3432 547 3494 conuenire
564 3432 655 3507 iubet,
674 3433 825 3515 peditatu,
842 3454 928 3514 quem
944 3445 1034 3497 antea
1051 3435 1207 3516 habuerat,

86 3555 119 3597 se
136 3537 200 3597 lore
215 3543 385 3596 contentum
402 3534 502 3610 dicb’,
528 3533 600 3595 baec
622 3532 714 3615 igitur
736 3534 806 3615 quin
823 3546 964 3619 corrupta
979 3536 1056 3614 sint,
1081 3539 1209 3602 dubitari

86 3655 146 3699 non
162 3644 271 3719 potest.
317 3634 396 3698 Nam
420 3654 515 3716 neque
538 3655 599 3696 uox
623 3634 798 3717 ‘denique',
824 3638 854 3699 iu
870 3657 928 3719 qna
944 3639 1003 3701 iam
1021 3637 1210 3705 Hotomanus
1234 3646 1240 3657 ’

86 3739 243 3813 haeserat,
270 3739 340 3800 lerri
364 3748 477 3820 potest,
502 3759 568 3799 curn
592 3757 651 3799 una
667 3758 717 3800 res
732 3750 819 3802 antea
836 3740 933 3824 posita
949 3743 989 3803 sit
1003 3753 1034 3804 et
1049 3743 1208 3821 eiusmodi,

85 3861 211 3922 quaeum
228 3839 268 3918 id,
286 3840 362 3922 quod
378 3860 414 3904 ea
431 3861 504 3904 uoce
519 3840 703 3926 adiungitur,
720 3842 910 3905 coniunctum
927 3842 986 3921 sitq
1005 3865 1104 3927 neque
1128 3845 1209 3910 ‘bue’

85 3942 186 4019 babet,
204 3963 262 4024 quo
277 3941 440 4005 reseratur.
468 3939 610 4006 Bibracte
625 3944 717 4021 enim,
736 3966 795 4026 quo
811 3966 839 4007 c.
856 3943 910 4023 03,
928 3946 947 4007 5
964 3947 1122 4009 ecrit-ilium
1136 3944 1210 4011 Gal·

85 4046 194 4118 lorum,
210 4045 242 4107 in
257 4064 313 4127 qno
330 4043 402 4105 baec
417 4053 501 4126 gesta
517 4058 600 4122 sunt,
618 4047 796 4111 conuenisse
811 4049 936 4111 relatum
953 4059 1018 4126 est,
1043 4059 1074 4111 et
1089 4048 1210 4131 longius

84 4147 122 4211 ab
138 4147 184 4211 bis
201 4147 300 4210 uerbis
316 4155 463 4209 remotum
479 4156 545 4218 est,
568 4169 665 4232 neque
688 4161 749 4213 tota
772 4153 864 4214 torma
889 4149 1034 4214 orationis
1049 4172 1085 4213 eo
1101 4152 1211 4215 aduer-

84 4250 165 4315 bium
181 4250 291 4314 relerri
306 4249 427 4333 patitur.
473 4247 551 4313 lllibi
566 4251 616 4314 illu
632 4253 801 4336 scriptura,
825 4272 911 4335 qnam
927 4272 1017 4334 supra
1040 4254 1143 4337 paraui,
1166 4274 1209 4319 ex
