2692 4688
81 181 147 251 68⁰
531 180 663 249 stetur
685 178 874 248 nsntcsn

143 372 230 437 quam
246 352 371 416 fratrem
386 352 608 427 interficerent,
632 353 720 436 idque
739 353 776 417 ab
793 354 836 417 eis
852 352 941 416 laoile
955 352 1152 436 impetrasse,
1177 367 1270 440 atque

86 455 131 526 29
146 455 190 521 ita
204 472 273 518 esse
288 453 477 517 interlectos.
522 452 658 518 Turmae
673 455 793 518 interim
810 453 954 537 equitnm,
979 474 1056 536 quae
1072 477 1126 538 pro
1142 458 1223 523 uallo
1236 461 1270 524 in

144 554 324 620 stationibus
347 574 415 619 esse
437 553 574 619 solebant
596 555 647 640 [ab
670 557 803 638 utrisque
826 555 982 640 ducibus],
1014 558 1125 622 cotidie
1147 561 1271 626 minutis

107 657 129 720 2
144 657 267 742 proeliis
281 656 362 720 inter
372 670 411 720 se
426 657 596 743 depugnare
611 678 671 720 nou
688 657 908 734 intermittunt3
934 679 1157 742 nonnumquam
1181 661 1271 727 etiam

145 755 289 822 Germani
306 754 446 840 Gallique
460 755 638 822 Labieniani
657 779 722 821 oum
739 754 881 822 Caesaris
897 759 1046 842 equitibus
1061 763 1118 826 lide
1133 762 1204 826 data
1223 762 1270 826 in·
1291 776 1306 827 a

112 857 196 923 3ter
213 879 247 922 se
269 856 523 940 colloquebantur.
552 856 707 923 Labienus
723 860 841 923 interim
858 881 923 922 enm
941 871 1025 945 parte
1046 864 1197 945 equitatus
1209 862 1272 929 Le·

146 958 219 1042 ptim
233 959 384 1043 oppidum,
400 962 447 1023 cni
464 970 603 1044 praeerat
614 957 750 1025 Saserna
764 982 830 1025 cum
847 961 1019 1027 cohortibus
1034 972 1082 1042 vt,
1098 986 1273 1049 oppugnare

146 1083 183 1127 ac
197 1062 229 1124 ni
250 1062 420 1144 inrumpere
444 1061 628 1140 conabaturq
652 1062 729 1145 quod
750 1061 788 1126 ab
811 1062 1021 1127 defensoribus
1042 1075 1161 1148 proptor
1183 1084 1270 1150 egre·

105 1208 109 1217 ·
147 1164 227 1247 giam
248 1161 442 1226 munitionem
466 1146 575 1245 oppidi
593 1172 625 1227 et
646 1162 865 1227 multitudinem
892 1173 1108 1229 tormentorum
1131 1166 1219 1230 facile
1241 1179 1274 1232 et

112 1262 216 1327 dsine
238 1262 371 1347 periculo
395 1261 618 1327 defendebatur.
666 1260 752 1345 Quod
776 1263 823 1327 ubi
845 1266 966 1347 saepius
983 1268 1047 1329 eius
1063 1268 1212 1350 equitatus
1228 1270 1274 1331 la·
1296 1277 1328 1331 tt

149 1386 220 1430 oere
234 1387 294 1430 non
310 1365 545 1443 intermittebat,
570 1387 635 1430 oum
651 1367 728 1429 forte
745 1376 813 1430 ante
829 1378 944 1450 portam
960 1378 1057 1431 turma
1073 1369 1166 1432 densa
1180 1369 1274 1432 adsti-

150 1467 255 1543 tisset,
270 1542 273 1547 .
291 1465 450 1548 scorpione
473 1468 643 1530 accuratius
666 1467 758 1532 misso
781 1478 871 1550 atque
894 1488 996 1532 eorum
1019 1468 1183 1533 decurione
1206 1490 1274 1554 per·

151 1587 243 1631 casso
265 1578 296 1631 et
317 1569 353 1629 ad
379 1587 463 1630 ecum
487 1568 586 1632 dellao
607 1568 714 1650 reliqui
730 1570 882 1652 perterriti
900 1570 968 1652 luga
982 1589 1016 1632 se
1031 1570 1062 1631 iu
1078 1580 1178 1632 eastra
1192 1572 1273 1633 reoi-

96 1667 246 1752 80piuut
287 1663 355 1748 Quo
372 1668 452 1732 iacto
467 1679 572 1753 postea
587 1680 659 1732 sunt
675 1670 809 1734 deterriti
825 1671 959 1754 oppidum
978 1679 1133 1752 temptare.
1166 1665 1272 1753 Scipio

113 1852 118 1859 .
151 1769 272 1832 interim
288 1770 352 1834 lere
366 1769 474 1834 cotidie
490 1791 551 1833 non
573 1770 662 1853 longe
685 1790 703 1833 a
725 1772 789 1835 suis
812 1772 939 1849 castris,
963 1769 1098 1855 passibus
1120 1780 1203 1847 cce,
1227 1770 1276 1835 iu·
1300 1783 1331 1837 tt

151 1880 270 1935 struere
292 1870 385 1935 aciem
408 1893 444 1935 ac
466 1872 578 1936 maiore
594 1883 678 1956 parte
694 1872 753 1936 diei
767 1883 944 1957 consumpta
959 1893 1063 1937 rursus
1078 1872 1109 1936 in
1124 1882 1227 1936 castra
1241 1893 1277 1938 se

116 1971 297 2054 2roeipere.
346 1967 435 2052 Quod
456 1995 525 2038 cum
547 1974 666 2059 saepius
687 1975 794 2052 tieret,
819 1997 915 2058 neque
938 1996 977 2038 ex
1001 1971 1144 2038 Caesaris
1167 1975 1275 2041 castris

154 2073 307 2157 quisquam
323 2074 455 2158 prodiret
470 2097 567 2159 neque
582 2076 703 2161 propius
725 2077 790 2140 eins
813 2078 914 2161 copias
937 2077 1113 2154 accederet,
1136 2076 1276 2159 despecta

153 2175 296 2258 patientia
316 2170 459 2241 Caesaris
482 2179 694 2261 exercitusque
717 2179 780 2242 eius
798 2177 901 2264 [lube]
918 2178 1069 2242 uniuersis
1092 2176 1184 2262 copiis
1205 2197 1275 2260 pro·

155 2277 250 2342 ductis
272 2277 496 2362 elephantisque
518 2280 635 2344 turritis
650 2289 727 2342 xxx
742 2292 813 2343 ante
835 2281 929 2344 aciem
951 2279 1110 2343 instructis
1133 2298 1220 2361 quam
1235 2277 1277 2341 la·
1298 2287 1331 2342 2⁰

155 2379 270 2445 tissime
292 2381 389 2463 potuit
411 2391 547 2467 porrecta
571 2381 701 2463 equitum
719 2381 906 2464 peditumque
922 2381 1110 2445 multitudine
1126 2400 1187 2445 nno
1202 2389 1277 2445 tem·

155 2502 226 2565 pore
244 2502 420 2564 progressus
436 2482 509 2546 haut
523 2483 564 2546 ita
580 2484 669 2566 longe
684 2505 702 2546 a
717 2477 861 2547 Caesaris
877 2484 987 2546 eastris
1003 2482 1137 2546 constitit
1152 2481 1184 2544 iu
1199 2502 1275 2544 eam·

97 2583 138 2653 81
154 2604 202 2667 po.
244 2578 360 2663 Quibus
377 2584 465 2646 rebus
481 2583 609 2666 cognitis
626 2580 743 2647 Caesar
758 2583 840 2648 iubet
855 2585 986 2662 milites,
1011 2585 1060 2667 qni
1076 2593 1166 2648 extra
1182 2581 1277 2647 muni·

155 2685 252 2748 tiones
264 2695 477 2768 processerant
489 2685 625 2770 [quique]
639 2686 792 2768 pabulandi
806 2697 858 2749 aut
872 2687 1003 2769 lignandi
1014 2707 1111 2749 consa
1123 2696 1177 2748 aut
1190 2685 1280 2748 etiam

157 2786 306 2850 muniendi
324 2789 420 2872 gratia
442 2788 552 2851 uallum
570 2787 717 2871 petierant
732 2809 866 2872 quaeque
882 2789 917 2849 ad
935 2808 1000 2851 eam
1016 2807 1076 2848 rem
1089 2805 1163 2866 opus
1180 2796 1280 2863 erant,
1302 2794 1335 2849 2⁵

157 2910 260 2954 omncs
283 2890 363 2954 intra
385 2889 564 2953 munitiones
587 2889 753 2953 minutatim
777 2889 967 2968 modesteque
989 2885 1054 2949 sine
1075 2886 1202 2947 tumultu
1225 2896 1281 2947 aut

157 3001 273 3055 terrore
297 3012 330 3056 se
352 2991 487 3076 recipere
509 3001 596 3074 atque
611 2991 641 3054 in
658 3010 748 3074 opere
764 2989 941 3053 consistere.
988 2984 1147 3068 Equitibns
1162 2994 1278 3064 autem,

157 3092 206 3172 qni
229 3097 259 3153 in
276 3093 406 3156 statione
422 3095 556 3168 inerant,
582 3093 745 3177 praecipit,
770 3103 911 3175 utusque
929 3112 965 3153 eo
981 3091 1078 3153 locum
1094 3086 1280 3171 optinerent,

157 3192 261 3275 inquo
277 3193 362 3277 paulo
386 3206 456 3257 ante
479 3194 704 3271 constitissent,
729 3195 824 3257 donec
847 3195 883 3258 ab
900 3194 985 3257 hoste
1002 3191 1091 3254 telum
1108 3189 1230 3252 missum
1246 3191 1283 3253 ad

158 3314 191 3357 se
207 3295 397 3378 perueniret3
422 3297 496 3377 quod
513 3297 538 3359 si
555 3296 674 3380 propius
691 3297 896 3372 accederetur,
920 3316 1006 3378 quarn
1023 3292 1233 3356 honestissime
1248 3311 1282 3354 se
1305 3300 1337 3353 tt

266 3453 281 3503 3
295 3468 377 3503 uncos
390 3467 438 3516 rgo
450 3457 532 3516 posui
554 3454 585 3504 Ρ.
600 3454 660 3507 209.
780 3455 795 3504 l
808 3452 1012 3503 intermitterent
1027 3451 1052 3500 b.
1167 3462 1285 3497 nonnun-

159 3543 233 3593 quam
247 3528 298 3593 (a).
413 3533 425 3577 5
440 3528 582 3580 Labienani
598 3532 670 3581 ‘raon
682 3528 827 3596 pleriqua'.
940 3530 955 3580 7
970 3544 994 3578 vr
1008 3542 1067 3592 rgo,
1083 3541 1112 3576 ιιι
1125 3524 1202 3576 codd.
1217 3523 1245 3576 V
1244 3522 1282 3574 id.

159 3623 181 3654 c.
197 3606 222 3667 ⁹,
240 3606 262 3657 l.
392 3606 408 3656 8
421 3607 568 3673 inrumpere
581 3624 608 3659 a.
730 3608 745 3657 9
761 3607 953 3658 multitudinem
967 3614 1152 3658 tormentorum
1165 3620 1192 3662 a,
1207 3611 1283 3654 torm.

158 3684 231 3734 mult.
248 3683 308 3734 edd.
424 3685 451 3736 ll
468 3700 524 3734 eum
538 3684 669 3746 turenses,
684 3692 780 3734 etcum
794 3683 872 3733 codd.
988 3683 1137 3734 obstitisset
1150 3682 1175 3732 b.

160 3762 190 3812 13
205 3762 236 3811 nd
250 3778 323 3813 eoum
337 3762 488 3825 Bastarna,
504 3762 536 3813 ad
551 3764 658 3812 decuma
671 3778 702 3824 n,
718 3763 749 3812 dc
764 3762 869 3810 decuma
885 3761 909 3823 b,
926 3776 940 3810 a
955 3761 1054 3812 decima
1069 3776 1098 3822 e;
1118 3758 1150 3808 nd
1165 3758 1286 3809 decuma·

160 3851 215 3887 nem
230 3856 257 3888 u.
366 3842 396 3892 15
412 3841 467 3891 lere
480 3857 533 3892 om.
549 3843 573 3891 b.
679 3855 748 3906 poss.
764 3856 791 3890 ιι.
900 3841 931 3891 td
945 3849 1020 3906 parte
1035 3840 1086 3889 dici
1097 3855 1115 3890 n
1128 3843 1155 3888 et
1167 3841 1226 3888 sine
1238 3852 1287 3886 ιιιι·

158 3917 296 3963 sentations
309 3931 335 3977 u,
352 3918 403 3968 diei
417 3926 489 3982 parto
506 3917 565 3967 edd.
583 3921 646 3967 onte
660 3933 687 3966 ιι.
796 3916 820 3965 in
835 3923 923 3966 castra
938 3932 966 3966 se
980 3932 1007 3979 u,
1022 3916 1046 3964 in
1061 3922 1149 3965 eastra
1163 3914 1228 3979 (om.
1243 3911 1288 3976 ae)

159 3994 190 4054 b,·
205 4008 233 4042 se
248 3994 272 4042 in
286 4002 374 4045 costra
388 3997 448 4048 edd.
556 3997 586 4048 17
599 3997 687 4063 sepius
700 4013 726 4047 n.
842 3995 872 4044 ¹9
887 3994 951 4045 lube
964 3997 1052 4046 Aldus
1066 3995 1176 4046 delenit.

158 4073 192 4125 22
205 4072 268 4122 baut
279 4087 305 4121 o.
425 4078 457 4127 24
470 4076 565 4140 qnlquo
579 4090 628 4140 ego
641 4075 751 4126 iaclrrsr'.
765 4074 796 4124 Ρ.
810 4073 872 4127 209.
994 4088 1074 4124 causa
1088 4088 1137 4138 ogo
1149 4071 1287 4137 supplosi.

266 4148 403 4202 2buallum
417 4177 448 4187 -
462 4165 580 4217 quaeque
592 4150 689 4215 Aldus,
703 4150 799 4202 uallem
812 4151 952 4216 -quique
966 4150 1042 4201 codd.
1149 4149 1290 4215 ttopune·

161 4235 217 4278 rent
230 4242 256 4277 n.
363 4226 395 4277 29
409 4228 489 4277 telum
503 4227 608 4279 missum
622 4243 647 4292 n,
662 4228 768 4280 missurn
782 4227 861 4279 telum
876 4226 938 4279 odd.
