2692 4688
58 174 125 249 ew
454 168 515 239 llll
536 165 680 237 banno
704 166 896 239 etnulco

60 348 106 421 84
121 347 210 414 nibus
225 345 304 411 alind
318 344 435 409 initium
449 343 520 408 belli
535 364 643 428 capere
663 343 791 428 possint.
828 341 926 423 Erat,
950 354 985 409 ut
1006 363 1096 428 supra
1116 345 1241 412 demon·

119 450 291 525 atrauimus,
309 467 415 510 manus
430 457 512 510 certa
527 446 621 524 nulla,
639 467 699 510 non
715 446 865 530 oppidum,
882 447 1146 531 nonpraeaidinm,
1163 451 1243 532 qnod

83 553 155 622 2ae
167 551 261 618 armis
276 551 469 627 detenderet,
492 548 546 613 sed
561 549 657 612 omnis
672 548 703 612 in
719 549 811 632 partis
828 548 963 631 dispersa
978 549 1147 614 multitudo.
1183 550 1243 617 Vbi

121 653 227 739 cuique
247 663 299 717 aut
321 652 416 715 ualles
440 651 542 715 abdita
563 661 616 714 aut
638 652 721 715 locus
745 650 895 715 siluestris
917 662 970 715 ant
992 652 1077 735 palus
1102 653 1239 737 impedita

84 756 202 842 dapem
224 754 364 840 praesidii
384 765 437 819 aut
457 754 562 819 salutis
587 754 716 837 aliquam
732 752 894 832 offerebat,
917 753 1107 819 consederat.
1152 755 1239 823 llaec
1262 770 1279 822 ⁵

120 860 188 925 loca
204 858 406 923 uicinitatibne
421 867 509 922 erant
524 867 614 934 nota,
630 876 827 940 magnamque
841 877 892 920 res
907 855 1093 939 diligentiam
1106 859 1244 942 require-

120 962 249 1028 batnon
264 960 294 1024 in
310 981 425 1025 summa
440 960 593 1025 exercitus
609 959 716 1023 tuenda
741 961 755 1037 (
763 957 875 1022 nullum
891 960 969 1022 enim
986 970 1105 1042 poterat
1119 962 1242 1029 uniuer-

121 1064 165 1131 eia
179 1063 219 1129 ab
234 1062 401 1148 perterritis
415 1083 451 1126 ac
465 1060 609 1144 dispersis
624 1059 789 1145 periculum
804 1060 976 1143 accidere),
999 1061 1053 1125 sed
1067 1061 1098 1127 in
1112 1062 1243 1149 singulis

122 1165 265 1231 militibus
281 1165 514 1245 conseruandisp
531 1185 608 1248 qnae
623 1175 722 1228 tamen
737 1182 779 1226 ex
794 1173 877 1248 parte
893 1183 942 1226 res
957 1164 994 1226 ad
1010 1165 1137 1229 salutem
1153 1182 1245 1231 exer·

86 1269 200 1337 tcum
216 1268 394 1354 pertinebat.
430 1266 511 1331 Nam
527 1278 558 1332 et
572 1267 699 1351 praedae
715 1265 858 1350 cupiditas
875 1264 984 1329 multos
999 1264 1119 1349 longius
1134 1287 1245 1333 enona-
1268 1278 1302 1333 ao

122 1371 193 1449 bat,
210 1381 241 1434 et
254 1370 347 1434 siluae
363 1369 487 1434 incertis
502 1370 687 1452 occultisque
700 1367 860 1432 itineribus
876 1369 1027 1432 coinsertus
1041 1369 1126 1433 adire
1141 1369 1243 1453 probi·

88 1470 245 1539 5bebant.
281 1469 316 1536 Si
338 1473 490 1557 negotium
513 1472 620 1535 confici
649 1471 832 1554 stirpemque
852 1470 1003 1534 bominum
1025 1471 1244 1537 sceleratorum

124 1573 253 1639 interfici
268 1574 375 1649 uellet,
393 1575 584 1638 dimittendae
601 1572 699 1657 plures
714 1593 819 1636 manns
835 1573 1049 1657 diducendique
1064 1585 1150 1639 erant
1166 1575 1244 1641 mili·

89 1674 192 1756 btesp
217 1675 244 1740 si
266 1676 421 1740 continere
440 1677 477 1739 ad
500 1677 585 1759 signa
602 1675 767 1759 manipulos
784 1677 894 1754 uellet,
920 1687 953 1739 ut
967 1675 1102 1741 instituta
1117 1677 1195 1741 ratio
1211 1687 1244 1741 et

71 1844 75 1853 ,
126 1779 311 1844 consuetudo
327 1779 480 1842 exercitus
495 1777 624 1842 Romani
640 1778 818 1862 postulabat,
836 1780 921 1842 locus
936 1779 1000 1862 ipse
1015 1788 1080 1842 mat
1095 1777 1243 1861 praesidio
1268 1789 1302 1844 tu

125 1880 280 1961 barbaris,
297 1901 395 1964 neque
410 1902 450 1945 ex
465 1882 583 1945 occulto
598 1880 760 1945 insidiandi
775 1892 806 1944 et
821 1881 972 1963 dispersos
989 1879 1243 1945 circumueniendi

89 1983 252 2071 7singulis
268 1984 371 2048 deerat
385 1983 521 2048 andacia.
558 1981 653 2049 Vtin
675 1982 817 2047 eiusmodi
841 1981 1079 2062 difficultatibus,
1102 1993 1244 2068 quantum

125 2085 277 2170 diligentia
301 2086 452 2170 prouideri
474 2095 610 2171 poterat,
637 2085 867 2170 procidebatur,
892 2096 926 2150 ut
946 2085 1044 2170 potius
1059 2085 1091 2150 in
1106 2085 1243 2151 nocendo

124 2188 234 2274 aliquid
255 2189 561 2272 praetermitteretur,
586 2189 643 2253 etsi
665 2189 795 2252 omnium
818 2187 911 2252 animi
925 2188 963 2253 ad
977 2186 1179 2251 ulciscendum
1194 2207 1245 2250 ar·

88 2288 112 2357 8
126 2291 254 2369 debant,
278 2312 365 2373 quam
381 2312 447 2355 cum
463 2292 560 2373 aliquo
576 2291 701 2354 militum
717 2291 895 2355 detrimento
911 2299 1081 2355 nocentur.
1112 2285 1246 2353 Dimittit
1266 2299 1304 2354 11

125 2394 163 2458 ad
177 2393 318 2457 finitimas
334 2394 472 2457 ciuitates
485 2389 749 2457 nuntiosCaeaar:
766 2414 871 2459 omnes
884 2393 921 2457 ad
937 2412 970 2457 se
985 2402 1076 2457 noent
1088 2408 1143 2476 ape
1158 2411 1245 2476 prae·

126 2494 225 2559 daead
235 2494 415 2578 diripiendos
423 2493 593 2573 Eburones,
613 2495 756 2579 ntpotius
772 2495 801 2557 in
818 2496 904 2559 siluis
913 2492 1069 2565 Gallorum
1081 2494 1142 2559 uita
1156 2515 1244 2576 quam

125 2595 308 2681 legionarius
323 2594 408 2660 miles
423 2598 623 2679 periclitetur,
642 2597 729 2662 simul
745 2608 777 2661 ut
792 2620 899 2680 magna
915 2597 1101 2665 multitudine
1115 2595 1243 2659 circnm-

90 2696 196 2767 etna
211 2718 265 2782 pro
282 2698 333 2762 tali
356 2699 489 2765 facinore
512 2700 602 2784 stirps
625 2721 660 2767 ac
676 2721 784 2767 nomen
800 2700 932 2765 ciuitatis
948 2700 1079 2765 tollatur.
1109 2694 1244 2782 blaqnus

237 2907 246 2959 l
262 2907 325 2959 belli
338 2907 440 2960 initium
454 2909 468 2958 b
481 2907 518 2975 (e)
531 2924 559 2959 a.
696 2911 798 2978 possint
809 2924 832 2974 a,
846 2917 954 2976 possent
967 2907 1012 2975 (Β)
1025 2912 1053 2961 et
1063 2906 1174 2973 reliqua·-
1188 2903 1245 2957 Aa·

126 2983 204 3035 dead.
219 2985 256 3036 nd
267 2985 297 3036 Ρ.
310 2987 353 3038 85.
481 2987 497 3039 2
511 2986 643 3054 praedium
656 2987 681 3038 A
688 2989 712 3039 B
723 2991 777 3041 CI)
785 3005 806 3037 e.
925 2987 940 3039 3
954 2989 1036 3038 omnin
1050 2986 1075 3037 in
1089 2985 1171 3054 partie
1184 2984 1211 3034 A
1217 2984 1241 3048 b,

126 3063 151 3113 in
165 3079 254 3115 omnes
268 3071 355 3131 partes
368 3064 392 3116 B
404 3070 432 3115 et
443 3065 555 3132 reliqui.
681 3068 724 3118 ubl
738 3069 831 3134 cuique
845 3082 887 3129 co,
903 3068 1057 3133 ubicumque
1069 3065 1093 3118 B
1106 3061 1241 3129 ‘rela'qaaa”.

234 3144 250 3193 1
261 3143 311 3192 and
327 3148 368 3194 tea·
380 3144 412 3194 B.
586 3145 671 3197 ealles
683 3147 775 3210 Aac,
790 3146 867 3197 ualtia
881 3161 908 3195 ιι.
1092 3143 1197 3196 abditae
1209 3141 1243 3193 Β.

234 3217 300 3267 locis
313 3220 478 3272 siluestribus
490 3220 565 3287 palae
576 3236 591 3271 e
602 3221 674 3274 And.
689 3223 747 3273 rod.
761 3221 825 3273 Vra.
991 3222 1006 3273 b
1020 3220 1186 3286 praealdlaue
1198 3221 1244 3271 be.

235 3296 383 3347 consideret
396 3299 430 3347 D.
644 3302 659 3351 b
672 3298 865 3365 uicinitatibue]
879 3299 905 3349 in
918 3299 1071 3352 ciuitatibus
1085 3299 1135 3351 bd.

128 3369 201 3438 nota]
215 3373 320 3437 cognita
333 3375 357 3424 b.
473 3377 490 3428 8
503 3376 536 3426 ab
548 3376 616 3427 And.
634 3377 732 3442 oxon,
747 3394 800 3429 om.
814 3377 925 3443 reliqui.
1049 3379 1077 3431 ll
1093 3378 1245 3431 occultatis·

127 3452 212 3518 qued.
318 3458 384 3503 anto
396 3454 533 3506 itineribus
546 3455 610 3506 add.
625 3456 711 3506 inbc.
818 3455 1055 3508 confertisBCD.
1162 3455 1194 3507 13
1207 3454 1245 3504 ἰιι-

128 3527 212 3579 terllei
225 3528 306 3578 uellet
318 3530 390 3580 And.
407 3531 507 3593 Oxou„
522 3533 634 3584 interfici
648 3535 748 3586 uellent
760 3535 804 3585 Bo
819 3537 883 3585 ‘mea'
893 3534 1003 3587 omuea'.
1116 3535 1246 3586 deducen-

127 3606 205 3673 dique
221 3607 293 3658 ‘maa
309 3607 332 3658 3¹
346 3614 374 3658 ot
385 3626 438 3660 aee.
452 3626 489 3662 m.
503 3612 536 3663 B.
654 3613 685 3665 tt
698 3613 824 3664 contineri
838 3615 885 3664 be.
1007 3612 1153 3679 manipulos
1165 3610 1248 3665 nattes

126 3684 225 3738 &And
241 3686 338 3749 Oeam,
353 3689 498 3754 manipulos
512 3690 611 3743 uellent
623 3691 647 3744 Β
661 3693 724 3743 ‘mee'
735 3689 844 3743 omnea’.
983 3693 1014 3745 lb
1028 3693 1244 3759 postulabant).

234 3772 292 3815 erat
305 3765 360 3831 ipae
374 3768 398 3816 b.
487 3768 683 3820 llandatiaB.
779 3769 1118 3834 utBo‘mea'll',ateam
1130 3769 1245 3821 Andre.

237 3841 267 3891 lb
281 3843 569 3907 praetermitteretan
583 3845 723 3912 ίι·ιι1ι’ᾳιιι”1
738 3848 929 3898 omittereturo
944 3849 1048 3914 ‘sorana
1062 3847 1081 3898 d
1087 3847 1095 3871 ⁹
1109 3863 1135 3899 ιι.

128 3918 362 3986 tdnlciaeenrtnm]
376 3923 570 3974 adolescentum
583 3925 619 3976 Β.
724 3926 920 3979 20noceretA.
1027 3926 1249 3978 (1ίωί1111111ῆηὶ-

129 3995 207 4046 timae
218 3997 341 4047 ciuitates
355 3999 457 4048 nuntios
471 3998 570 4051 Caesar
582 4002 606 4052 B
624 4002 633 4029 ‘
640 4017 703 4053 maa.
721 4002 870 4068 plertqne',
890 4002 990 4054 Caesar
1001 4004 1033 4053 ad
1047 4002 1169 4057 llnitimae
1181 4002 1249 4054 eini-

131 4080 201 4126 tatee
214 4074 316 4124 nuntios
330 4075 436 4126 dimittit
448 4075 487 4142 (o)
501 4094 528 4128 ιι.
660 4079 691 4132 21
707 4096 795 4131 omnes
807 4081 840 4131 ad
854 4096 881 4131 se
894 4088 972 4132 nooat
984 4081 1008 4134 B
1023 4080 1144 4143 ‘ceteri'5
1159 4095 1248 4133 omnea

130 4158 224 4207 enecet
237 4150 329 4200 bede.
443 4153 475 4209 2³
489 4153 647 4219 legionarios
659 4161 725 4209 ante
738 4173 809 4209 corr.
824 4158 856 4209 B.
979 4158 1145 4225 periclitetur
1168 4160 1196 4210 A
1202 4158 1251 4224 (B)

132 4227 219 4293 cuc,
234 4227 428 4296 periclitaretur
439 4245 461 4278 e.
