2692 4688
60 182 126 251 1811
465 187 523 254 llll
539 186 683 257 RELLO
699 179 892 256 subulco

118 375 187 420 esse
202 361 397 437 consuesset,
423 380 462 423 ne
484 363 611 426 consilia
633 361 702 427 belli
727 358 942 446 quaerentibus
964 367 1071 423 unctor
1090 378 1242 424 armorum

118 458 239 541 duxque
255 460 387 538 deesset,
406 464 684 546 parentellomanis
694 466 816 529 ciuitate
830 483 896 526 cum
912 460 1132 544 suisequitibus
1149 464 1242 527 latro-

117 560 205 624 ciniis
221 580 254 624 se
269 581 399 645 suosque
414 565 512 629 alebat
528 567 707 650 infestisque
729 562 887 630 itineribus
911 573 1093 628 commeatus
1108 565 1242 648 complu·

116 678 187 738 res,
212 661 261 744 qui
285 666 539 747 conportabantur
563 669 594 732 in
617 670 740 732 hiberna
760 666 984 744 Romanorum,
1016 666 1238 749 intercipiebat.

58 759 105 832 48
118 760 194 826 Erat
208 765 369 829 attributus
384 766 519 833 Antonio
534 772 702 853 praefectus
718 771 845 853 equiturn
863 765 900 832 C.
912 767 1085 832 Volusenus
1101 764 1239 849 Quadra·
1261 781 1276 832 t

117 875 177 942 tus,
196 868 325 949 quicum
341 889 378 932 eo
395 870 577 935 hibernaret.
596 871 843 937 Huncdntonius
859 873 895 934 ad
906 871 1141 955 persequendum
1157 870 1242 953 equi·

80 965 211 1031 blatum
228 969 357 1033 hostium
373 973 474 1036 mittit.
495 972 667 1039 Volusenus
682 977 719 1039 ad
736 997 800 1039 eam
818 975 971 1051 uirtutem,
988 992 1063 1056 quae
1077 973 1241 1057 singularis

118 1071 229 1134 eratin
245 1091 300 1149 eo,
319 1094 458 1157 magnum
474 1075 571 1138 odium
588 1072 717 1141 Commii
733 1078 913 1160 adiungebat
929 1122 938 1154 ‚
964 1097 1023 1159 quo
1045 1074 1186 1138 libentius
1200 1074 1241 1137 id

118 1173 241 1249 faceret,
261 1175 338 1255 quod
354 1177 567 1259 imperabatur.
600 1177 705 1262 ltaque
720 1180 873 1263 dispositis
888 1178 1005 1242 insidiis
1020 1177 1139 1261 saepius
1156 1176 1240 1259 equi·

83 1271 163 1337 dtes
179 1274 244 1337 eius
260 1276 421 1358 adgressus
438 1279 568 1343 secunda
585 1283 698 1365 proelia
714 1283 852 1347 faciebat.
883 1280 1079 1351 Nouissime,
1104 1299 1171 1341 cum
1188 1298 1241 1341 uc·
1264 1288 1297 1341 to

118 1374 284 1439 humentius
300 1380 550 1459 contunderetur,
577 1405 612 1447 ac
627 1383 800 1448 Volusenus
815 1383 909 1467 ipsius
925 1379 1132 1462 intercipiendi
1148 1377 1240 1443 Com·

117 1477 167 1539 mii
184 1478 341 1560 cupiditate
357 1482 540 1562 pertinacius
555 1507 622 1549 eum
638 1506 704 1549 curn
719 1486 822 1569 paucis
837 1484 991 1546 insecutus
1007 1491 1101 1557 esset,
1117 1482 1169 1544 ille
1185 1502 1239 1543 au·

117 1591 177 1641 tem
194 1581 263 1662 fuga
278 1581 447 1647 uehementi
465 1584 647 1650 Volusenum
663 1586 857 1669 produxisset
871 1583 1007 1666 longius,
1031 1582 1168 1644 inimicus
1185 1582 1238 1644 bo·

118 1681 190 1743 mini
206 1702 328 1744 suorum
339 1684 551 1750 inuocatlidem
561 1697 650 1770 atque
665 1685 823 1760 auxilium,
841 1704 879 1746 ne
894 1702 948 1746 sua
956 1683 1081 1746 uulnera
1088 1701 1141 1764 per
1150 1682 1237 1743 fidem

118 1783 247 1866 inposita
270 1796 445 1868 paterentur
465 1788 617 1872 inpunita,
639 1807 845 1870 conuersoque
867 1807 943 1868 equo
965 1805 1000 1848 se
1021 1782 1169 1846 austeris
1190 1782 1238 1845 iu·
1263 1792 1297 1845 ts

81 1883 232 1949 lucentius
248 1889 391 1968 permittit
405 1891 435 1952 iu
448 1892 640 1974 praefectum.
658 1889 787 1955 Faciunt
802 1892 857 1953 boo
873 1889 1063 1951 idemomoes
1078 1885 1237 1966 eiusequi·

83 1985 165 2050 5tes
185 2007 356 2072 paucosque
379 2003 499 2056 nostros
522 2004 702 2058 conuertunt
724 2005 812 2076 atque
828 1992 1036 2073 insequuntur.
1083 1983 1238 2050 Commius

117 2088 270 2152 incensum
287 2093 452 2158 calcaribus
468 2116 574 2179 equum
591 2097 745 2180 coniungit
759 2116 835 2179 equo
851 2091 997 2175 Quadrati
1013 2091 1177 2172 lanceaque
1191 2090 1238 2152 iu·

80 2187 193 2254 dfesta
217 2195 331 2276 maguis
357 2196 470 2260 uiribus
495 2199 620 2261 medium
645 2200 742 2262 femur
764 2196 863 2261 traicit
879 2193 1037 2259 Voluseni.
1079 2188 1237 2255 Praefecto

117 2295 277 2358 uulnerato
293 2317 353 2358 non
370 2297 504 2361 dubitant
528 2301 623 2362 nostri
648 2300 790 2363 resistere
805 2308 835 2359 et
850 2296 1007 2360 conuersis
1023 2293 1107 2377 equis
1124 2293 1237 2356 bostem
1259 2300 1294 2353 to

80 2392 238 2484 Vpcllerc.
258 2393 345 2480 Quod
363 2397 409 2459 ubi
426 2400 545 2477 accidit,
564 2399 721 2483 conplures
738 2399 864 2460 bostium
874 2418 983 2482 magno
999 2408 1168 2462 nostrorum
1183 2395 1238 2458 im·

226 2622 235 2672 1
253 2629 321 2672 estet
336 2638 372 2672 tu.
386 2639 429 2688 pr.
446 2625 476 2675 B.
599 2629 767 2693 querentibus
782 2628 813 2679 Β.
929 2618 1092 2685 illumanis]
1107 2619 1156 2670 sibi
1169 2618 1237 2668 omni

116 2701 150 2753 D.
258 2703 402 2753 latrociniis
415 2720 443 2754 se
458 2720 570 2771 suosque
584 2706 638 2757 BC
646 2707 712 2768 DA,
728 2723 757 2757 se
771 2722 884 2772 suosque
897 2700 1041 2754 latrociniis
1054 2699 1126 2760 (e)u.

116 2780 131 2830 1
144 2777 375 2844 (supportabantur
389 2780 425 2846 Β)
439 2782 609 2847 portabuntur
620 2799 656 2833 m.
668 2799 713 2848 pr.
730 2785 754 2834 b.
862 2784 876 2832 5
891 2781 919 2831 C.
929 2777 1076 2830 Volusenus
1086 2773 1235 2837 Quradrotus

114 2860 180 2906 onte
193 2857 260 2908 boue
274 2858 426 2922 (lilpoaunt
436 2857 519 2908 bede
532 2858 567 2925 (G
578 2873 700 2926 eumaeo.
714 2875 767 2909 see.
781 2874 818 2909 m.
831 2855 940 2919 siocli).
1021 2851 1037 2901 d
1051 2849 1203 2900 hibernaret
1212 2847 1237 2897 B

117 2934 250 2999 ‘rela'qui',
267 2936 394 2985 biemoret
407 2935 501 2986 bede.
619 2938 763 3004 equitatum
778 2936 888 2985 bostium
902 2932 948 2994 (B)
961 2927 1021 2979 edd.
1035 2929 1100 2977 onte
1111 2940 1139 2986 u,
1154 2925 1235 2974 bosti-

115 3025 157 3061 Μ
171 3012 398 3077 ⁰l⁰ll⁰l¹1111l⁶lu.
516 3015 530 3066 7
544 3011 690 3066 Volusenus
705 3016 737 3065 ud
752 3015 795 3064 Be
809 3010 926 3073 ‘eeterf’,
941 3006 1088 3058 Volusenus
1101 3011 1187 3054 autem
1201 3003 1234 3053 ad

115 3086 135 3137 d
144 3089 215 3139 And.
232 3090 320 3140 Oxou.
427 3089 495 3156 eum]
510 3092 592 3158 partis
605 3091 668 3142 odd.
683 3093 755 3154 obe,
771 3097 869 3157 purtem
882 3087 945 3138 odd.
960 3101 984 3135 e.
1100 3079 1177 3146 quse]
1192 3080 1235 3146 qui

116 3163 140 3212 d·
246 3166 263 3217 8
276 3175 334 3216 erut
347 3168 372 3216 iu
385 3182 416 3217 eo
428 3168 453 3218 B
467 3170 540 3217 ‘ntae
553 3168 696 3233 plerique’,
712 3168 737 3216 io
751 3183 782 3217 eo
795 3173 854 3217 eret
865 3181 893 3215 u.
999 3159 1067 3227 quod
1079 3156 1237 3208 libentiusB

115 3239 182 3291 01).
288 3243 304 3292 ll
318 3243 504 3309 imperabatur]
520 3243 704 3307 iniungebutur
716 3245 740 3294 b.
848 3242 950 3309 equites
962 3239 1019 3290 eius
1032 3236 1237 3287 BGuoltbera'a·

114 3328 165 3364 nur
179 3314 342 3381 Stephanus,
358 3318 414 3367 eius
428 3320 529 3383 equites
544 3320 630 3370 Aldus
642 3336 670 3369 u.
778 3318 809 3369 ld
822 3319 965 3382 adgressus
979 3315 1012 3365 B.
1135 3312 1167 3363 13
1180 3327 1238 3378 pro·

115 3394 233 3445 duxisset
246 3396 346 3457 lougius
360 3395 405 3459 (Β)
416 3396 513 3460 otu,
529 3398 630 3462 longius
645 3395 814 3464 produxisset
826 3395 901 3459 (o)ac.
1007 3390 1128 3440 iuimicus
1142 3387 1237 3438 bomini

114 3473 139 3524 B
151 3474 189 3536 (ie
202 3475 332 3537 inimicos)
348 3475 369 3525 C
382 3476 439 3538 (llic
452 3483 505 3525 tum
517 3476 704 3541 proemittitt)
717 3474 767 3524 Do
776 3475 790 3523 b
799 3472 872 3534 ede,
892 3485 946 3519 om.
959 3467 1067 3532 aliquot
1079 3466 1146 3516 dett.
1162 3481 1189 3514 u.
1205 3465 1235 3516 Ρ.

116 3550 175 3602 112.
283 3551 313 3602 11
326 3555 390 3601 unte
403 3568 506 3603 suorum
520 3554 584 3604 odd.
600 3555 711 3605 omnium
723 3553 775 3614 ob,
789 3557 897 3616 repente
911 3548 1023 3599 omnium
1037 3546 1112 3606 ede,
1129 3551 1235 3608 repente

114 3627 147 3677 A.
288 3644 336 3695 per
347 3629 424 3679 fidem
438 3630 549 3696 inposite
563 3630 710 3692 Gruterus,
725 3643 771 3695 per
782 3627 858 3678 fldem
871 3625 1052 3690 interpositam
1065 3620 1089 3670 B
1100 3620 1122 3670 0
1135 3625 1164 3668 et
1174 3633 1234 3681 sup.

115 3721 187 3757 uere.
203 3709 243 3771 A,-
256 3708 364 3775 perfldie
379 3709 533 3775 interposita
547 3708 640 3759 bede.
657 3709 686 3758 Ρ.
703 3709 762 3762 lid.
903 3704 934 3755 15
947 3705 1097 3768 peterentur
1109 3695 1236 3762 impunito

116 3785 248 3847 BCDA,·
263 3789 345 3838 inults
359 3793 512 3854 poterentur
525 3788 562 3836 be
574 3791 601 3836 et
613 3789 722 3836 inuecto
730 3784 824 3836 ordine
832 3777 1039 3848 u(iopooituB).
1148 3773 1235 3825 ibboe

116 3864 401 3928 B‘ceteri’,om.de.
505 3865 719 3932 l'letque]etft.
826 3863 980 3926 insequutor
992 3856 1024 3906 Β.
1134 3854 1237 3904 ideon-

116 3941 199 4004 longit
211 3940 235 3990 B
248 3941 329 4003 ‘olii’‚
346 3941 428 4005 iungit
442 3941 534 3991 tede.
656 3941 686 3992 lll
700 3939 800 4003 mugnis
812 3937 914 3988 uiribus
926 3935 1037 3986 medium
1052 3928 1137 3980 femur
1149 3928 1238 3979 troieit

115 4016 238 4068 Volusenl
252 4018 275 4068 B
288 4021 327 4082 et,
343 4023 392 4084 qut
409 4024 501 4070 eante
513 4020 613 4082 respuis
631 4018 716 4080 odd,
732 4017 812 4070 cot
825 4015 884 4081 (life
899 4013 1011 4064 medium
1025 4010 1091 4072 om.)
1104 4024 1118 4057 e
1130 4012 1169 4069 et,
1189 4009 1238 4071 qui

117 4096 216 4146 ibidem
230 4109 260 4144 ec
271 4098 361 4160 pouit,
375 4097 400 4146 A
406 4115 416 4158 ‚·
429 4096 539 4147 medium
554 4094 638 4146 femur
650 4096 708 4146 eins
721 4093 821 4155 menis
834 4091 934 4141 uiribus
948 4084 1136 4140 treieiteAnd.
1147 4085 1235 4134 Oxou.

223 4173 257 4226 10
270 4173 405 4225 uoluereto
418 4177 553 4225 utstatim
567 4174 738 4224 soluerentur
749 4173 784 4223 A.
886 4168 1022 4220 conuersis
1035 4165 1108 4232 equis
1121 4163 1145 4215 Β
1157 4167 1185 4212 et
1196 4178 1238 4212 re·

118 4254 206 4320 lfpur‘,·
220 4251 340 4303 conuersi
353 4251 427 4317 equis
441 4251 464 4313 d,
480 4254 601 4302 conuersi
614 4265 628 4300 e
640 4249 711 4302 And.
728 4248 816 4300 oxon.
920 4246 950 4296 tt
967 4242 1105 4310 conplures
1119 4241 1151 4291 B.
