<?xml version="1.0" encoding="UTF-8"?>
<!DOCTYPE html PUBLIC "-//W3C//DTD XHTML 1.0 Transitional//EN"
    "http://www.w3.org/TR/xhtml1/DTD/xhtml1-transitional.dtd">
<html xmlns="http://www.w3.org/1999/xhtml" xml:lang="en" lang="en">
 <head>
  <title>
</title>
<meta http-equiv="Content-Type" content="text/html;charset=utf-8" />
  <meta name='ocr-system' content='tesseract 3.04.00' />
  <meta name='ocr-capabilities' content='ocr_page ocr_carea ocr_par ocr_line ocrx_word'/>
</head>
<body>
  <div class='ocr_page' id='page_1' title='image "./civliicaesarisc02hirtgoog_0673.png"; bbox 0 0 2692 4688; ppageno 0'>
   <div class='ocr_carea' id='block_1_1' title="bbox 78 208 933 289">
    <p class='ocr_par' dir='ltr' id='par_1_1' title="bbox 78 208 933 289">
     <span class='ocr_line' id='line_1_1' title="bbox 78 208 933 289; baseline -0.016 0"><span class='ocrx_word' id='word_1_1' title='bbox 78 219 146 289; x_wconf 73' lang='grc'>660</span> <span class='ocrx_word' id='word_1_2' title='bbox 479 208 933 279; x_wconf 77' lang='lat' dir='ltr'>snttlnnnxnmnntm</span> 
     </span>
    </p>
   </div>
   <div class='ocr_carea' id='block_1_2' title="bbox 81 377 1321 3433">
    <p class='ocr_par' dir='ltr' id='par_1_2' title="bbox 139 377 1266 477">
     <span class='ocr_line' id='line_1_2' title="bbox 139 377 1266 477; baseline -0.005 -21"><span class='ocrx_word' id='word_1_3' title='bbox 139 401 224 477; x_wconf 89' lang='lat' dir='ltr'>parte</span> <span class='ocrx_word' id='word_1_4' title='bbox 248 388 362 473; x_wconf 92' lang='lat' dir='ltr'>positus</span> <span class='ocrx_word' id='word_1_5' title='bbox 386 395 553 464; x_wconf 90' lang='lat' dir='ltr'>terrarum,</span> <span class='ocrx_word' id='word_1_6' title='bbox 578 405 653 468; x_wconf 90' lang='lat' dir='ltr'>quae</span> <span class='ocrx_word' id='word_1_7' title='bbox 676 385 757 449; x_wconf 91' lang='lat' dir='ltr'>nulla</span> <span class='ocrx_word' id='word_1_8' title='bbox 772 383 919 470; x_wconf 91' lang='lat' dir='ltr'>praesidia</span> <span class='ocrx_word' id='word_1_9' title='bbox 937 377 1080 447; x_wconf 76' lang='lat' dir='ltr'>Caesaris</span> <span class='ocrx_word' id='word_1_10' title='bbox 1096 380 1266 464; x_wconf 79' lang='lat' dir='ltr'>habuisset,</span> 
     </span>
    </p>

    <p class='ocr_par' dir='ltr' id='par_1_3' title="bbox 102 485 1268 572">
     <span class='ocr_line' id='line_1_3' title="bbox 102 485 1268 572; baseline -0.007 -12"><span class='ocrx_word' id='word_1_11' title='bbox 102 495 123 560; x_wconf 87' lang='grc'><strong>2</strong></span> <span class='ocrx_word' id='word_1_12' title='bbox 139 489 324 559; x_wconf 71' lang='lat' dir='ltr'>exercitibus</span> <span class='ocrx_word' id='word_1_13' title='bbox 340 489 531 572; x_wconf 89' lang='lat' dir='ltr'>imperiisque</span> <span class='ocrx_word' id='word_1_14' title='bbox 546 488 577 551; x_wconf 97' lang='lat' dir='ltr'>in</span> <span class='ocrx_word' id='word_1_15' title='bbox 593 485 652 552; x_wconf 89' lang='lat' dir='ltr'>Cn.</span> <span class='ocrx_word' id='word_1_16' title='bbox 670 485 793 571; x_wconf 81' lang='lat' dir='ltr'>Pompei</span> <span class='ocrx_word' id='word_1_17' title='bbox 809 487 916 550; x_wconf 89' lang='lat' dir='ltr'>castris</span> <span class='ocrx_word' id='word_1_18' title='bbox 930 486 1056 549; x_wconf 85' lang='lat' dir='ltr'>luisset:</span> <span class='ocrx_word' id='word_1_19' title='bbox 1075 505 1171 569; x_wconf 83' lang='lat' dir='ltr'>neque</span> <span class='ocrx_word' id='word_1_20' title='bbox 1187 488 1268 553; x_wconf 90' lang='lat' dir='ltr'>enim</span> 
     </span>
    </p>

    <p class='ocr_par' dir='ltr' id='par_1_4' title="bbox 81 586 1267 778">
     <span class='ocr_line' id='line_1_4' title="bbox 139 586 1267 683; baseline -0.005 -23"><span class='ocrx_word' id='word_1_21' title='bbox 139 615 173 660; x_wconf 86' lang='lat' dir='ltr'>se</span> <span class='ocrx_word' id='word_1_22' title='bbox 189 591 328 657; x_wconf 83' lang='lat' dir='ltr'>debuisse</span> <span class='ocrx_word' id='word_1_23' title='bbox 342 590 469 654; x_wconf 83' lang='lat' dir='ltr'>iudicem</span> <span class='ocrx_word' id='word_1_24' title='bbox 484 609 553 654; x_wconf 88' lang='lat' dir='ltr'>esse</span> <span class='ocrx_word' id='word_1_25' title='bbox 568 588 841 683; x_wconf 81' lang='lat' dir='ltr'>controuersiarum</span> <span class='ocrx_word' id='word_1_26' title='bbox 858 588 956 672; x_wconf 92' lang='lat' dir='ltr'>populi</span> <span class='ocrx_word' id='word_1_27' title='bbox 972 586 1121 667; x_wconf 86' lang='lat' dir='ltr'>Romani,</span> <span class='ocrx_word' id='word_1_28' title='bbox 1147 590 1199 653; x_wconf 90' lang='lat' dir='ltr'>scd</span> <span class='ocrx_word' id='word_1_29' title='bbox 1215 611 1267 674; x_wconf 93' lang='lat' dir='ltr'>pa-</span> 
     </span>
     <span class='ocr_line' id='line_1_5' title="bbox 81 684 1267 778; baseline -0.004 -16"><span class='ocrx_word' id='word_1_30' title='bbox 81 694 128 768; x_wconf 69' lang='lat'>08</span> <span class='ocrx_word' id='word_1_31' title='bbox 140 717 209 762; x_wconf 89' lang='lat' dir='ltr'>rere</span> <span class='ocrx_word' id='word_1_32' title='bbox 224 691 432 778; x_wconf 89' lang='lat' dir='ltr'>praesentibus</span> <span class='ocrx_word' id='word_1_33' title='bbox 447 693 590 775; x_wconf 89' lang='lat' dir='ltr'>imperiis.</span> <span class='ocrx_word' id='word_1_34' title='bbox 623 686 738 755; x_wconf 85' lang='lat' dir='ltr'>Contra</span> <span class='ocrx_word' id='word_1_35' title='bbox 754 711 840 773; x_wconf 90' lang='lat' dir='ltr'>quem</span> <span class='ocrx_word' id='word_1_36' title='bbox 856 684 1054 754; x_wconf 86' lang='lat' dir='ltr'>Caesareum</span> <span class='ocrx_word' id='word_1_37' title='bbox 1070 690 1197 776; x_wconf 87' lang='lat' dir='ltr'>plurima</span> <span class='ocrx_word' id='word_1_38' title='bbox 1212 713 1267 757; x_wconf 90' lang='lat' dir='ltr'>sua</span> 
     </span>
    </p>

    <p class='ocr_par' dir='ltr' id='par_1_5' title="bbox 140 791 1300 876">
     <span class='ocr_line' id='line_1_6' title="bbox 140 791 1300 876; baseline -0.001 -14"><span class='ocrx_word' id='word_1_39' title='bbox 140 805 406 863; x_wconf 75' lang='lat' dir='ltr'>commemorasset</span> <span class='ocrx_word' id='word_1_40' title='bbox 421 793 534 872; x_wconf 88' lang='lat' dir='ltr'>officia,</span> <span class='ocrx_word' id='word_1_41' title='bbox 551 813 627 875; x_wconf 91' lang='lat' dir='ltr'>quae</span> <span class='ocrx_word' id='word_1_42' title='bbox 643 792 749 857; x_wconf 88' lang='lat' dir='ltr'>consul</span> <span class='ocrx_word' id='word_1_43' title='bbox 763 793 791 857; x_wconf 89' lang='lat' dir='ltr'>ei</span> <span class='ocrx_word' id='word_1_44' title='bbox 807 791 937 856; x_wconf 77' lang='lat' dir='ltr'>decretis</span> <span class='ocrx_word' id='word_1_45' title='bbox 954 791 1079 876; x_wconf 90' lang='lat' dir='ltr'>publicis</span> <span class='ocrx_word' id='word_1_46' title='bbox 1094 793 1262 875; x_wconf 87' lang='lat' dir='ltr'>tribuisset,</span> <span class='ocrx_word' id='word_1_47' title='bbox 1286 809 1300 860; x_wconf 81' lang='lat' dir='ltr'>t</span> 
     </span>
    </p>

    <p class='ocr_par' dir='ltr' id='par_1_6' title="bbox 141 894 1254 981">
     <span class='ocr_line' id='line_1_7' title="bbox 141 894 1254 981; baseline -0.004 -16"><span class='ocrx_word' id='word_1_48' title='bbox 141 918 267 981; x_wconf 90' lang='lat' dir='ltr'>cumque</span> <span class='ocrx_word' id='word_1_49' title='bbox 285 895 488 960; x_wconf 73' lang='lat' dir='ltr'>defensionem</span> <span class='ocrx_word' id='word_1_50' title='bbox 505 896 570 959; x_wconf 89' lang='lat' dir='ltr'>eins</span> <span class='ocrx_word' id='word_1_51' title='bbox 586 896 698 959; x_wconf 91' lang='lat' dir='ltr'>nnllam</span> <span class='ocrx_word' id='word_1_52' title='bbox 714 915 802 978; x_wconf 90' lang='lat' dir='ltr'>posse</span> <span class='ocrx_word' id='word_1_53' title='bbox 817 895 1045 958; x_wconf 80' lang='lat' dir='ltr'>exeusationem</span> <span class='ocrx_word' id='word_1_54' title='bbox 1061 894 1125 959; x_wconf 90' lang='lat' dir='ltr'>eins</span> <span class='ocrx_word' id='word_1_55' title='bbox 1140 897 1254 981; x_wconf 91' lang='lat' dir='ltr'>impru-</span> 
     </span>
    </p>

    <p class='ocr_par' dir='ltr' id='par_1_7' title="bbox 103 997 1268 1190">
     <span class='ocr_line' id='line_1_8' title="bbox 103 997 1268 1084; baseline -0.007 -13"><span class='ocrx_word' id='word_1_56' title='bbox 103 1001 261 1071; x_wconf 77' lang='lat' dir='ltr'>2dentiae</span> <span class='ocrx_word' id='word_1_57' title='bbox 275 998 410 1081; x_wconf 87' lang='lat' dir='ltr'>recipcre</span> <span class='ocrx_word' id='word_1_58' title='bbox 426 998 626 1082; x_wconf 78' lang='lat' dir='ltr'>coarguisset,</span> <span class='ocrx_word' id='word_1_59' title='bbox 641 998 718 1084; x_wconf 92' lang='lat' dir='ltr'>quod</span> <span class='ocrx_word' id='word_1_60' title='bbox 736 998 823 1060; x_wconf 90' lang='lat' dir='ltr'>homo</span> <span class='ocrx_word' id='word_1_61' title='bbox 840 1006 942 1061; x_wconf 88' lang='lat' dir='ltr'>tantae</span> <span class='ocrx_word' id='word_1_62' title='bbox 958 997 1133 1081; x_wconf 79' lang='lat' dir='ltr'>prudentiae</span> <span class='ocrx_word' id='word_1_63' title='bbox 1149 1019 1184 1062; x_wconf 88' lang='lat' dir='ltr'>sc</span> <span class='ocrx_word' id='word_1_64' title='bbox 1201 1000 1268 1064; x_wconf 94' lang='lat' dir='ltr'>dili-</span> 
     </span>
     <span class='ocr_line' id='line_1_9' title="bbox 140 1092 1268 1190; baseline -0.002 -23"><span class='ocrx_word' id='word_1_65' title='bbox 140 1102 261 1190; x_wconf 90' lang='lat' dir='ltr'>gcntine</span> <span class='ocrx_word' id='word_1_66' title='bbox 276 1101 355 1163; x_wconf 90' lang='lat' dir='ltr'>scire</span> <span class='ocrx_word' id='word_1_67' title='bbox 371 1099 530 1184; x_wconf 90' lang='lat' dir='ltr'>potuisset,</span> <span class='ocrx_word' id='word_1_68' title='bbox 543 1100 609 1187; x_wconf 89' lang='lat' dir='ltr'>quis</span> <span class='ocrx_word' id='word_1_69' title='bbox 625 1099 728 1162; x_wconf 89' lang='lat' dir='ltr'>urbem</span> <span class='ocrx_word' id='word_1_70' title='bbox 737 1092 920 1181; x_wconf 83' lang='lat' dir='ltr'>Italiamque</span> <span class='ocrx_word' id='word_1_71' title='bbox 931 1109 1060 1177; x_wconf 90' lang='lat' dir='ltr'>teneret,</span> <span class='ocrx_word' id='word_1_72' title='bbox 1076 1099 1126 1164; x_wconf 91' lang='lat' dir='ltr'>uhi</span> <span class='ocrx_word' id='word_1_73' title='bbox 1140 1112 1268 1165; x_wconf 87' lang='lat' dir='ltr'>senatus</span> 
     </span>
    </p>

    <p class='ocr_par' dir='ltr' id='par_1_8' title="bbox 111 1200 1266 1290">
     <span class='ocr_line' id='line_1_10' title="bbox 111 1200 1266 1290; baseline -0.001 -22"><span class='ocrx_word' id='word_1_74' title='bbox 111 1200 114 1205; x_wconf 69' lang='grc'><strong>’</strong></span> <span class='ocrx_word' id='word_1_75' title='bbox 137 1204 323 1290; x_wconf 90' lang='lat' dir='ltr'>populusque</span> <span class='ocrx_word' id='word_1_76' title='bbox 338 1200 513 1280; x_wconf 84' lang='lat' dir='ltr'>Romanus,</span> <span class='ocrx_word' id='word_1_77' title='bbox 538 1201 587 1266; x_wconf 91' lang='lat' dir='ltr'>uhi</span> <span class='ocrx_word' id='word_1_78' title='bbox 609 1200 775 1285; x_wconf 81' lang='lat' dir='ltr'>respublica</span> <span class='ocrx_word' id='word_1_79' title='bbox 798 1211 900 1279; x_wconf 88' lang='lat' dir='ltr'>essct,</span> <span class='ocrx_word' id='word_1_80' title='bbox 925 1201 975 1283; x_wconf 91' lang='lat' dir='ltr'>qui</span> <span class='ocrx_word' id='word_1_81' title='bbox 1000 1200 1126 1284; x_wconf 90' lang='lat' dir='ltr'>deniqne</span> <span class='ocrx_word' id='word_1_82' title='bbox 1142 1214 1210 1285; x_wconf 90' lang='lat' dir='ltr'>post</span> <span class='ocrx_word' id='word_1_83' title='bbox 1224 1201 1266 1267; x_wconf 75' lang='lat' dir='ltr'>L.</span> 
     </span>
    </p>

    <p class='ocr_par' dir='ltr' id='par_1_9' title="bbox 105 1299 1317 1796">
     <span class='ocr_line' id='line_1_11' title="bbox 105 1299 1317 1382; baseline -0.005 -10"><span class='ocrx_word' id='word_1_84' title='bbox 105 1305 125 1372; x_wconf 84' lang='lat'><strong>3</strong></span> <span class='ocrx_word' id='word_1_85' title='bbox 140 1303 321 1382; x_wconf 76' lang='lat' dir='ltr'>Lentulum,</span> <span class='ocrx_word' id='word_1_86' title='bbox 338 1299 376 1367; x_wconf 86' lang='lat' dir='ltr'>C.</span> <span class='ocrx_word' id='word_1_87' title='bbox 392 1302 569 1367; x_wconf 88' lang='lat' dir='ltr'>Marcellum</span> <span class='ocrx_word' id='word_1_88' title='bbox 585 1303 743 1381; x_wconf 88' lang='lat' dir='ltr'>consules,</span> <span class='ocrx_word' id='word_1_89' title='bbox 760 1313 861 1366; x_wconf 85' lang='lat' dir='ltr'>tamen</span> <span class='ocrx_word' id='word_1_90' title='bbox 876 1323 911 1366; x_wconf 93' lang='lat' dir='ltr'>se</span> <span class='ocrx_word' id='word_1_91' title='bbox 927 1303 1092 1366; x_wconf 87' lang='lat' dir='ltr'>concedere</span> <span class='ocrx_word' id='word_1_92' title='bbox 1107 1302 1137 1364; x_wconf 93' lang='lat' dir='ltr'>id</span> <span class='ocrx_word' id='word_1_93' title='bbox 1152 1304 1266 1368; x_wconf 85' lang='lat' dir='ltr'>lactum</span> <span class='ocrx_word' id='word_1_94' title='bbox 1289 1315 1317 1368; x_wconf 86' lang='lat' dir='ltr'>tr</span> 
     </span>
     <span class='ocr_line' id='line_1_12' title="bbox 141 1404 1266 1495; baseline -0.004 -20"><span class='ocrx_word' id='word_1_95' title='bbox 141 1406 345 1495; x_wconf 90' lang='lat' dir='ltr'>superioribus</span> <span class='ocrx_word' id='word_1_96' title='bbox 361 1404 424 1468; x_wconf 91' lang='lat' dir='ltr'>suis</span> <span class='ocrx_word' id='word_1_97' title='bbox 439 1405 605 1482; x_wconf 81' lang='lat' dir='ltr'>beneficiis,</span> <span class='ocrx_word' id='word_1_98' title='bbox 624 1406 720 1468; x_wconf 90' lang='lat' dir='ltr'>ueteri</span> <span class='ocrx_word' id='word_1_99' title='bbox 737 1404 865 1488; x_wconf 90' lang='lat' dir='ltr'>hospitio</span> <span class='ocrx_word' id='word_1_100' title='bbox 882 1415 970 1487; x_wconf 83' lang='lat' dir='ltr'>atque</span> <span class='ocrx_word' id='word_1_101' title='bbox 987 1404 1149 1481; x_wconf 79' lang='lat' dir='ltr'>amicitiae,</span> <span class='ocrx_word' id='word_1_102' title='bbox 1167 1406 1266 1491; x_wconf 89' lang='lat' dir='ltr'>digni·</span> 
     </span>
     <span class='ocr_line' id='line_1_13' title="bbox 140 1506 1268 1590; baseline 0 -17"><span class='ocrx_word' id='word_1_103' title='bbox 140 1510 196 1573; x_wconf 90' lang='lat' dir='ltr'>tati</span> <span class='ocrx_word' id='word_1_104' title='bbox 210 1506 360 1588; x_wconf 86' lang='lat' dir='ltr'>aetatique</span> <span class='ocrx_word' id='word_1_105' title='bbox 375 1507 521 1585; x_wconf 92' lang='lat' dir='ltr'>hominis,</span> <span class='ocrx_word' id='word_1_106' title='bbox 545 1507 681 1590; x_wconf 86' lang='lat' dir='ltr'>precibus</span> <span class='ocrx_word' id='word_1_107' title='bbox 698 1528 821 1585; x_wconf 90' lang='lat' dir='ltr'>eorum,</span> <span class='ocrx_word' id='word_1_108' title='bbox 843 1508 891 1589; x_wconf 87' lang='lat' dir='ltr'>qui</span> <span class='ocrx_word' id='word_1_109' title='bbox 908 1508 1079 1589; x_wconf 80' lang='lat' dir='ltr'>frequentes</span> <span class='ocrx_word' id='word_1_110' title='bbox 1094 1509 1268 1573; x_wconf 88' lang='lat' dir='ltr'>concurris·</span> 
     </span>
     <span class='ocr_line' id='line_1_14' title="bbox 141 1607 1268 1693; baseline -0.002 -18"><span class='ocrx_word' id='word_1_111' title='bbox 141 1621 211 1675; x_wconf 88' lang='lat' dir='ltr'>sent</span> <span class='ocrx_word' id='word_1_112' title='bbox 225 1608 356 1692; x_wconf 87' lang='lat' dir='ltr'>hospites</span> <span class='ocrx_word' id='word_1_113' title='bbox 372 1619 462 1691; x_wconf 85' lang='lat' dir='ltr'>atque</span> <span class='ocrx_word' id='word_1_114' title='bbox 476 1608 564 1672; x_wconf 86' lang='lat' dir='ltr'>amici</span> <span class='ocrx_word' id='word_1_115' title='bbox 579 1607 717 1673; x_wconf 79' lang='lat' dir='ltr'>Deiotari</span> <span class='ocrx_word' id='word_1_116' title='bbox 733 1610 769 1673; x_wconf 89' lang='lat' dir='ltr'>ad</span> <span class='ocrx_word' id='word_1_117' title='bbox 785 1609 1017 1693; x_wconf 88' lang='lat' dir='ltr'>deprecandum,</span> <span class='ocrx_word' id='word_1_118' title='bbox 1036 1607 1071 1670; x_wconf 92' lang='lat' dir='ltr'>dc</span> <span class='ocrx_word' id='word_1_119' title='bbox 1087 1619 1268 1674; x_wconf 90' lang='lat' dir='ltr'>controuer-</span> 
     </span>
     <span class='ocr_line' id='line_1_15' title="bbox 141 1708 1266 1796; baseline -0.001 -21"><span class='ocrx_word' id='word_1_120' title='bbox 141 1712 197 1776; x_wconf 88' lang='lat' dir='ltr'>siis</span> <span class='ocrx_word' id='word_1_121' title='bbox 213 1708 432 1775; x_wconf 86' lang='lat' dir='ltr'>tetrarcharum</span> <span class='ocrx_word' id='word_1_122' title='bbox 448 1722 551 1794; x_wconf 89' lang='lat' dir='ltr'>postea</span> <span class='ocrx_word' id='word_1_123' title='bbox 567 1733 600 1775; x_wconf 89' lang='lat' dir='ltr'>se</span> <span class='ocrx_word' id='word_1_124' title='bbox 616 1712 803 1796; x_wconf 90' lang='lat' dir='ltr'>cogniturum</span> <span class='ocrx_word' id='word_1_125' title='bbox 819 1729 886 1775; x_wconf 88' lang='lat' dir='ltr'>esse</span> <span class='ocrx_word' id='word_1_126' title='bbox 897 1709 982 1787; x_wconf 77' lang='lat' dir='ltr'>dixit,</span> <span class='ocrx_word' id='word_1_127' title='bbox 994 1708 1109 1794; x_wconf 90' lang='lat' dir='ltr'>regium</span> <span class='ocrx_word' id='word_1_128' title='bbox 1122 1710 1266 1774; x_wconf 87' lang='lat' dir='ltr'>uestitum</span> 
     </span>
    </p>

    <p class='ocr_par' dir='ltr' id='par_1_10' title="bbox 106 1810 1319 2002">
     <span class='ocr_line' id='line_1_16' title="bbox 106 1810 1319 1896; baseline -0.001 -18"><span class='ocrx_word' id='word_1_129' title='bbox 106 1813 172 1880; x_wconf 80' lang='lat' dir='ltr'>tei</span> <span class='ocrx_word' id='word_1_130' title='bbox 193 1814 337 1879; x_wconf 88' lang='lat' dir='ltr'>restituit.</span> <span class='ocrx_word' id='word_1_131' title='bbox 368 1810 535 1896; x_wconf 85' lang='lat' dir='ltr'>Legionem</span> <span class='ocrx_word' id='word_1_132' title='bbox 558 1824 758 1892; x_wconf 89' lang='lat' dir='ltr'>autemeam,</span> <span class='ocrx_word' id='word_1_133' title='bbox 782 1835 867 1896; x_wconf 91' lang='lat' dir='ltr'>qnam</span> <span class='ocrx_word' id='word_1_134' title='bbox 891 1833 931 1876; x_wconf 85' lang='lat' dir='ltr'>ex</span> <span class='ocrx_word' id='word_1_135' title='bbox 946 1832 1057 1896; x_wconf 82' lang='lat' dir='ltr'>genere</span> <span class='ocrx_word' id='word_1_136' title='bbox 1072 1810 1180 1874; x_wconf 90' lang='lat' dir='ltr'>ciuium</span> <span class='ocrx_word' id='word_1_137' title='bbox 1198 1833 1269 1877; x_wconf 91' lang='lat' dir='ltr'>sno·</span> <span class='ocrx_word' id='word_1_138' title='bbox 1291 1824 1319 1877; x_wconf 83' lang='lat' dir='ltr'>tt</span> 
     </span>
     <span class='ocr_line' id='line_1_17' title="bbox 143 1912 1264 2002; baseline -0.002 -22"><span class='ocrx_word' id='word_1_139' title='bbox 143 1936 209 1980; x_wconf 88' lang='lat' dir='ltr'>rum</span> <span class='ocrx_word' id='word_1_140' title='bbox 223 1912 385 1979; x_wconf 85' lang='lat' dir='ltr'>Deiotarus</span> <span class='ocrx_word' id='word_1_141' title='bbox 401 1925 552 1980; x_wconf 89' lang='lat' dir='ltr'>armatura</span> <span class='ocrx_word' id='word_1_142' title='bbox 568 1917 782 2002; x_wconf 78' lang='lat' dir='ltr'>disciplinaque</span> <span class='ocrx_word' id='word_1_143' title='bbox 798 1926 901 1980; x_wconf 90' lang='lat' dir='ltr'>nostra</span> <span class='ocrx_word' id='word_1_144' title='bbox 917 1914 1109 1979; x_wconf 87' lang='lat' dir='ltr'>constitutam</span> <span class='ocrx_word' id='word_1_145' title='bbox 1125 1914 1264 1993; x_wconf 88' lang='lat' dir='ltr'>hahebat,</span> 
     </span>
    </p>

    <p class='ocr_par' dir='ltr' id='par_1_11' title="bbox 86 2015 1319 2920">
     <span class='ocr_line' id='line_1_18' title="bbox 86 2015 1268 2104; baseline -0.002 -23"><span class='ocrx_word' id='word_1_146' title='bbox 86 2019 132 2091; x_wconf 72' lang='grc'>69</span> <span class='ocrx_word' id='word_1_147' title='bbox 142 2019 364 2102; x_wconf 82' lang='lat' dir='ltr'>equitatumque</span> <span class='ocrx_word' id='word_1_148' title='bbox 386 2038 503 2082; x_wconf 89' lang='lat' dir='ltr'>omnem</span> <span class='ocrx_word' id='word_1_149' title='bbox 526 2019 564 2083; x_wconf 90' lang='lat' dir='ltr'>ad</span> <span class='ocrx_word' id='word_1_150' title='bbox 585 2018 694 2082; x_wconf 91' lang='lat' dir='ltr'>bellum</span> <span class='ocrx_word' id='word_1_151' title='bbox 715 2019 877 2104; x_wconf 90' lang='lat' dir='ltr'>gerendum</span> <span class='ocrx_word' id='word_1_152' title='bbox 892 2019 1041 2082; x_wconf 89' lang='lat' dir='ltr'>adducere</span> <span class='ocrx_word' id='word_1_153' title='bbox 1057 2016 1156 2081; x_wconf 89' lang='lat' dir='ltr'>iussit.</span> <span class='ocrx_word' id='word_1_154' title='bbox 1189 2015 1268 2080; x_wconf 90' lang='lat' dir='ltr'>Cum</span> 
     </span>
     <span class='ocr_line' id='line_1_19' title="bbox 141 2117 1266 2205; baseline -0.004 -20"><span class='ocrx_word' id='word_1_155' title='bbox 141 2121 175 2185; x_wconf 87' lang='lat' dir='ltr'>in</span> <span class='ocrx_word' id='word_1_156' title='bbox 196 2117 326 2186; x_wconf 85' lang='lat' dir='ltr'>Pontum</span> <span class='ocrx_word' id='word_1_157' title='bbox 347 2121 484 2186; x_wconf 90' lang='lat' dir='ltr'>uenisset</span> <span class='ocrx_word' id='word_1_158' title='bbox 506 2121 665 2205; x_wconf 89' lang='lat' dir='ltr'>copiasque</span> <span class='ocrx_word' id='word_1_159' title='bbox 689 2142 793 2185; x_wconf 86' lang='lat' dir='ltr'>omnes</span> <span class='ocrx_word' id='word_1_160' title='bbox 815 2122 846 2185; x_wconf 90' lang='lat' dir='ltr'>in</span> <span class='ocrx_word' id='word_1_161' title='bbox 869 2143 960 2185; x_wconf 91' lang='lat' dir='ltr'>unum</span> <span class='ocrx_word' id='word_1_162' title='bbox 983 2121 1081 2184; x_wconf 92' lang='lat' dir='ltr'>locum</span> <span class='ocrx_word' id='word_1_163' title='bbox 1104 2118 1266 2202; x_wconf 68' lang='lat' dir='ltr'>coegisset,</span> 
     </span>
     <span class='ocr_line' id='line_1_20' title="bbox 145 2221 1266 2308; baseline -0.005 -20"><span class='ocrx_word' id='word_1_164' title='bbox 145 2243 222 2308; x_wconf 80' lang='lat' dir='ltr'>quae</span> <span class='ocrx_word' id='word_1_165' title='bbox 245 2244 370 2287; x_wconf 88' lang='lat' dir='ltr'>numero</span> <span class='ocrx_word' id='word_1_166' title='bbox 392 2234 481 2306; x_wconf 85' lang='lat' dir='ltr'>atque</span> <span class='ocrx_word' id='word_1_167' title='bbox 503 2224 722 2288; x_wconf 80' lang='lat' dir='ltr'>exercitatione</span> <span class='ocrx_word' id='word_1_168' title='bbox 745 2223 890 2289; x_wconf 88' lang='lat' dir='ltr'>bellorum</span> <span class='ocrx_word' id='word_1_169' title='bbox 913 2224 1079 2288; x_wconf 88' lang='lat' dir='ltr'>medioeres</span> <span class='ocrx_word' id='word_1_170' title='bbox 1095 2230 1180 2284; x_wconf 91' lang='lat' dir='ltr'>erant</span> <span class='ocrx_word' id='word_1_171' title='bbox 1194 2221 1266 2303; x_wconf 88' lang='lat' dir='ltr'>(ex-</span> 
     </span>
     <span class='ocr_line' id='line_1_21' title="bbox 142 2323 1317 2412; baseline -0.003 -22"><span class='ocrx_word' id='word_1_172' title='bbox 142 2337 228 2412; x_wconf 88' lang='lat' dir='ltr'>cepta</span> <span class='ocrx_word' id='word_1_173' title='bbox 251 2326 328 2390; x_wconf 88' lang='lat' dir='ltr'>enim</span> <span class='ocrx_word' id='word_1_174' title='bbox 344 2325 461 2410; x_wconf 89' lang='lat' dir='ltr'>legione</span> <span class='ocrx_word' id='word_1_175' title='bbox 477 2336 584 2403; x_wconf 87' lang='lat' dir='ltr'>sexta,</span> <span class='ocrx_word' id='word_1_176' title='bbox 607 2345 694 2409; x_wconf 88' lang='lat' dir='ltr'>qnam</span> <span class='ocrx_word' id='word_1_177' title='bbox 711 2346 812 2391; x_wconf 91' lang='lat' dir='ltr'>secum</span> <span class='ocrx_word' id='word_1_178' title='bbox 828 2327 997 2390; x_wconf 85' lang='lat' dir='ltr'>adduxerat</span> <span class='ocrx_word' id='word_1_179' title='bbox 1012 2323 1199 2390; x_wconf 80' lang='lat' dir='ltr'>Alexandria</span> <span class='ocrx_word' id='word_1_180' title='bbox 1215 2344 1267 2387; x_wconf 93' lang='lat' dir='ltr'>ne·</span> <span class='ocrx_word' id='word_1_181' title='bbox 1286 2332 1317 2387; x_wconf 77' lang='lat' dir='ltr'>tc</span> 
     </span>
     <span class='ocr_line' id='line_1_22' title="bbox 142 2425 1265 2512; baseline -0.003 -20"><span class='ocrx_word' id='word_1_182' title='bbox 142 2439 276 2492; x_wconf 85' lang='lat' dir='ltr'>teranam</span> <span class='ocrx_word' id='word_1_183' title='bbox 300 2427 400 2490; x_wconf 92' lang='lat' dir='ltr'>multis</span> <span class='ocrx_word' id='word_1_184' title='bbox 418 2427 569 2492; x_wconf 89' lang='lat' dir='ltr'>laboribus</span> <span class='ocrx_word' id='word_1_185' title='bbox 585 2428 785 2512; x_wconf 89' lang='lat' dir='ltr'>periculisque</span> <span class='ocrx_word' id='word_1_186' title='bbox 801 2429 930 2492; x_wconf 90' lang='lat' dir='ltr'>lunetam</span> <span class='ocrx_word' id='word_1_187' title='bbox 947 2429 1108 2511; x_wconf 88' lang='lat' dir='ltr'>multisque</span> <span class='ocrx_word' id='word_1_188' title='bbox 1124 2425 1265 2490; x_wconf 89' lang='lat' dir='ltr'>militibus</span> 
     </span>
     <span class='ocr_line' id='line_1_23' title="bbox 141 2527 1264 2615; baseline -0.001 -23"><span class='ocrx_word' id='word_1_189' title='bbox 141 2529 249 2615; x_wconf 90' lang='lat' dir='ltr'>partim</span> <span class='ocrx_word' id='word_1_190' title='bbox 274 2527 443 2592; x_wconf 87' lang='lat' dir='ltr'>difficultate</span> <span class='ocrx_word' id='word_1_191' title='bbox 457 2529 598 2594; x_wconf 91' lang='lat' dir='ltr'>itinerum</span> <span class='ocrx_word' id='word_1_192' title='bbox 613 2552 648 2595; x_wconf 92' lang='lat' dir='ltr'>ac</span> <span class='ocrx_word' id='word_1_193' title='bbox 665 2530 887 2614; x_wconf 90' lang='lat' dir='ltr'>nauigationum</span> <span class='ocrx_word' id='word_1_194' title='bbox 903 2531 1008 2615; x_wconf 89' lang='lat' dir='ltr'>partim</span> <span class='ocrx_word' id='word_1_195' title='bbox 1026 2531 1188 2594; x_wconf 90' lang='lat' dir='ltr'>crebritate</span> <span class='ocrx_word' id='word_1_196' title='bbox 1201 2527 1264 2592; x_wconf 88' lang='lat' dir='ltr'>hel·</span> 
     </span>
     <span class='ocr_line' id='line_1_24' title="bbox 142 2630 1267 2711; baseline -0.002 -15"><span class='ocrx_word' id='word_1_197' title='bbox 142 2631 239 2696; x_wconf 90' lang='lat' dir='ltr'>lorum</span> <span class='ocrx_word' id='word_1_198' title='bbox 254 2630 328 2694; x_wconf 91' lang='lat' dir='ltr'>adeo</span> <span class='ocrx_word' id='word_1_199' title='bbox 344 2630 542 2711; x_wconf 87' lang='lat' dir='ltr'>deminutam,</span> <span class='ocrx_word' id='word_1_200' title='bbox 561 2644 593 2696; x_wconf 96' lang='lat' dir='ltr'>ut</span> <span class='ocrx_word' id='word_1_201' title='bbox 607 2633 705 2696; x_wconf 91' lang='lat' dir='ltr'>minus</span> <span class='ocrx_word' id='word_1_202' title='bbox 720 2633 802 2697; x_wconf 91' lang='lat' dir='ltr'>mille</span> <span class='ocrx_word' id='word_1_203' title='bbox 819 2633 987 2698; x_wconf 90' lang='lat' dir='ltr'>hominibus</span> <span class='ocrx_word' id='word_1_204' title='bbox 1002 2633 1032 2695; x_wconf 92' lang='lat' dir='ltr'>in</span> <span class='ocrx_word' id='word_1_205' title='bbox 1050 2652 1085 2696; x_wconf 91' lang='lat' dir='ltr'>ea</span> <span class='ocrx_word' id='word_1_206' title='bbox 1102 2642 1201 2708; x_wconf 88' lang='lat' dir='ltr'>esset,</span> <span class='ocrx_word' id='word_1_207' title='bbox 1218 2650 1267 2694; x_wconf 90' lang='lat' dir='ltr'>re·</span> 
     </span>
     <span class='ocr_line' id='line_1_25' title="bbox 142 2731 1265 2819; baseline -0.004 -20"><span class='ocrx_word' id='word_1_208' title='bbox 142 2733 242 2818; x_wconf 90' lang='lat' dir='ltr'>liquae</span> <span class='ocrx_word' id='word_1_209' title='bbox 257 2744 345 2798; x_wconf 89' lang='lat' dir='ltr'>erant</span> <span class='ocrx_word' id='word_1_210' title='bbox 360 2744 422 2799; x_wconf 92' lang='lat' dir='ltr'>tres</span> <span class='ocrx_word' id='word_1_211' title='bbox 437 2734 584 2819; x_wconf 89' lang='lat' dir='ltr'>legiones,</span> <span class='ocrx_word' id='word_1_212' title='bbox 602 2755 660 2797; x_wconf 91' lang='lat' dir='ltr'>una</span> <span class='ocrx_word' id='word_1_213' title='bbox 676 2731 825 2813; x_wconf 88' lang='lat' dir='ltr'>Deiotari,</span> <span class='ocrx_word' id='word_1_214' title='bbox 843 2737 930 2810; x_wconf 91' lang='lat' dir='ltr'>duae,</span> <span class='ocrx_word' id='word_1_215' title='bbox 948 2735 1069 2816; x_wconf 85' lang='lat' dir='ltr'>quaein</span> <span class='ocrx_word' id='word_1_216' title='bbox 1085 2753 1122 2797; x_wconf 87' lang='lat' dir='ltr'>co</span> <span class='ocrx_word' id='word_1_217' title='bbox 1137 2732 1265 2816; x_wconf 87' lang='lat' dir='ltr'>proelio,</span> 
     </span>
     <span class='ocr_line' id='line_1_26' title="bbox 144 2833 1319 2920; baseline -0.004 -20"><span class='ocrx_word' id='word_1_218' title='bbox 144 2835 220 2920; x_wconf 88' lang='lat' dir='ltr'>qnod</span> <span class='ocrx_word' id='word_1_219' title='bbox 238 2833 297 2902; x_wconf 88' lang='lat' dir='ltr'>Cn.</span> <span class='ocrx_word' id='word_1_220' title='bbox 323 2834 487 2901; x_wconf 90' lang='lat' dir='ltr'>Domitium</span> <span class='ocrx_word' id='word_1_221' title='bbox 511 2838 619 2902; x_wconf 85' lang='lat' dir='ltr'>iecisse</span> <span class='ocrx_word' id='word_1_222' title='bbox 643 2859 708 2901; x_wconf 90' lang='lat' dir='ltr'>cnm</span> <span class='ocrx_word' id='word_1_223' title='bbox 724 2835 879 2901; x_wconf 87' lang='lat' dir='ltr'>Pharnace</span> <span class='ocrx_word' id='word_1_224' title='bbox 900 2835 1092 2918; x_wconf 89' lang='lat' dir='ltr'>scripsimus,</span> <span class='ocrx_word' id='word_1_225' title='bbox 1118 2837 1267 2915; x_wconf 85' lang='lat' dir='ltr'>lucrant),</span> <span class='ocrx_word' id='word_1_226' title='bbox 1289 2840 1319 2895; x_wconf 69' lang='lat'>25</span> 
     </span>
    </p>

    <p class='ocr_par' dir='ltr' id='par_1_12' title="bbox 106 2933 1269 3330">
     <span class='ocr_line' id='line_1_27' title="bbox 106 2933 1269 3022; baseline -0.006 -17"><span class='ocrx_word' id='word_1_227' title='bbox 106 2937 233 3022; x_wconf 65' lang='lat' dir='ltr'>Plegati</span> <span class='ocrx_word' id='word_1_228' title='bbox 255 2936 446 3004; x_wconf 84' lang='lat' dir='ltr'>sPharnace</span> <span class='ocrx_word' id='word_1_229' title='bbox 467 2940 551 3004; x_wconf 90' lang='lat' dir='ltr'>missi</span> <span class='ocrx_word' id='word_1_230' title='bbox 573 2936 736 3005; x_wconf 87' lang='lat' dir='ltr'>Caesarem</span> <span class='ocrx_word' id='word_1_231' title='bbox 760 2940 869 3003; x_wconf 87' lang='lat' dir='ltr'>adeunt</span> <span class='ocrx_word' id='word_1_232' title='bbox 891 2949 979 3020; x_wconf 88' lang='lat' dir='ltr'>atquc</span> <span class='ocrx_word' id='word_1_233' title='bbox 1002 2935 1135 3018; x_wconf 84' lang='lat' dir='ltr'>inprimis</span> <span class='ocrx_word' id='word_1_234' title='bbox 1160 2933 1269 3017; x_wconf 86' lang='lat' dir='ltr'>depre-</span> 
     </span>
     <span class='ocr_line' id='line_1_28' title="bbox 143 3036 1269 3118; baseline -0.002 -16"><span class='ocrx_word' id='word_1_235' title='bbox 143 3050 268 3118; x_wconf 88' lang='lat' dir='ltr'>cantur,</span> <span class='ocrx_word' id='word_1_236' title='bbox 300 3063 338 3106; x_wconf 89' lang='lat' dir='ltr'>nc</span> <span class='ocrx_word' id='word_1_237' title='bbox 360 3042 424 3106; x_wconf 89' lang='lat' dir='ltr'>cius</span> <span class='ocrx_word' id='word_1_238' title='bbox 452 3043 598 3106; x_wconf 88' lang='lat' dir='ltr'>aduentus</span> <span class='ocrx_word' id='word_1_239' title='bbox 623 3042 740 3106; x_wconf 90' lang='lat' dir='ltr'>hostilis</span> <span class='ocrx_word' id='word_1_240' title='bbox 762 3052 861 3105; x_wconf 83' lang='lat' dir='ltr'>esset:</span> <span class='ocrx_word' id='word_1_241' title='bbox 894 3041 1039 3104; x_wconf 85' lang='lat' dir='ltr'>iacturum</span> <span class='ocrx_word' id='word_1_242' title='bbox 1060 3037 1140 3101; x_wconf 87' lang='lat' dir='ltr'>enim</span> <span class='ocrx_word' id='word_1_243' title='bbox 1163 3036 1269 3100; x_wconf 89' lang='lat' dir='ltr'>omnia</span> 
     </span>
     <span class='ocr_line' id='line_1_29' title="bbox 143 3137 1269 3229; baseline -0.002 -27"><span class='ocrx_word' id='word_1_244' title='bbox 143 3137 339 3221; x_wconf 86' lang='lat' dir='ltr'>Pharnacen,</span> <span class='ocrx_word' id='word_1_245' title='bbox 366 3165 441 3226; x_wconf 89' lang='lat' dir='ltr'>quae</span> <span class='ocrx_word' id='word_1_246' title='bbox 463 3144 606 3229; x_wconf 89' lang='lat' dir='ltr'>imperata</span> <span class='ocrx_word' id='word_1_247' title='bbox 629 3156 743 3209; x_wconf 87' lang='lat' dir='ltr'>essent.</span> <span class='ocrx_word' id='word_1_248' title='bbox 777 3141 971 3227; x_wconf 81' lang='lat' dir='ltr'>Maximeque</span> <span class='ocrx_word' id='word_1_249' title='bbox 995 3137 1269 3207; x_wconf 90' lang='lat' dir='ltr'>commemorabant</span> 
     </span>
     <span class='ocr_line' id='line_1_30' title="bbox 143 3239 1265 3330; baseline -0.004 -24"><span class='ocrx_word' id='word_1_250' title='bbox 143 3242 225 3306; x_wconf 87' lang='lat' dir='ltr'>nulla</span> <span class='ocrx_word' id='word_1_251' title='bbox 240 3239 426 3309; x_wconf 87' lang='lat' dir='ltr'>Pharnacem</span> <span class='ocrx_word' id='word_1_252' title='bbox 442 3248 556 3312; x_wconf 86' lang='lat' dir='ltr'>auxilia</span> <span class='ocrx_word' id='word_1_253' title='bbox 572 3257 677 3311; x_wconf 89' lang='lat' dir='ltr'>contra</span> <span class='ocrx_word' id='word_1_254' title='bbox 693 3241 857 3311; x_wconf 85' lang='lat' dir='ltr'>Caesarem</span> <span class='ocrx_word' id='word_1_255' title='bbox 873 3243 1016 3330; x_wconf 89' lang='lat' dir='ltr'>Pompeio</span> <span class='ocrx_word' id='word_1_256' title='bbox 1032 3246 1103 3308; x_wconf 88' lang='lat' dir='ltr'>dare</span> <span class='ocrx_word' id='word_1_257' title='bbox 1119 3240 1265 3315; x_wconf 90' lang='lat' dir='ltr'>uoluisse,</span> 
     </span>
    </p>

    <p class='ocr_par' dir='ltr' id='par_1_13' title="bbox 86 3342 1321 3433">
     <span class='ocr_line' id='line_1_31' title="bbox 86 3342 1321 3433; baseline -0.009 -18"><span class='ocrx_word' id='word_1_258' title='bbox 86 3343 131 3415; x_wconf 75' lang='lat' dir='ltr'>tt</span> <span class='ocrx_word' id='word_1_259' title='bbox 144 3366 208 3410; x_wconf 90' lang='lat' dir='ltr'>cnm</span> <span class='ocrx_word' id='word_1_260' title='bbox 217 3344 394 3426; x_wconf 87' lang='lat' dir='ltr'>Deiotarus,</span> <span class='ocrx_word' id='word_1_261' title='bbox 405 3349 452 3433; x_wconf 93' lang='lat' dir='ltr'>qui</span> <span class='ocrx_word' id='word_1_262' title='bbox 463 3350 604 3427; x_wconf 90' lang='lat' dir='ltr'>dedisset,</span> <span class='ocrx_word' id='word_1_263' title='bbox 615 3360 713 3414; x_wconf 90' lang='lat' dir='ltr'>tamen</span> <span class='ocrx_word' id='word_1_264' title='bbox 724 3349 751 3414; x_wconf 89' lang='lat' dir='ltr'>ei</span> <span class='ocrx_word' id='word_1_265' title='bbox 759 3349 967 3414; x_wconf 82' lang='lat' dir='ltr'>satisfecisset.</span> <span class='ocrx_word' id='word_1_266' title='bbox 986 3344 1102 3412; x_wconf 87' lang='lat' dir='ltr'>Cacsar</span> <span class='ocrx_word' id='word_1_267' title='bbox 1114 3342 1269 3427; x_wconf 88' lang='lat' dir='ltr'>respondit</span> <span class='ocrx_word' id='word_1_268' title='bbox 1290 3350 1321 3405; x_wconf 72' lang='lat' dir='ltr'>tt</span> 
     </span>
    </p>
   </div>
   <div class='ocr_carea' id='block_1_3' title="bbox 135 3506 1273 4352">
    <p class='ocr_par' dir='ltr' id='par_1_14' title="bbox 135 3506 1271 4119">
     <span class='ocr_line' id='line_1_32' title="bbox 250 3506 1268 3580; baseline -0.008 -14"><span class='ocrx_word' id='word_1_269' title='bbox 250 3512 268 3566; x_wconf 86' lang='grc'><strong>2</strong></span> <span class='ocrx_word' id='word_1_270' title='bbox 280 3509 383 3577; x_wconf 83' lang='lat' dir='ltr'>Pompei</span> <span class='ocrx_word' id='word_1_271' title='bbox 396 3529 423 3563; x_wconf 84' lang='lat' dir='ltr'>a.</span> <span class='ocrx_word' id='word_1_272' title='bbox 544 3516 559 3567; x_wconf 85' lang='lat'>7</span> <span class='ocrx_word' id='word_1_273' title='bbox 572 3513 746 3580; x_wconf 82' lang='lat' dir='ltr'>coarguisset]</span> <span class='ocrx_word' id='word_1_274' title='bbox 760 3515 928 3577; x_wconf 79' lang='lat' dir='ltr'>cognouisset</span> <span class='ocrx_word' id='word_1_275' title='bbox 942 3513 966 3561; x_wconf 89' lang='lat' dir='ltr'>h.</span> <span class='ocrx_word' id='word_1_276' title='bbox 1083 3510 1098 3560; x_wconf 77' lang='grc'>9</span> <span class='ocrx_word' id='word_1_277' title='bbox 1112 3507 1154 3576; x_wconf 87' lang='lat' dir='ltr'>qui</span> <span class='ocrx_word' id='word_1_278' title='bbox 1169 3507 1193 3569; x_wconf 85' lang='lat' dir='ltr'>b,</span> <span class='ocrx_word' id='word_1_279' title='bbox 1209 3506 1268 3572; x_wconf 85' lang='lat' dir='ltr'>quit</span> 
     </span>
     <span class='ocr_line' id='line_1_33' title="bbox 142 3584 1269 3657; baseline -0.005 -18"><span class='ocrx_word' id='word_1_280' title='bbox 142 3586 184 3656; x_wconf 85' lang='lat' dir='ltr'>(a)</span> <span class='ocrx_word' id='word_1_281' title='bbox 197 3604 224 3639; x_wconf 84' lang='lat' dir='ltr'>u.</span> <span class='ocrx_word' id='word_1_282' title='bbox 328 3589 438 3657; x_wconf 86' lang='lat' dir='ltr'>denique</span> <span class='ocrx_word' id='word_1_283' title='bbox 451 3606 510 3657; x_wconf 86' lang='lat' dir='ltr'>ego,</span> <span class='ocrx_word' id='word_1_284' title='bbox 525 3592 619 3642; x_wconf 89' lang='lat' dir='ltr'>deinde</span> <span class='ocrx_word' id='word_1_285' title='bbox 633 3591 711 3643; x_wconf 84' lang='lat' dir='ltr'>cedd.</span> <span class='ocrx_word' id='word_1_286' title='bbox 818 3588 1000 3643; x_wconf 86' lang='lat' dir='ltr'>10blareellus</span> <span class='ocrx_word' id='word_1_287' title='bbox 1013 3603 1040 3637; x_wconf 86' lang='lat' dir='ltr'>a.</span> <span class='ocrx_word' id='word_1_288' title='bbox 1145 3584 1269 3634; x_wconf 85' lang='lat' dir='ltr'>consules</span> 
     </span>
     <span class='ocr_line' id='line_1_34' title="bbox 144 3661 1270 3733; baseline -0.009 -14"><span class='ocrx_word' id='word_1_289' title='bbox 144 3669 218 3720; x_wconf 67' lang='lat' dir='ltr'>‘mse</span> <span class='ocrx_word' id='word_1_290' title='bbox 233 3666 266 3732; x_wconf 87' lang='lat'>5’,</span> <span class='ocrx_word' id='word_1_291' title='bbox 281 3669 371 3721; x_wconf 89' lang='lat' dir='ltr'>consul</span> <span class='ocrx_word' id='word_1_292' title='bbox 384 3686 418 3733; x_wconf 69' lang='grc' dir='ltr'>ας</span> <span class='ocrx_word' id='word_1_293' title='bbox 432 3670 524 3721; x_wconf 91' lang='lat' dir='ltr'>consul</span> <span class='ocrx_word' id='word_1_294' title='bbox 537 3677 609 3720; x_wconf 89' lang='lat' dir='ltr'>essct</span> <span class='ocrx_word' id='word_1_295' title='bbox 621 3686 649 3720; x_wconf 83' lang='lat' dir='ltr'>u.</span> <span class='ocrx_word' id='word_1_296' title='bbox 805 3676 892 3718; x_wconf 87' lang='lat' dir='ltr'>tomen</span> <span class='ocrx_word' id='word_1_297' title='bbox 905 3683 921 3717; x_wconf 83' lang='lat' dir='ltr'>a</span> <span class='ocrx_word' id='word_1_298' title='bbox 935 3684 950 3717; x_wconf 87' lang='lat' dir='ltr'>c</span> <span class='ocrx_word' id='word_1_299' title='bbox 962 3665 1069 3730; x_wconf 77' lang='lat' dir='ltr'>aliquot</span> <span class='ocrx_word' id='word_1_300' title='bbox 1082 3661 1150 3713; x_wconf 76' lang='lat' dir='ltr'>dett.</span> <span class='ocrx_word' id='word_1_301' title='bbox 1165 3677 1192 3724; x_wconf 89' lang='lat' dir='ltr'>u,</span> <span class='ocrx_word' id='word_1_302' title='bbox 1208 3676 1270 3711; x_wconf 83' lang='lat' dir='ltr'>cum</span> 
     </span>
     <span class='ocr_line' id='line_1_35' title="bbox 135 3739 1157 3809; baseline -0.008 -15"><span class='ocrx_word' id='word_1_303' title='bbox 135 3746 244 3809; x_wconf 78' lang='lat' dir='ltr'>suisset</span> <span class='ocrx_word' id='word_1_304' title='bbox 255 3746 300 3796; x_wconf 86' lang='lat' dir='ltr'>scd</span> <span class='ocrx_word' id='word_1_305' title='bbox 315 3753 410 3796; x_wconf 84' lang='lat' dir='ltr'>tamen.</span> <span class='ocrx_word' id='word_1_306' title='bbox 517 3746 548 3799; x_wconf 82' lang='lat' dir='ltr'>ts</span> <span class='ocrx_word' id='word_1_307' title='bbox 558 3760 615 3796; x_wconf 87' lang='lat' dir='ltr'>eam</span> <span class='ocrx_word' id='word_1_308' title='bbox 628 3761 644 3795; x_wconf 86' lang='lat' dir='ltr'>a</span> <span class='ocrx_word' id='word_1_309' title='bbox 658 3761 672 3794; x_wconf 89' lang='lat' dir='ltr'>c</span> <span class='ocrx_word' id='word_1_310' title='bbox 685 3744 743 3796; x_wconf 84' lang='lat' dir='ltr'>cod.</span> <span class='ocrx_word' id='word_1_311' title='bbox 758 3743 821 3795; x_wconf 78' lang='lat' dir='ltr'>Vre.</span> <span class='ocrx_word' id='word_1_312' title='bbox 839 3745 853 3794; x_wconf 86' lang='lat'>5</span> <span class='ocrx_word' id='word_1_313' title='bbox 866 3743 945 3807; x_wconf 80' lang='lat' dir='ltr'>dete,</span> <span class='ocrx_word' id='word_1_314' title='bbox 962 3757 1014 3793; x_wconf 88' lang='lat' dir='ltr'>cm.</span> <span class='ocrx_word' id='word_1_315' title='bbox 1029 3739 1116 3790; x_wconf 81' lang='lat' dir='ltr'>Aldus</span> <span class='ocrx_word' id='word_1_316' title='bbox 1129 3753 1157 3787; x_wconf 83' lang='lat' dir='ltr'>n.</span> 
     </span>
     <span class='ocr_line' id='line_1_36' title="bbox 143 3813 1268 3886; baseline -0.005 -15"><span class='ocrx_word' id='word_1_317' title='bbox 143 3819 175 3871; x_wconf 82' lang='lat' dir='ltr'>lh</span> <span class='ocrx_word' id='word_1_318' title='bbox 189 3829 322 3871; x_wconf 80' lang='lat' dir='ltr'>armatura</span> <span class='ocrx_word' id='word_1_319' title='bbox 335 3823 483 3886; x_wconf 75' lang='lat' dir='ltr'>Car&#39;acr&#39;us5</span> <span class='ocrx_word' id='word_1_320' title='bbox 496 3830 598 3873; x_wconf 81' lang='lat' dir='ltr'>metum</span> <span class='ocrx_word' id='word_1_321' title='bbox 611 3837 628 3871; x_wconf 89' lang='lat' dir='ltr'>a</span> <span class='ocrx_word' id='word_1_322' title='bbox 640 3821 668 3885; x_wconf 79' lang='lat' dir='ltr'>d,</span> <span class='ocrx_word' id='word_1_323' title='bbox 682 3826 776 3871; x_wconf 88' lang='lat' dir='ltr'>natura</span> <span class='ocrx_word' id='word_1_324' title='bbox 789 3819 902 3884; x_wconf 75' lang='lat' dir='ltr'>reliqui.</span> <span class='ocrx_word' id='word_1_325' title='bbox 1054 3817 1089 3871; x_wconf 83' lang='grc'>22</span> <span class='ocrx_word' id='word_1_326' title='bbox 1102 3813 1268 3881; x_wconf 80' lang='lat' dir='ltr'>difficultate]</span> 
     </span>
     <span class='ocr_line' id='line_1_37' title="bbox 140 3892 1267 3963; baseline -0.002 -18"><span class='ocrx_word' id='word_1_327' title='bbox 140 3895 268 3946; x_wconf 85' lang='lat' dir='ltr'>bellorum</span> <span class='ocrx_word' id='word_1_328' title='bbox 281 3897 344 3947; x_wconf 81' lang='lat' dir='ltr'>odd.</span> <span class='ocrx_word' id='word_1_329' title='bbox 360 3899 385 3949; x_wconf 85' lang='lat' dir='ltr'>b.</span> <span class='ocrx_word' id='word_1_330' title='bbox 490 3901 523 3954; x_wconf 78' lang='lat'>23</span> <span class='ocrx_word' id='word_1_331' title='bbox 537 3900 688 3950; x_wconf 88' lang='lat' dir='ltr'>diminutam</span> <span class='ocrx_word' id='word_1_332' title='bbox 703 3899 776 3948; x_wconf 69' lang='lat' dir='ltr'>‘mse</span> <span class='ocrx_word' id='word_1_333' title='bbox 786 3897 933 3963; x_wconf 81' lang='lat' dir='ltr'>plerique‘.</span> <span class='ocrx_word' id='word_1_334' title='bbox 1039 3893 1123 3961; x_wconf 88' lang='lat' dir='ltr'>mille]</span> <span class='ocrx_word' id='word_1_335' title='bbox 1138 3910 1196 3944; x_wconf 90' lang='lat' dir='ltr'>cnm</span> <span class='ocrx_word' id='word_1_336' title='bbox 1209 3909 1226 3944; x_wconf 86' lang='grc' dir='ltr'><em>α</em></span> <span class='ocrx_word' id='word_1_337' title='bbox 1241 3892 1267 3958; x_wconf 82' lang='lat' dir='ltr'>d,</span> 
     </span>
     <span class='ocr_line' id='line_1_38' title="bbox 142 3971 1271 4040; baseline -0.001 -17"><span class='ocrx_word' id='word_1_338' title='bbox 142 3987 177 4023; x_wconf 85' lang='lat' dir='ltr'>cu</span> <span class='ocrx_word' id='word_1_339' title='bbox 191 3988 213 4034; x_wconf 85' lang='lat' dir='ltr'>c,</span> <span class='ocrx_word' id='word_1_340' title='bbox 230 3987 243 4020; x_wconf 90' lang='lat' dir='ltr'>c</span> <span class='ocrx_word' id='word_1_341' title='bbox 259 3973 289 4035; x_wconf 84' lang='lat' dir='ltr'>b,-</span> <span class='ocrx_word' id='word_1_342' title='bbox 303 3989 372 4038; x_wconf 83' lang='lat' dir='ltr'>quas</span> <span class='ocrx_word' id='word_1_343' title='bbox 391 3987 417 4020; x_wconf 72' lang='lat' dir='ltr'>aa</span> <span class='ocrx_word' id='word_1_344' title='bbox 429 3978 602 4040; x_wconf 67' lang='lat' dir='ltr'>significant.</span> <span class='ocrx_word' id='word_1_345' title='bbox 727 3973 872 4024; x_wconf 88' lang='lat' dir='ltr'>hominibus</span> <span class='ocrx_word' id='word_1_346' title='bbox 887 3974 901 4022; x_wconf 89' lang='lat' dir='ltr'>b</span> <span class='ocrx_word' id='word_1_347' title='bbox 914 3989 929 4022; x_wconf 89' lang='lat' dir='ltr'>c</span> <span class='ocrx_word' id='word_1_348' title='bbox 941 3972 960 4023; x_wconf 79' lang='lat' dir='ltr'>d</span> <span class='ocrx_word' id='word_1_349' title='bbox 971 3974 988 4025; x_wconf 76' lang='lat' dir='ltr'>l</span> <span class='ocrx_word' id='word_1_350' title='bbox 1001 3971 1067 4024; x_wconf 83' lang='lat' dir='ltr'>dett.</span> <span class='ocrx_word' id='word_1_351' title='bbox 1082 3977 1111 4023; x_wconf 86' lang='lat' dir='ltr'>et</span> <span class='ocrx_word' id='word_1_352' title='bbox 1121 3971 1271 4022; x_wconf 77' lang='lat' dir='ltr'>secundum</span> 
     </span>
     <span class='ocr_line' id='line_1_39' title="bbox 144 4049 1270 4119; baseline -0.004 -16"><span class='ocrx_word' id='word_1_353' title='bbox 144 4051 337 4103; x_wconf 80' lang='lat' dir='ltr'>Achaiatrr&#39;um</span> <span class='ocrx_word' id='word_1_354' title='bbox 350 4068 377 4116; x_wconf 86' lang='lat' dir='ltr'>a,</span> <span class='ocrx_word' id='word_1_355' title='bbox 392 4052 521 4104; x_wconf 87' lang='lat' dir='ltr'>hominnm</span> <span class='ocrx_word' id='word_1_356' title='bbox 534 4051 746 4106; x_wconf 79' lang='lat' dir='ltr'>notescendum</span> <span class='ocrx_word' id='word_1_357' title='bbox 759 4051 917 4119; x_wconf 81' lang='lat' dir='ltr'>cherliam</span> <span class='ocrx_word' id='word_1_358' title='bbox 930 4050 980 4115; x_wconf 83' lang='lat' dir='ltr'>(a).</span> <span class='ocrx_word' id='word_1_359' title='bbox 1115 4049 1150 4105; x_wconf 82' lang='lat' dir='ltr'>at</span> <span class='ocrx_word' id='word_1_360' title='bbox 1163 4061 1228 4115; x_wconf 81' lang='lat' dir='ltr'>quas</span> <span class='ocrx_word' id='word_1_361' title='bbox 1242 4063 1270 4099; x_wconf 86' lang='lat' dir='ltr'>n.</span> 
     </span>
    </p>

    <p class='ocr_par' dir='ltr' id='par_1_15' title="bbox 139 4128 1273 4352">
     <span class='ocr_line' id='line_1_40' title="bbox 250 4128 1272 4198; baseline -0.003 -17"><span class='ocrx_word' id='word_1_362' title='bbox 250 4129 284 4181; x_wconf 81' lang='lat'>25</span> <span class='ocrx_word' id='word_1_363' title='bbox 299 4144 356 4179; x_wconf 89' lang='lat' dir='ltr'>cum</span> <span class='ocrx_word' id='word_1_364' title='bbox 369 4128 488 4182; x_wconf 80' lang='lat' dir='ltr'>Fornace</span> <span class='ocrx_word' id='word_1_365' title='bbox 501 4148 527 4187; x_wconf 88' lang='lat' dir='ltr'>n.</span> <span class='ocrx_word' id='word_1_366' title='bbox 664 4131 698 4188; x_wconf 76' lang='grc'>26</span> <span class='ocrx_word' id='word_1_367' title='bbox 712 4131 737 4181; x_wconf 92' lang='lat' dir='ltr'>in</span> <span class='ocrx_word' id='word_1_368' title='bbox 750 4131 839 4198; x_wconf 85' lang='lat' dir='ltr'>primis</span> <span class='ocrx_word' id='word_1_369' title='bbox 851 4130 901 4195; x_wconf 85' lang='lat' dir='ltr'>(a).</span> <span class='ocrx_word' id='word_1_370' title='bbox 1040 4130 1075 4183; x_wconf 84' lang='grc'>28</span> <span class='ocrx_word' id='word_1_371' title='bbox 1087 4128 1242 4182; x_wconf 76' lang='lat' dir='ltr'>Pharnacen</span> <span class='ocrx_word' id='word_1_372' title='bbox 1255 4144 1272 4179; x_wconf 83' lang='lat' dir='ltr'>a</span> 
     </span>
     <span class='ocr_line' id='line_1_41' title="bbox 144 4205 1273 4275; baseline -0.001 -18"><span class='ocrx_word' id='word_1_373' title='bbox 144 4205 267 4270; x_wconf 80' lang='lat' dir='ltr'>Scaliger</span> <span class='ocrx_word' id='word_1_374' title='bbox 280 4207 378 4257; x_wconf 75' lang='lat' dir='ltr'>eteius</span> <span class='ocrx_word' id='word_1_375' title='bbox 392 4211 573 4261; x_wconf 79' lang='lat' dir='ltr'>annotatione</span> <span class='ocrx_word' id='word_1_376' title='bbox 587 4226 602 4259; x_wconf 89' lang='lat' dir='ltr'>u</span> <span class='ocrx_word' id='word_1_377' title='bbox 610 4230 619 4274; x_wconf 89' lang='lat'>,-</span> <span class='ocrx_word' id='word_1_378' title='bbox 631 4209 756 4275; x_wconf 78' lang='lat' dir='ltr'>Scaliger</span> <span class='ocrx_word' id='word_1_379' title='bbox 768 4213 797 4259; x_wconf 83' lang='lat' dir='ltr'>et</span> <span class='ocrx_word' id='word_1_380' title='bbox 807 4222 825 4258; x_wconf 85' lang='lat' dir='ltr'>u</span> <span class='ocrx_word' id='word_1_381' title='bbox 838 4210 920 4258; x_wconf 82' lang='lat' dir='ltr'>etiam</span> <span class='ocrx_word' id='word_1_382' title='bbox 934 4205 1069 4271; x_wconf 77' lang='lat' dir='ltr'>deinceps.</span> <span class='ocrx_word' id='word_1_383' title='bbox 1187 4205 1273 4257; x_wconf 72' lang='lat' dir='ltr'>ddcc-</span> 
     </span>
     <span class='ocr_line' id='line_1_42' title="bbox 139 4280 325 4352; baseline -0.011 -18"><span class='ocrx_word' id='word_1_384' title='bbox 139 4282 252 4352; x_wconf 82' lang='lat' dir='ltr'>spondet</span> <span class='ocrx_word' id='word_1_385' title='bbox 264 4280 325 4352; x_wconf 81' lang='lat' dir='ltr'>(u)?</span> 
     </span>
    </p>
   </div>
   <div class='ocr_carea' id='block_1_4' title="bbox 0 0 1358 4688">
    <p class='ocr_par' dir='ltr' id='par_1_16' title="bbox 0 0 1358 4688">
     <span class='ocr_line' id='line_1_43' title="bbox 0 0 1358 4688; baseline 0 0"><span class='ocrx_word' id='word_1_386' title='bbox 0 0 1358 4688; x_wconf 95' lang='lat' dir='ltr'> </span> 
     </span>
    </p>
   </div>
  </div>
 </body>
</html>
