2692 4688
487 188 942 267 -1as-„

83 366 159 450 quod
175 364 331 442 edebatur,
348 361 477 447 speciem
490 361 665 447 praebuisse
676 359 799 434 dicitur,
815 379 852 423 eo
865 356 998 443 epitheto
1011 356 1087 422 nihil
1101 377 1206 423 earum

82 489 182 532 rerum
198 467 380 544 continetur,
398 485 474 548 quae
490 473 579 528 antea
595 471 939 540 commemorataesont,
956 481 995 526 ne
1009 461 1125 526 laetitia
1140 462 1208 544 qoi-

83 571 162 634 dem.
208 565 454 653 spectatissimus
477 576 576 630 sutem
600 565 764 649 triumphus
786 563 913 628 solemni
937 561 1083 626 uocabulo
1098 565 1126 627 is
1140 563 1208 647 ipse

81 671 259 755 appellatur,
277 669 360 733 cuius
377 670 425 734 bie
440 670 603 735 similitudo
618 670 806 746 declaratur,
831 666 881 749 qni
895 676 927 731 ει
940 665 1162 748 magnificentia
1176 674 1210 729 et

81 773 180 838 studio
196 782 285 854 atque
301 772 469 856 frequentia
484 773 635 836 bominum
650 770 831 835 celebratur.

168 870 207 939 C.
225 872 286 949 52,
310 874 421 939 lbaec
435 874 469 938 in
483 873 568 937 codd.
587 874 743 959 leguntur:
777 869 868 936 ‘Nam
884 866 923 935 C.
942 867 1054 949 Curio,
1071 858 1211 935 umens}

81 975 187 1060 plebis,
206 996 272 1039 cum
286 971 429 1041 Caesaris
445 996 565 1041 causam
581 975 814 1061 dignitatemque
828 973 1045 1038 defendendam
1058 972 1212 1058 suscepis-

82 1087 141 1156 set,
159 1098 250 1161 saepe
266 1088 330 1142 erat
345 1081 463 1142 senatui
479 1078 638 1162 pollicitus,
656 1078 785 1161 siquem
801 1077 891 1140 umor
904 1097 1056 1140 armornm
1065 1073 1212 1143 Cameris

82 1180 227 1258 laederet,
250 1191 281 1245 et
295 1182 433 1263 quoniam
449 1178 584 1263 Pompeii
600 1180 762 1244 dominatio
776 1190 866 1263 atque
880 1200 964 1244 arma
978 1200 1041 1243 non
1055 1178 1212 1243 minimum

83 1293 231 1347 terrorem
248 1284 313 1347 foro
328 1283 493 1359 inferrent,
512 1283 681 1348 discederet
694 1293 820 1366 uterque
835 1282 872 1346 ab
888 1281 980 1345 armis
995 1280 1212 1364 exercitusque

84 1385 265 1449 dimitteret:
284 1386 401 1450 forceo
417 1387 496 1451 facto
512 1386 637 1450 liberam
653 1395 685 1450 et
699 1385 746 1450 sui
761 1385 836 1449 iuris
846 1385 1021 1449 ciuitatem'.
1043 1380 1103 1447 Hic
1118 1402 1212 1465 quao-

83 1487 163 1552 renti
179 1486 240 1550 Th.
258 1484 410 1564 Bentlcio,
427 1487 496 1570 quid
514 1488 631 1552 tandem
647 1486 797 1572 pollicitus
812 1497 896 1551 esset
914 1481 1029 1564 Curio,
1046 1480 1213 1551 Oborlinns

85 1589 239 1673 respondit
259 1591 323 1653 fore
346 1610 382 1653 eo
406 1590 485 1654 facto
506 1590 632 1654 liberam
647 1587 812 1654 ciuitatem.
858 1587 893 1653 ld
909 1609 982 1653 nero
997 1588 1099 1672 inepte
1114 1581 1213 1652 Curio

85 1691 234 1776 pollicitus
249 1691 413 1770 diceretur,
438 1693 515 1775 quod
538 1703 591 1756 ant
611 1692 726 1776 reipsa
742 1702 920 1757 euenturum
935 1691 1062 1775 quisque
1076 1687 1213 1769 uidebat,

85 1805 158 1873 aut,
181 1794 207 1858 si
228 1794 319 1858 etiam
342 1795 472 1859 dimissis
495 1790 664 1859 aCaesare
687 1804 717 1857 et
731 1792 873 1879 Pompeio
889 1793 1077 1859 exercitibus
1090 1789 1214 1859 lubian

86 1917 155 1963 esse
176 1907 298 1981 posset,
323 1918 384 1960 uon
407 1898 559 1982 polliceri,
584 1897 638 1963 sed
660 1897 813 1961 affirmare
834 1907 887 1960 aut
912 1897 1060 1980 spondere
1079 1905 1212 1981 potent·

87 1995 165 2081 Quid
182 1995 277 2064 Curio
294 1999 443 2082 pollicitus
466 2003 524 2079 sit,
548 1999 705 2084 sequentia
722 2000 849 2064 docent:
876 2006 994 2083 ‘neque
1014 1998 1072 2063 boe
1094 2009 1215 2065 tantu

87 2101 237 2187 pollicitus
252 2114 310 2180 εει,
327 2104 381 2168 sed
397 2105 486 2168 etiam
503 2124 598 2188 perse
614 2101 830 2167 discessionem
845 2101 946 2167 faeere
959 2101 1081 2186 coepit';
1097 2101 1216 2169 liaco-

87 2204 201 2269 sionem
218 2205 295 2271 enim
313 2206 350 2271 de
365 2227 401 2270 ea
415 2216 530 2270 mutum
545 2227 580 2271 re
597 2208 697 2270 faeere
713 2214 841 2289 poterat,
859 2214 893 2267 ut
907 2200 1064 2269 etCaesar
1078 2214 1111 2268 et
1122 2200 1216 2269 Pom·

87 2307 171 2393 peius
186 2307 223 2371 ab
238 2309 329 2372 armis
344 2308 545 2373 discederent.
590 2305 697 2391 Itaqu'e
719 2326 757 2371 ea
778 2305 890 2383 uerba,
914 2327 993 2390 qnae
1013 2305 1099 2371 initio
1112 2305 1214 2391 poam,

88 2421 227 2476 accurate
242 2411 284 2474 ita
299 2420 387 2473 erant
402 2410 603 2475 enuntianda:
626 2406 678 2474 ‘C.
696 2405 791 2474 Curio
806 2429 897 2495 saepe
912 2420 979 2473 erat
991 2409 1113 2474 senatui
1127 2408 1217 2494 polli-

88 2513 185 2587 citos,
212 2512 239 2576 si
254 2509 415 2594 Pompeius
438 2511 591 2576 exercitus
607 2512 791 2591 dimitteret,
813 2512 893 2577 idem
909 2509 1074 2578 Caesarem
1087 2532 1157 2577 esse
1172 2512 1218 2577 fa·

89 2614 232 2677 ctarum’.
264 2610 323 2677 Sed
340 2613 506 2679 interiectis
523 2614 695 2698 quibusdam
712 2614 813 2681 uerbis
828 2615 927 2681 oratio
941 2617 978 2680 ad
993 2615 1137 2681 iussinam
1153 2617 1217 2681 for·

90 2737 166 2780 mam
183 2715 301 2780 deflexa
316 2725 364 2781 est
380 2717 561 2782 ‘discederet
571 2717 865 2801 uterqueabarmis’,
882 2727 1032 2802 tamquam
1047 2738 1139 2802 snpra
1153 2738 1218 2785 nou

91 2819 250 2903 pollicendi
265 2818 407 2898 uerbum,
431 2822 484 2884 sed
510 2820 679 2906 postulandi
702 2821 751 2888 uel
772 2823 871 2888 simile
886 2822 1013 2906 positum
1031 2832 1128 2888 esset.
1171 2820 1217 2887 At

90 2922 184 2987 uerba
201 2925 351 3007 ‘quoniam
368 2920 501 3008 Pompeii
525 2923 688 2988 dominatio
703 2936 794 3008 atque
808 2944 892 2989 arma
908 2944 970 2988 non
984 2923 1139 2991 minimum
1154 2934 1219 2991 tet·-

89 3046 189 3089 rorem
205 3025 270 3090 foro
285 3028 458 3105 inferrent’,
485 3025 592 3110 quibas
616 3049 709 3093 eausa
729 3028 918 3103 declaratur,
943 3046 999 3091 cur
1011 3047 1073 3091 non
1087 3026 1185 3092 cuum
1198 3048 1220 3093 a

92 3122 238 3207 Caesare,
255 3128 407 3194 sedetiam
423 3126 929 3214 aPompeioexercitnsdimittendi
945 3130 1117 3208 uideantur,
1134 3128 1219 3195 nullo

92 3230 179 3292 modo
195 3249 260 3292 cum
277 3230 387 3313 protasi
403 3231 454 3297 illa
478 3232 626 3315 ‘siquem
642 3233 732 3299 timor
745 3254 898 3298 armorum
914 3230 1058 3297 Caesaris
1073 3230 1218 3297 laederel’

89 3330 233 3416 coniungi
249 3342 385 3414 possunt.
416 3330 521 3417 ltaque
538 3336 683 3419 partienda
699 3338 766 3414 ‘et’,
789 3355 866 3421 qnae
883 3333 1051 3399 ‘laederet'
1066 3335 1218 3421 seqnitur,

93 3434 218 3499 delenda
233 3443 292 3496 est.
324 3432 392 3498 Hoc
407 3437 482 3500 uidit
496 3437 665 3517 Wbittius3
681 3439 734 3503 sed
753 3438 802 3501 ‘si’
818 3436 965 3523 particula
978 3447 1049 3500 aute
1065 3436 1221 3503 ‘diseede-

92 3539 149 3601 ret'
165 3536 281 3601 adiecta
295 3537 363 3601 dum
380 3538 504 3602 formam
520 3540 665 3604 orationis
680 3540 822 3624 corrigit,
845 3541 995 3604 sententia
1011 3540 1135 3604 eandem
1151 3559 1221 3623 per·

93 3638 268 3703 uersitatem
286 3651 374 3705 nacta
389 3651 447 3720 est,
465 3664 550 3724 quam
567 3664 657 3727 supra
672 3642 862 3728 reprebendi.
901 3639 1046 3708 Ceterum
1060 3640 1222 3725 sequentia

95 3762 211 3824 quoque
226 3740 325 3805 minus
341 3754 480 3808 accurate
496 3745 681 3808 conformata
697 3759 786 3811 sunta
816 3742 938 3828 ‘Neque
954 3745 1010 3809 boe
1025 3754 1140 3808 tantum
1156 3741 1222 3828 pol-

94 3843 196 3908 licitus
212 3853 278 3920 est,
305 3845 462 3909 sedetiam
478 3867 532 3931 per
547 3867 581 3909 sc
596 3847 810 3913 discessionem
826 3849 928 3912 facere
944 3847 1059 3932 coepits
1081 3847 1159 3931 quod
1181 3865 1222 3913 ne

96 3947 201 4024 lieret,
225 3946 365 4011 consules
390 3948 536 4031 amicique
550 3946 686 4037 Pompeii
708 3951 865 4016 iusserunt
878 3961 968 4033 atque
983 3950 1027 4015 ita
1041 3969 1105 4013 rem
1119 3947 1223 4015 mode·

95 4049 191 4113 raudo
207 4048 438 4113 discusserunt'.
483 4047 665 4117 Extremum
687 4053 765 4119 enim
787 4053 910 4119 uerbum
925 4063 1008 4118 recte
1022 4049 1155 4117 lurinius
1170 4072 1224 4137 po·

97 4152 228 4217 nendum
243 4152 320 4216 dixit
334 4174 388 4237 pro
411 4152 513 4236 inepto
538 4155 784 4241 ‘discesseruntt
824 4153 886 4221 Sed
900 4157 979 4221 idem
1004 4154 1223 4220 ‘moderando'

98 4255 223 4341 insuper
236 4265 370 4337 munus,
386 4277 508 4343 proquo
525 4259 689 4323 ‘morando'
706 4260 777 4345 poni
791 4259 924 4339 uolebat,
940 4279 1025 4324 suam
1039 4256 1106 4343 ipse
1119 4276 1225 4323 emen·
