2692 4688
543 193 866 259 -174—

140 375 214 437 bant
236 383 321 436 etse
346 369 502 433 confestim
526 368 562 430 ad
584 388 657 431 suos
672 364 879 450 recipiebaut'.
905 361 1018 427 Verum
1033 363 1076 427 itu
1091 365 1120 426 in
1136 364 1267 449 quinque

142 487 256 540 tantum
272 472 469 537 deterioribus
490 470 577 534 codd.
596 470 738 556 scriptum
755 479 820 543 est,
844 467 876 530 in
898 468 1021 551 reliquis
1045 467 1178 532 ‘aduersi
1200 469 1267 533 uni·

139 578 266 642 uersas'.
298 575 387 640 Prius
410 575 465 639 bac
481 574 517 636 de
532 593 622 636 causa
643 592 698 657 pro
722 569 880 656 ‘adgressi’
896 569 1021 652 positum
1044 569 1166 634 uidetur
1185 571 1268 651 (⁸ad·

140 680 248 765 gressi'
263 688 362 743 eutem
379 687 461 739 certa
477 675 650 739 coniectura
664 674 806 758 scriptum
822 674 972 751 arbitror,
997 694 1063 736 cum
1087 675 1201 738 nullum
1222 676 1268 739 ni·

141 782 248 845 dentur
261 782 389 845 alterum
405 778 525 842 uerbum
543 778 610 842 buic
627 777 692 841 ioco
708 788 807 862 aptum
830 778 958 860 reperiri
981 782 1110 861 posse),
1136 777 1210 855 sed,
1234 788 1268 841 ut

142 885 241 948 dicere
255 882 458 958 institueram,
475 900 514 943 cx
529 880 688 965 ‘adgressi'
704 879 1031 956 factumest‘adncrsi',
1050 879 1119 962 quia
1128 880 1269 963 sequenti

140 985 209 1050 uoci
224 984 458 1068 suprascriptum
476 993 542 1046 eret
558 982 674 1060 ‘uersi’,
693 992 726 1045 ut
747 981 904 1044 ‘uniuersi'
921 981 1156 1065 legendumesse
1171 981 1268 1067 signi·

141 1089 292 1152 ficeretur.
317 1084 358 1149 Et
376 1086 524 1171 ‘aggressi
541 1085 676 1148 urrinersi
690 1084 769 1149 intra
777 1084 992 1149 multitudinem
1002 1084 1129 1168 sagittas
1136 1084 1269 1151 conicie-

141 1190 229 1254 baut'
253 1189 424 1254 necessario
447 1187 561 1270 requiri
585 1186 738 1265 existimo,
763 1188 831 1271 qnia
855 1209 914 1252 non
930 1197 989 1249 tam
1004 1185 1035 1249 id
1049 1184 1206 1269 agebatur,
1233 1194 1267 1249 ut

141 1287 315 1374 Pompeiani
338 1291 495 1354 uniuersos
519 1291 699 1353 munitiones
723 1292 971 1375 aggrederentur,
995 1308 1082 1371 quam
1106 1298 1140 1352 ut
1160 1308 1267 1353 omues

142 1393 254 1456 milites
277 1413 336 1454 uno
360 1403 492 1476 tempore
507 1393 633 1477 sagittas
649 1394 844 1473 conicerent,
869 1412 907 1457 ne
923 1388 1101 1457 Caesariani
1117 1388 1268 1474 prioribus

143 1496 212 1560 tedis
234 1494 376 1558 admoniti
398 1495 435 1556 ab
450 1495 675 1578 insequentibus
692 1506 837 1559 canerent
852 1506 881 1559 et
897 1492 1265 1577 celeriusseexpedireut,

42 1674 48 1683 Ι
143 1618 230 1682 qnam
245 1595 419 1680 Pompeiani
435 1618 468 1661 se
483 1596 681 1682 recepissent.

229 1696 267 1763 C.
285 1698 327 1763 54
343 1719 485 1781 peruerse
507 1700 548 1763 ita
565 1700 721 1765 edebaturc
747 1699 920 1783 ‘Pompeius
931 1708 1022 1762 noctu
1031 1697 1148 1782 magnis
1157 1697 1267 1763 edditie

142 1802 356 1868 munitionibus
378 1801 502 1884 reliquis
524 1802 627 1865 diebus
653 1813 751 1867 turres
768 1803 906 1866 extruxit
922 1801 996 1865 etin
1013 1801 1201 1865 altitudinem
1215 1820 1269 1885 pe·

143 1907 211 1969 dum
232 1902 295 1968 XV
311 1904 426 1967 effectis
447 1903 587 1987 operibus
609 1904 706 1968 uineis
729 1924 794 1968 cam
821 1915 936 1989 partem
959 1914 1126 1967 castrorum
1149 1902 1270 1968 obtexit

144 2019 176 2072 et
197 2007 326 2091 quinque
347 2006 530 2071 intermissis
553 2005 656 2070 diebus
679 2006 803 2071 aiterum
820 2018 937 2070 noctem
954 2005 1142 2070 subnubilam
1159 2016 1268 2071 noetus

142 2111 292 2175 extructis
314 2110 452 2174 omuibus
475 2120 645 2174 castrorum
667 2111 762 2194 portis
790 2122 822 2174 et
841 2111 877 2173 ad
898 2110 1116 2193 impediendum
1141 2108 1268 2173 obiectis

141 2214 233 2278 tertia
248 2212 323 2277 inita
337 2213 442 2296 uigilia
457 2212 578 2277 silentio
594 2213 761 2276 exercitum
777 2213 893 2277 eduxit'
909 2223 982 2277 cett.
1005 2210 1085 2276 Nam
1103 2230 1268 2296 nequeex-

141 2316 219 2380 strui
233 2327 401 2379 castrorum
417 2325 522 2399 portae
538 2324 621 2379 recto
636 2315 786 2393 dicuntur,
813 2336 908 2399 neque
929 2336 1033 2379 omnes
1053 2325 1176 2399 portae:
1198 2314 1264 2393 sed,

141 2430 175 2482 nt
188 2421 340 2483 sententia
356 2427 542 2494 nasceretur,
562 2420 641 2481 iores
657 2417 793 2481 omnibns
808 2420 902 2501 portis
916 2418 1071 2501 impositas
1087 2416 1268 2482 essediceu·

141 2521 210 2583 dum
226 2529 303 2582 eret.
333 2516 368 2581 ln
385 2519 503 2602 optimis
519 2521 604 2582 codd.
623 2520 733 2603 iegitur
755 2521 961 2597 ‘obstructis',
986 2540 1053 2583 uam
1079 2518 1267 2583 ‘obstruxit’

140 2618 214 2685 Par.
232 2642 296 2686 sec.
312 2622 389 2684 idem
405 2622 564 2706 significat.
596 2619 629 2685 ld
645 2624 742 2709 recepi
759 2635 789 2688 et
805 2633 871 2708 post
887 2621 1062 2685 ‘omnibus’
1084 2621 1181 2685 adieci
1203 2628 1267 2685 ‘re-

141 2723 220 2803 bus',
249 2724 326 2807 quod
350 2724 436 2789 facile
459 2724 628 2791 excidebat.
663 2724 708 2789 lta
733 2747 836 2790 omnes
859 2747 908 2789 res
939 2728 1017 2807 (nos
1040 2723 1166 2787 dicimus
1188 2722 1265 2787 eides

140 2827 301 2912 mb’giiche)
322 2838 489 2892 castrorum
506 2829 600 2912 portis
616 2827 787 2892 obstructae
801 2839 832 2892 et
846 2829 882 2890 ad
898 2827 1113 2911 impediendum
1129 2826 1267 2891 obiectae

140 2931 291 2995 dicuntur.
326 2929 403 2994 Nam
427 2931 454 2994 si
478 2931 544 3015 quis
564 2932 658 2995 ascito
678 2931 730 2995 illo
755 2930 940 2994 ‘obstructis'
955 2940 1055 3013 portas
1070 2928 1267 3013 interpretari

139 3033 229 3097 uellet
245 3036 325 3096 iores
340 3054 452 3116 easque
467 3034 599 3097 obiectus
615 3033 671 3097 dici
688 3035 888 3111 existimaret,
906 3032 962 3096 bae
977 3030 1266 3117 praeposterepriue

139 3134 323 3214 obstructae,
342 3136 448 3200 deinde
463 3137 546 3220 ipsae
562 3136 696 3201 obiectae
712 3138 892 3201 dicerentur:
911 3144 943 3199 et
957 3134 1126 3198 eratmaius
1137 3132 1265 3219 impedi·

138 3246 268 3299 mentum
285 3238 315 3299 in
327 3237 377 3314 iis,
395 3258 471 3319 qnae
486 3239 731 3318 obstruebantur,
749 3261 836 3323 qnam
852 3240 883 3302 in
899 3237 1023 3302 foribus.

224 3334 262 3402 G.
279 3336 334 3416 63,
351 3336 372 3401 6
388 3340 417 3402 in
432 3342 532 3419 codd,
558 3344 594 3405 de
609 3341 715 3426 quibus
731 3352 862 3417 constat,
889 3341 962 3405 baec
977 3339 1138 3424 leguntur=
1162 3334 1266 3403 ‘Nan

137 3443 221 3506 uted
245 3460 327 3505 marc
349 3453 471 3507 nostrae
494 3444 635 3508 cobortes
657 3465 755 3508 nonae
770 3445 896 3528 legionis
912 3442 1135 3516 excubnerant,
1158 3460 1267 3505 ecces-

138 3562 207 3607 sere
222 3544 321 3609 subito
338 3545 430 3629 prima
446 3547 513 3613 luce
521 3544 694 3630 Pompeiani
711 3546 864 3609 exercitus
879 3546 1026 3610 aduentus
1041 3544 1156 3609 extitita
1173 3542 1266 3609 simui

138 3647 264 3711 necibus
280 3647 470 3712 circumuecti
485 3648 598 3713 milites
613 3648 645 3711 iu
661 3650 845 3712 exteriorem
862 3649 972 3713 uallum
988 3649 1049 3712 teta
1058 3644 1263 3727 coniciebant,

139 3750 295 3831 fossaeque
310 3770 420 3834 aggere
436 3752 676 3838 complebantur,
702 3763 730 3814 et
747 3750 904 3836 legionarii
919 3751 1072 3816 interioris
1087 3746 1266 3813 munitionis

137 3850 311 3916 defensores
327 3854 416 3917 scalis
432 3856 557 3919 admotis
573 3855 731 3918 tormentis
746 3856 887 3940 cuiusque
896 3854 1016 3939 generis
1029 3852 1265 3934 telisqueterre-

137 3953 229 4016 bant’.
263 3952 349 4037 Quod
366 3958 444 4020 enim
461 3958 529 4021 inde
544 3957 581 4021 ab
598 3955 808 4042 Oudendorpio
831 3967 898 4042 post
921 3953 1032 4019 ‘simul'
1049 3955 1180 4018 adicitur
1196 3954 1264 4019 ‘ex’

138 4059 328 4141 praepositio,
347 4081 412 4124 eam
429 4082 533 4125 errore
541 4059 664 4145 primum
677 4050 920 4143 in0ndcndorpii
934 4057 1089 4142 exemplar
1098 4056 1265 4139 irrepsisse

137 4159 253 4223 monuit
269 4158 381 4227 Etbcri.
400 4163 481 4227 obss.
500 4185 528 4247 p.
544 4160 598 4225 75.
631 4158 691 4225 Sed
707 4163 738 4225 in
755 4160 959 4246 superioribus
974 4159 1088 4234 uerbis,
1107 4158 1265 4242 dequibus

138 4261 237 4326 dicere
247 4266 401 4343 constitui,
420 4263 784 4329 interuerba‘exercitus'
800 4261 1264 4346 et‘nduentns'uulpoinseruu·
