2684 4694
533 181 834 247 ...11-

120 356 209 419 niano
232 354 434 438 exprobrasse
453 354 563 434 tradit,
591 355 668 438 quod
697 352 867 437 pudicitiam
887 375 906 418 c
927 347 1061 418 Caesare
1084 354 1243 421 delibatam

118 457 198 522 Aulo
214 458 302 521 etiam
320 455 420 520 Hirtio
443 457 473 519 in
489 455 637 541 Hispania
658 451 743 520 CCC
766 456 883 520 milibus
904 478 1026 520 numum
1041 457 1241 524 substrasset.

118 558 251 624 Indidem
268 580 336 623 eum
352 556 494 622 Ciceroni
511 559 619 623 librum
637 558 756 621 misisse
772 559 933 633 existimo,
957 560 988 622 in
1004 580 1061 643 qoo
1077 561 1245 645 collegerat

120 664 193 726 uitia
208 657 347 740 Catonis,
365 672 398 724 ut
413 662 463 725 ille
478 661 585 724 scribit
599 664 635 725 ad
651 663 718 726 Au.
736 660 820 740 XlI,
837 661 897 740 ll),
917 661 955 740 1,
972 682 1058 745 quem
1075 685 1123 747 ep.
1142 663 1207 742 41,
1222 663 1245 728 4

119 762 329 851 πρόπλασμα
354 764 410 827 sibi
434 764 529 826 uideri
552 765 595 826 ait
610 766 675 829 eius
698 765 947 849 uituperationis,
972 785 1058 847 quam
1074 761 1192 830 Caesar
1207 769 1245 832 de

120 863 237 931 Catone
252 866 436 950 scripsisset.
461 864 543 929 Nam
552 868 753 931 Anticatones
769 889 784 930 a
803 863 936 931 Caesare
951 866 1007 929 sub
1024 878 1139 952 tempus
1154 867 1244 933 Mun·

121 970 220 1033 densis
236 969 343 1053 proelii
368 969 521 1033 conlectos
537 991 605 1033 esse
621 991 662 1033 ex
678 967 763 1035 Suet.
783 966 874 1033 Caes.
892 968 935 1033 56
949 970 1073 1033 seimus.
1105 967 1170 1033 ΧΠ
1192 992 1244 1035 au·

121 1082 191 1149 tem,
209 1069 262 1149 37,
281 1069 302 1133 :t
317 1067 429 1134 Cicero
444 1070 577 1134 Atticum
595 1073 753 1136 certiorem
771 1072 842 1135 lacit
857 1071 894 1134 ab
911 1070 1013 1135 Hirtio
1028 1072 1084 1135 sibi
1100 1074 1244 1157 scripta·

121 1194 188 1237 esse
203 1170 330 1237 Sextum
347 1170 521 1257 Pompeium
538 1171 681 1237 Corduba
704 1175 806 1237 exisse
828 1186 858 1237 et
881 1175 993 1256 fugisse
1014 1176 1045 1237 in
1068 1172 1244 1258 Hispaniam

121 1277 309 1355 citeriorem,
334 1277 405 1340 item
422 1273 559 1339 Gnaeum
585 1277 710 1362 fugisse.
755 1274 819 1338 Has
842 1276 958 1340 litteras
981 1275 1100 1339 Hirtius
1122 1277 1245 1341 dederat

119 1377 265 1442 Narbone
281 1400 310 1442 a.
329 1378 358 1440 d.
376 1374 454 1443 XIV
471 1376 539 1443 Cal.
557 1376 634 1443 Μαί.
657 1379 714 1441 hoc
729 1390 778 1442 est
792 1400 883 1442 unum
900 1381 962 1442 lere
977 1399 1111 1442 mensem
1126 1391 1245 1462 postea·

120 1502 205 1563 mam
221 1481 257 1544 ad
273 1478 416 1544 Mundam
441 1490 601 1566 pugnatum
629 1490 694 1558 est,
718 1481 796 1563 qnod
817 1480 962 1565 proelium
977 1477 1187 1559 Liberalibus,
1212 1501 1244 1544 a.

120 1570 245 1647 exv}
261 1577 330 1647 Cal.
348 1583 470 1666 Aput,
495 1583 669 1646 factumest
690 1582 743 1668 (b.
762 1581 848 1666 Hisp.
866 1581 925 1662 31,
950 1583 1005 1666 8).
1049 1581 1136 1647 Nihil
1151 1583 1246 1666 igitur

120 1687 272 1748 etiamtum
289 1683 407 1749 Hirtius
423 1687 460 1748 de
476 1698 571 1750 morte
587 1682 646 1749 Cn.
666 1684 800 1768 Pompeii
822 1686 1026 1750 adolescentis
1041 1696 1243 1770 compererat,

121 1788 205 1851 euius
220 1798 309 1871 capnt
328 1786 359 1850 b'.
378 1786 466 1873 Hisp.
489 1785 532 1852 39
547 1798 627 1852 extr.
645 1788 741 1872 pridie
760 1785 807 1850 Id.
829 1787 928 1872 April.
954 1786 1100 1872 Hispalim
1123 1788 1244 1851 allatum

121 1911 189 1954 csse
203 1894 348 1954 refertur.
384 1888 491 1973 ltaque
506 1891 592 1974 paulo
607 1900 676 1972 post
691 1887 858 1955 lllnndense
874 1892 1020 1975 proelium
1042 1892 1079 1953 ab
1105 1891 1245 1954 exercito

121 1992 300 2056 discessisse
315 2003 346 2055 et
360 1993 392 2055 in
407 1989 534 2055 Galliam
552 1995 705 2077 proiectus
719 2014 789 2057 esse
803 1993 935 2057 uidetur.
983 1991 1038 2056 His
1061 1993 1149 2056 rebus
1172 2013 1244 2055 con·

121 2095 270 2171 sentiant,
288 2112 364 2176 qnae
380 2093 411 2157 in
426 2094 501 2178 ipsis
516 2095 736 2158 commentariis
753 2095 949 2180 descriptore
965 2098 1151 2170 referuntur,
1168 2113 1245 2177 quse

121 2196 236 2280 quidem
253 2196 443 2260 librariorum
459 2196 556 2259 errori
571 2196 702 2260 obnoxia
718 2218 777 2260 non
795 2199 927 2260 luerunt.
951 2195 1031 2260 Nam
1047 2218 1124 2280 quae
1140 2197 1245 2278 legun-

121 2308 170 2365 tur
183 2299 214 2362 b.
233 2298 325 2362 Alex.
343 2298 382 2378 3,
407 2300 422 2361 l
448 2299 484 2363 de
505 2298 595 2363 rebus
611 2298 816 2363 Alexandriae
832 2300 924 2382 gestis
943 2308 1030 2383 ‘quae
1044 2321 1062 2363 a
1078 2298 1164 2361 nobis
1179 2297 1246 2362 lieri

120 2402 274 2466 uiderant'
295 2411 326 2466 et
343 2399 402 2480 19,
418 2400 439 2466 6
464 2409 473 2439 ‘
483 2402 673 2485 pugnabatur
687 2423 703 2463 a
721 2400 806 2465 nobis
822 2422 863 2464 ex
879 2403 999 2485 ponte’,
1023 2423 1112 2466 nemo
1128 2399 1246 2464 dubita-

120 2504 183 2581 bit,
208 2505 277 2587 quin
299 2504 358 2568 illis
375 2505 542 2567 homiuibus
559 2505 620 2567 siut
634 2504 809 2581 tribuenda,
835 2515 866 2567 et
886 2505 981 2568 altero
995 2506 1061 2568 loco
1077 2514 1158 2569 recte
1173 2514 1247 2568 ante

122 2605 364 2689 Oudendorpium
388 2618 427 2668 ta
441 2606 570 2670 uostris'
598 2607 721 2685 editum,
738 2606 874 2688 idemque
891 2607 990 2689 priore
1007 2608 1172 2690 ponendum
1189 2608 1244 2670 sit.

120 2707 229 2791 Neque
244 2730 298 2792 pro
313 2709 484 2774 testimonio
507 2709 611 2772 baberi
635 2718 748 2792 potest,
773 2709 850 2795 qued
871 2708 901 2770 b.
924 2707 1012 2793 Hisp.
1036 2707 1097 2787 38,
1123 2708 1162 2787 5,
1185 2729 1247 2791 quo

122 2812 188 2874 loeo
204 2811 240 2874 de
261 2812 352 2874 caede
368 2807 427 2874 Cn.
451 2809 588 2895 Pompeii
610 2810 738 2874 relatum
754 2822 819 2888 est,
844 2810 875 2873 in
898 2808 971 2874 Par.
997 2831 1060 2874 sec.
1077 2808 1169 2874 Laid.
1194 2832 1243 2895 pr.

121 2914 294 2996 duobusque
315 2914 512 2977 deterioribus
537 2913 622 2976 codd.
648 2912 759 2996 legitur
782 2913 833 2975 ‘in
848 2915 976 2976 aduentu
993 2934 1049 2975 nos
1066 2912 1244 2997 depellunt'.

121 3013 230 3079 Editur
243 3017 285 3078 ibi
308 3017 424 3080 ‘nostri
440 3016 665 3099 depelluntur’:
692 3025 772 3079 totus
788 3016 905 3096 quidem
922 3015 1004 3078 locus
1021 3013 1248 3098 perturbatissi-

121 3139 187 3181 mus
202 3129 262 3182 est.
293 3115 463 3202 Supersunt
477 3119 562 3181 haee.
586 3115 633 3179 De
649 3115 678 3178 b.
697 3116 789 3178 Ales.
807 3116 860 3195 74,
879 3114 911 3196 3,
928 3118 979 3181 ubi
994 3119 1031 3180 de
1045 3118 1159 3200 proelio
1176 3136 1247 3182 cnm

121 3216 309 3284 Pharnacea
326 3216 461 3283 Caesare
477 3220 556 3282 laeto
573 3218 692 3297 dicitur,
709 3218 752 3282 ita
766 3219 909 3301 scriptam
931 3231 996 3284 est:
1031 3222 1093 3285 ‘At
1106 3219 1245 3288 Pbarna-

123 3341 173 3386 ces
188 3321 331 3407 impulsus
347 3321 413 3386 siue
433 3322 492 3385 loci
516 3322 656 3386 felicitate
678 3321 745 3386 siue
765 3321 906 3406 auspiciis
929 3332 960 3387 et
981 3324 1178 3408 religionibus
1198 3326 1244 3388 in·

123 3425 241 3502 ductus,
259 3424 364 3508 quibas
379 3425 602 3509 obtemperasse
618 3447 684 3489 eum
700 3436 805 3509 postea
820 3425 1026 3491 audiebamos'
1056 3439 1150 3506 cett.,
1168 3448 1246 3510 quae

121 3527 214 3591 scribi
229 3547 288 3591 noa
304 3537 465 3611 potuerunt
488 3527 548 3591 nisi
568 3526 605 3590 ab
621 3548 678 3605 eo,
702 3526 753 3610 qui
775 3548 890 3612 pugnae
911 3529 1100 3594 interfuisset
1120 3549 1247 3612 eamque

121 3649 183 3693 mm
200 3650 241 3693 ex
261 3630 385 3714 captiuis
407 3640 579 3712 cognosset.
620 3626 700 3692 Nam
724 3629 772 3711 qui
789 3651 848 3693 uon
871 3632 1025 3709 affuisset,
1050 3632 1149 3717 inepte
1165 3654 1199 3696 se
1213 3633 1245 3696 id

122 3744 224 3814 postea
241 3732 360 3796 audisse
375 3733 500 3807 diecret,
518 3732 597 3815 quod
612 3743 701 3794 antea
717 3732 821 3796 audire
837 3733 957 3796 omuino
974 3734 1138 3815 nequisset.
1169 3732 1245 3798 ltem

123 3834 173 3917 qni
188 3835 295 3899 librum
311 3835 348 3898 de
362 3834 393 3897 b.
411 3833 499 3919 Hisp.
527 3834 693 3918 composuit
716 3844 748 3898 et
767 3846 837 3899 ante
852 3832 1050 3900 Mundensem
1066 3857 1193 3922 pugnam
1209 3858 1247 3902 se

123 3938 245 4002 affuisse
260 3940 447 4002 demonstrat
463 3935 522 4015 ll,
546 3944 567 4003 2
592 3938 713 4002 ‘eodem
734 3939 782 4002 die
798 3935 838 4020 Q.
855 3936 991 4002 Marcius
1015 3939 1150 4004 tribunus
1167 3940 1247 4005 mili·

122 4050 196 4119 tum,
214 4042 265 4123 qui
280 4039 387 4105 luisset
402 4038 548 4124 Pompeii,
566 4039 602 4103 ad
619 4062 674 4104 uos
690 4042 882 4126 transfugit',
901 4044 930 4125 ξ.
949 4039 968 4102 3
987 4042 1062 4105 ‘hoc
1077 4043 1244 4126 praeterito

122 4152 255 4225 tempore
272 4138 310 4206 C.
328 4142 503 4207 Fundanius
526 4163 617 4226 eques
633 4141 787 4208 Romanus
810 4164 852 4207 ex
872 4144 978 4207 castris
1001 4145 1245 4209 aduersariorum

123 4245 159 4309 ad
175 4264 230 4310 nos
246 4246 409 4331 conlugit',
434 4245 476 4311 15
498 4255 580 4310 extr.
607 4246 657 4312 ‘in
679 4258 842 4336 conspectu
856 4257 961 4310 nostro
977 4246 1129 4332 hospites,
1146 4245 1242 4328 quiin
