2692 4688
500 212 801 282 ..sn-

87 402 220 477 tempore
237 387 387 454 sublatum
403 387 477 462 luit,
500 385 544 451 ita
559 384 702 454 Orosium
724 386 774 451 nel
790 380 932 452 Caesaris
955 406 1025 452 esse
1046 384 1102 452 hos
1117 386 1210 454 libros

86 495 245 580 ignorasse
259 493 440 556 iuueuimus.
472 487 553 553 Naro
569 489 614 569 is,
636 510 702 554 cum
718 489 909 554 historiarum
932 490 1007 553 libro
1029 501 1119 555 sexto
1140 492 1210 556 iude

85 619 147 663 ac.
165 595 184 660 7
202 595 345 678 usquead
364 592 404 655 12
420 586 562 655 Caesaris
579 601 691 675 septem
708 592 929 656 commentariis
945 592 982 655 de
998 593 1077 657 bello
1093 591 1210 657 Gallico
1233 591 1237 598 ’

86 710 118 765 et
132 709 240 763 octauo
256 698 296 760 Α.
314 694 405 758 llirtii
422 695 463 757 ita
480 714 552 758 usus
568 693 627 769 sit,
652 702 685 756 ut
705 694 851 757 nonnulla
873 694 910 757 ad
926 695 1048 759 uerbum
1066 697 1211 762 transier-

86 811 144 879 ret,
162 800 249 864 initio
265 818 291 862 c.
309 799 329 863 7
346 798 419 861 haec
435 795 559 875 scribite
582 793 682 858 ‘lianc
698 795 852 859 historiam
869 793 1034 861 Suetonius
1047 796 1211 886 Tranquil-

85 902 133 968 lus
149 901 319 987 plenissime
334 899 496 982 explicuit,
521 898 606 962 cuius
628 917 684 961 nos
707 907 911 983 competentes
934 899 1136 982 portiunculas
1159 902 1210 966 de·

86 1002 272 1088 cerpsimus’.
311 998 386 1065 Item
412 1001 444 1063 in
466 1000 577 1085 optimo
601 1010 633 1064 et
654 1000 859 1083 antiquissimo
882 1002 985 1066 codice
1001 999 1209 1085 Bougarsiano

86 1106 182 1193 primo
197 1115 264 1190 post
278 1104 371 1169 uerba
391 1102 478 1167 initio
502 1101 616 1186 positae
643 1102 771 1187 ‘incipit
795 1103 871 1168 liber
886 1100 955 1168 Gaii
971 1100 1115 1169 Caesaris
1138 1104 1208 1169 belli

86 1207 196 1274 Gallici
212 1205 319 1272 Iuliani
335 1205 372 1270 de
387 1206 562 1271 narratione
578 1205 759 1290 temporum'
774 1206 865 1269 rubro
881 1206 1010 1290 ascripta
1026 1215 1098 1270 suut
1111 1206 1204 1271 haece

86 1312 211 1396 ‘incipit
225 1310 301 1375 liber
316 1305 484 1374 Suetonii’.
525 1304 567 1370 Et
587 1307 619 1371 in
636 1307 739 1371 eodem
755 1326 860 1370 errore
876 1308 968 1370 fuisse
982 1305 1207 1391 Appollinarem

85 1409 241 1478 Sidonium
257 1412 316 1473 iana
332 1408 451 1474 Saunro
467 1409 689 1472 animaduertit.
720 1405 751 1472 ls
767 1408 845 1471 enirn
862 1429 909 1493 ep.
926 1404 993 1485 lX,
1021 1408 1062 1473 ld
1077 1409 1114 1472 ad
1130 1407 1207 1473 Bur·

85 1513 266 1598 guadionem
290 1513 332 1575 ita
355 1510 477 1573 scribit:
505 1508 647 1572 ‘Eminet
669 1509 721 1572 tibi
744 1508 883 1573 thematis
900 1511 1087 1575 celeberrimi
1103 1512 1207 1576 uotiua

28 1676 34 1689 ,
83 1614 260 1690 redhibitio,
279 1612 343 1675 laus
358 1611 499 1675 uidelicet
513 1610 698 1694 peroranda,
722 1632 809 1693 quam
826 1611 981 1688 edideras,
1000 1609 1143 1679 Caesaris
1158 1611 1208 1679 lu·

83 1717 128 1782 lii.
161 1713 247 1798 Quae
263 1713 388 1778 materia
404 1722 463 1776 tam
478 1714 601 1799 grandis
623 1723 689 1790 est,
709 1724 743 1776 ut
762 1714 951 1792 studentum,
977 1716 1003 1779 si
1026 1717 1093 1798 quis
1117 1718 1208 1782 tuerit

82 1818 152 1899 ille,
178 1816 402 1901 copiosissimus
425 1815 499 1880 nihil
514 1814 639 1898 amplius
661 1814 693 1878 iu
708 1814 774 1898 ipsa
789 1816 897 1881 debeat
912 1838 1040 1896 cauere,
1065 1840 1152 1902 quarn
1169 1839 1207 1884 ne

84 1920 153 2007 quid
168 1920 267 1984 miuus
282 1918 373 1982 dicat.
410 1914 491 1982 Nam
512 1918 537 1983 si
560 1918 753 1994 omittantur,
778 1939 853 2001 qnae
873 1919 909 1982 de
933 1918 1028 1983 titulis
1051 1920 1206 1985 dictatoris

85 2021 191 2087 inuicti
207 2022 319 2105 scripta
335 2018 490 2086 Patauinis
512 2030 584 2084 suut
606 2020 826 2100 uoluminibus,
851 2023 918 2105 quis
940 2040 1031 2105 opera
1052 2019 1204 2101 Suetonii,

85 2125 153 2209 quis
168 2122 292 2188 lunenoi
308 2121 459 2187 Martialis
475 2123 631 2187 historiam
652 2124 759 2208 quisue
780 2122 816 2188 ad
833 2135 1001 2190 extremum
1017 2120 1103 2188 Balbi
1118 2124 1207 2208 ephe-

85 2227 226 2292 meridem
243 2226 332 2289 laudo
347 2225 596 2309 adaequaueritl’
633 2224 729 2291 llecte
752 2226 800 2289 bio
816 2222 933 2290 Sauaro
955 2247 1047 2310 opera
1069 2224 1206 2291 Suetonii

84 2329 135 2394 uel
150 2327 230 2392 solos
247 2325 388 2392 Caesaris
404 2327 634 2391 commentarios
657 2328 706 2390 nel
720 2339 804 2393 certe
819 2339 850 2391 et
864 2328 919 2392 hos
934 2339 966 2392 et
979 2324 1118 2393 Suetonii
1133 2324 1206 2392 luli-

84 2452 133 2496 um
150 2431 206 2494 dici
222 2430 410 2494 obseruauit=
438 2450 505 2494 uam
522 2451 611 2493 unum
629 2426 767 2494 Suetonii
784 2430 891 2493 librum
906 2452 966 2495 nou
982 2441 1100 2515 poterat
1114 2450 1206 2514 opera

84 2533 234 2619 appellare
248 2528 445 2616 Apollinaris.
480 2529 563 2594 llalbi
585 2541 682 2595 autem
706 2532 942 2616 ephemeridem,
960 2554 1045 2618 quaru
1061 2531 1206 2618 supersti-

84 2646 144 2701 tem
162 2631 405 2699 commentarium
430 2632 566 2697 debello
588 2632 782 2718 llispauieusi
803 2636 861 2699 diui
884 2632 1033 2700 Cellarius
1055 2636 1122 2699 sine
1144 2636 1206 2701 ulla

84 2759 175 2803 causa
192 2736 389 2822 opinabatur,
411 2756 471 2799 uon
494 2736 631 2822 equidem
647 2736 883 2803 existimauerim
900 2738 1082 2822 deperditum
1098 2738 1206 2803 librum

84 2941 176 3009 Caes.
200 2940 240 3007 Sl
265 2940 409 3029 quaedam
432 2941 469 3005 de
485 2937 619 3006 Caesare
639 2943 802 3007 memoriae
824 2943 991 3027 prodidisse
1013 2944 1124 3017 refert,
1151 2944 1203 3009 sed

83 3058 223 3111 octauum
243 3043 352 3108 librum
374 3041 466 3108 Hirtii
488 3044 525 3107 de
546 3042 623 3109 hello
639 3042 775 3122 Gallico,
802 3064 868 3107 curu
891 3045 919 3106 ei
943 3044 1066 3127 epistola
1081 3045 1117 3107 ad
1133 3043 1205 3109 Bal·

82 3148 151 3213 bum
168 3148 331 3232 praemissa
347 3157 447 3220 essct,
470 3166 575 3212 errore
591 3169 608 3211 a
625 3144 750 3211 Sidonio
765 3143 860 3209 Balbo
874 3166 943 3210 esse
957 3146 1110 3211 tributum.
1143 3144 1205 3211 Sed

82 3249 133 3314 illa
150 3249 269 3333 opinio,
294 3259 327 3311 ut
342 3244 486 3312 Caesaris
502 3248 708 3311 commentarii
725 3245 871 3312 Suetonio
893 3246 1113 3324 tribuerentur,
1134 3249 1205 3313 inde

83 3351 203 3415 uidetur
218 3359 284 3411 orta
300 3370 379 3428 esse,
399 3352 476 3433 quod
492 3352 584 3415 libros
600 3346 637 3413 C.
657 3347 800 3413 Caesaris
816 3349 883 3411 belli
901 3348 1011 3413 Gallici
1025 3352 1205 3437 interpreta-

84 3453 194 3517 bantur
209 3471 267 3514 non
283 3470 301 3514 a
317 3450 461 3529 Caesare,
480 3453 533 3515 sed
549 3454 585 3515 de
600 3451 678 3513 hello
693 3448 812 3512 Gallico
828 3447 971 3513 Caesaris
986 3452 1135 3539 scriptos3
1152 3452 1204 3515 de·

83 3555 165 3629 inde,
182 3551 251 3637 quia
266 3549 431 3616 Suetonius
446 3552 537 3616 uitam
556 3549 699 3615 Caesaris
714 3550 891 3633 scripserat,
908 3551 963 3616 hos
978 3574 1095 3637 quoque
1110 3553 1202 3617 libros

83 3659 120 3723 ad
144 3677 211 3721 euru
233 3654 416 3719 referebant.
455 3651 594 3741 Denique
617 3654 714 3718 medio
735 3673 830 3730 aeuo,
856 3675 922 3717 cum
945 3658 1066 3720 saeculo
1089 3655 1204 3719 decimo

83 3758 270 3824 Flodoardus
294 3767 324 3820 et
338 3756 495 3819 undecimo
510 3755 689 3832 Aimoiuus,
712 3756 764 3821 ille
786 3756 816 3819 in
834 3755 959 3822 historia
980 3757 1125 3822 ecclesiae
1140 3756 1203 3822 Re-

84 3861 214 3939 mensis,
232 3861 279 3924 hic
294 3859 325 3922 in
341 3859 527 3943 praelatione
541 3860 636 3943 gestis
651 3857 834 3923 Francorum
851 3862 1032 3945 praemissa,
1059 3861 1204 3947 quaedam

82 3985 124 4030 ex
138 3963 223 4028 libris
239 3967 275 4026 de
290 3962 368 4027 bello
380 3958 497 4026 Gallico
513 3961 684 4045 posuissent
699 3982 824 4046 eamque
838 3960 906 4028 Iulii
923 3959 1065 4027 Caesaris
1081 3963 1204 4027 histori-

82 4089 129 4132 am
143 4065 214 4130 belli
231 4064 339 4129 Gallici
355 4063 604 4149 appellauissent,
630 4075 731 4148 postea
749 4087 844 4129 nouus
868 4086 956 4130 error
979 4076 1063 4129 ortus
1083 4076 1148 4143 est,
1170 4074 1204 4128 ut

82 4169 114 4235 bi
135 4168 340 4235 commentarii
362 4188 380 4231 a
401 4165 479 4232 lulio
494 4162 586 4230 Celso
606 4168 711 4254 scripti
733 4169 918 4234 uiderentur.
951 4166 1013 4231 Sub
1035 4168 1100 4231 eius
1122 4166 1204 4231 enim

84 4275 204 4340 nornine
218 4270 315 4339 etalii
331 4269 420 4336 medii
434 4270 503 4336 aeui
517 4270 695 4360 scriptores,
712 4292 786 4357 quos
801 4269 847 4334 lo.
861 4269 933 4335 Alb.
946 4267 1103 4334 Fabricius
1119 4290 1202 4333 con·
