2692 4688
552 196 695 268 carvr
709 196 864 267 oe-rc.
1262 164 1331 273 oct¹

150 394 183 438 se
206 376 270 438 lore
292 372 502 454 aequissimum
519 369 684 452 Pharnaci,
708 372 736 437 si
750 393 826 457 qnae
849 371 1041 457 polliceretur
1061 386 1268 458 repraesenta·

151 487 236 540 turus
259 485 351 539 esset.
382 472 505 538 Monuit
526 485 645 550 antem,
665 485 699 539 ut
720 473 855 554 solebat,
879 473 1001 538 mitibus
1021 473 1123 538 uerbis
1139 476 1305 561 legatos,2

149 600 187 643 ne
204 588 255 641 aut
270 575 447 641 Deiotarum
462 577 519 641 sibi
534 577 713 656 obicerent,
739 588 793 642 ant
806 577 896 640 nimis
911 598 947 641 eo
961 577 1164 662 gloriarentur
1178 578 1269 645 bene·

148 683 237 758 licio,
270 681 348 763 qnod
369 679 485 744 auxilia
507 677 651 764 Pompeio
671 701 733 744 non
754 679 919 743 misissent.
957 676 1039 742 Nam
1060 701 1094 743 se
1116 701 1213 764 neque
1234 681 1306 749 li-3

110 796 126 848 s
148 783 269 848 beotius
291 784 390 846 iacere
412 782 567 866 quicquam
583 801 670 864 quam
685 781 867 867 supplicibus
882 780 1059 864 ignoscere,
1083 803 1180 867 neque
1196 806 1265 870 pro-

147 886 315 949 uinciarum
330 883 462 969 publicas
477 883 604 949 iniurias
620 884 790 948 condonare
805 882 842 946 iis
858 903 965 966 posse,
982 883 1032 966 qui
1047 884 1176 949 luissent
1191 887 1222 951 in
1237 908 1271 952 se

149 987 283 1053 officiosi.
321 982 403 1068 Quin
422 987 452 1050 id
475 987 590 1071 ipsum,
621 985 696 1069 quod
718 995 1008 1063 commemorarent,
1032 985 1157 1050 officium
1179 989 1308 1056 suissed

148 1090 249 1154 utilius
265 1086 427 1166 Pharnaci,
445 1089 494 1172 qui
510 1088 703 1173 prouidisset,
719 1109 758 1152 ne
773 1087 960 1166 uinceretur,
978 1108 1065 1170 qnam
1080 1086 1150 1167 sibi,
1168 1090 1216 1153 cni
1231 1090 1272 1155 dii

148 1192 325 1255 inmortales
341 1190 497 1254 uictoriam
513 1189 699 1255 tribuissent.
723 1186 828 1273 ltaque
843 1209 967 1273 magnas
983 1199 1014 1254 et
1025 1211 1134 1273 graues
1146 1191 1307 1259 iniuriosi

93 1305 126 1358 to
149 1294 257 1358 ciuium
272 1292 491 1370 Romanorum,
509 1293 560 1375 qni
574 1293 606 1356 in
620 1289 719 1357 Ponto
734 1292 878 1376 negotiati
894 1301 1007 1369 essent,
1024 1293 1163 1374 quoniam
1178 1294 1209 1358 in
1225 1296 1271 1359 in·

150 1407 268 1481 tegrnm
290 1396 451 1460 restituere
474 1415 535 1457 non
558 1405 679 1479 posset,
703 1395 869 1459 concedere
883 1391 1046 1458 Pharnaci.
1077 1392 1159 1458 Nam
1174 1395 1308 1479 nequeb

148 1497 314 1563 interiectis
343 1498 482 1562 amissam
510 1497 603 1561 uitam
633 1518 728 1585 neque
758 1497 890 1561 exsectis
916 1496 1087 1561 uirilitatem
1110 1498 1272 1562 restituere

149 1621 257 1685 posse3
276 1602 352 1684 quod
369 1600 486 1684 quidem
502 1599 674 1685 supplicium
690 1600 811 1684 grauius
828 1610 923 1664 morte
939 1599 1022 1663 ciues
1030 1597 1160 1665 Romani
1175 1600 1272 1666 subis·

149 1715 228 1768 sent.
265 1703 364 1768 Ponto
387 1724 460 1768 nero
482 1703 643 1768 decederet
663 1703 821 1768 confestim
843 1703 1028 1785 familiasque
1050 1702 1307 1786 publicanorum7

96 1817 128 1869 15
150 1805 318 1870 remitteret
340 1816 503 1889 ceteraque
523 1806 698 1869 restitueret
712 1805 803 1869 sociis
818 1803 989 1888 ciuibusque
1004 1802 1170 1884 Romanis,
1195 1826 1271 1888 qnae

150 1928 241 1991 penes
265 1929 332 1971 eum
354 1917 468 1970 essent.
501 1904 535 1970 Si
552 1908 692 1984 lecisset,
715 1908 775 1971 iam
791 1918 861 1971 tunc
876 1907 932 1972 sibi
949 1907 1081 1972 mitteret
1094 1927 1221 1971 munera
1235 1928 1272 1972 ac
1286 1906 1307 1973 8

92 2069 97 2075 .
150 2009 245 2083 dona,
267 2030 343 2092 quae
358 2008 436 2074 bene
450 2009 540 2074 rebus
556 2011 650 2093 gestis
665 2009 862 2094 imperatores
877 2009 914 2072 ab
929 2010 1033 2074 amicis
1048 2011 1185 2095 accipere
1200 2031 1271 2074 con·

150 2122 301 2175 suessent.
326 2109 457 2177 Miserat
472 2114 550 2177 enim
565 2110 739 2176 Pharnaces
752 2132 894 2176 eoronam
909 2133 1042 2176 auream.
1074 2112 1131 2176 llis
1147 2134 1273 2198 respon·

151 2214 193 2278 sis
210 2214 286 2277 datis
302 2215 418 2299 legatos
434 2215 560 2279 remisit.
582 2215 627 2277 At
635 2211 806 2279 Pharnaces
822 2215 986 2277 liberaliter
1000 2215 1099 2276 omnia
1112 2213 1271 2298 pollicitus,
1287 2213 1327 2285 'll

92 2325 128 2379 20
151 2336 216 2378 cum
240 2318 429 2382 festinantem
445 2339 480 2382 ac
496 2320 518 2402 †
534 2328 779 2403 praecurrentem
796 2314 959 2381 Caesarem
981 2325 1117 2400 speraret
1130 2315 1271 2380 libentius

152 2418 240 2481 etiam
257 2420 440 2484 crediturum
455 2422 519 2485 suis
535 2422 709 2505 promissis,
726 2441 815 2503 quam
829 2441 879 2485 res
894 2428 1057 2503 pateretur,
1075 2439 1132 2501 quo
1144 2417 1272 2482 celerius

151 2520 362 2605 honestiusque
376 2524 413 2587 ad
428 2545 479 2588 res
496 2525 590 2609 magis
606 2525 794 2589 necessarias
806 2524 1047 2610 proficisceretur
1056 2520 1183 2606 (nemini
1193 2521 1272 2586 enim

152 2635 219 2687 erat
232 2627 366 2710 ignotum
383 2627 518 2711 plurimis
534 2626 570 2690 de
586 2628 683 2692 causis
699 2629 736 2691 ad
747 2628 848 2692 urbem
857 2624 1020 2691 Caesarem
1029 2626 1195 2709 reuocari),
1207 2625 1271 2688 len·

153 2726 212 2791 tius
227 2749 331 2812 agere,
349 2728 510 2792 decedendi
532 2729 609 2793 diem
632 2730 783 2813 postulare
799 2729 984 2812 longiorem,
1010 2725 1164 2809 pactiones
1178 2726 1272 2790 inter-

95 2840 129 2895 25
153 2850 282 2913 ponere,
300 2833 330 2895 in
346 2854 461 2895 summa
486 2832 624 2896 trusuari
641 2831 747 2915 eoepit.
779 2828 895 2896 Caesar
909 2827 1028 2913 cognita
1043 2827 1203 2892 calliditate
1219 2827 1271 2890 bo·
1286 2827 1308 2891 2

150 2933 251 3011 miniS,
262 2935 339 3016 qnod
356 2935 423 2997 aliis
440 2934 744 3020 temporibus.natura
759 2938 859 2999 iacere
871 2941 1043 3008 consuerat,
1056 2939 1127 2993 tunc
1140 2927 1271 2992 necessi·

151 3043 211 3097 tate
225 3036 457 3113 lecitadductus‚
468 3047 501 3099 nt
517 3038 643 3101 celerius
660 3036 789 3101 omnium
806 3035 944 3120 opinione
956 3052 1075 3095 manum
1085 3039 1269 3095 consereret.

150 3133 225 3197 Zela
241 3145 287 3196 est
303 3135 438 3217 oppidum
460 3138 491 3199 in
505 3134 623 3214 Ponto,
646 3138 772 3222 positum
794 3139 891 3223 ipsum
912 3146 946 3198 ut
965 3135 997 3198 in
1012 3133 1100 3217 plano
1116 3133 1181 3196 loco
1197 3132 1271 3198 satis
1284 3133 1329 3203 '12

151 3236 284 3300 munito:
301 3237 430 3300 tumulus
446 3238 525 3302 enim
538 3241 683 3305 naturalis
692 3241 784 3305 ueluti
797 3259 886 3302 manu
898 3240 994 3301 iaetus
1007 3235 1176 3301 excelsiore
1186 3235 1271 3299 undi-

95 3351 129 3403 30
153 3360 210 3422 que
221 3339 341 3424 lastigie
356 3340 487 3405 sustinet
501 3363 628 3408 murum.
652 3339 865 3428 Circumpositi
881 3353 951 3405 sunt
966 3340 1034 3404 baie
1049 3338 1156 3424 oppido
1171 3338 1272 3422 magni
1286 3337 1309 3402 2

259 3497 271 3548 l
287 3499 480 3568 aequissimum]
494 3501 603 3552 amicum
618 3503 643 3551 b.
781 3501 798 3555 2
810 3498 937 3550 militibus
950 3498 1022 3549 urbis
1037 3498 1061 3548 b.
1188 3495 1272 3559 ³310-

150 3574 318 3625 rientnrab.
425 3578 797 3645 hquieqeama,nonquidq.
901 3575 1009 3626 bbisa.
1114 3570 1271 3639 qniVasco-

149 3667 242 3713 ιιιιιιιι,
258 3650 301 3715 qai
316 3667 363 3700 non
379 3652 457 3702 codd.
573 3655 587 3706 7
601 3654 661 3719 quin
675 3669 739 3720 03⁰5
752 3651 817 3722 quirb
830 3668 852 3715 c,
868 3665 943 3718 qnam
954 3666 971 3701 u
980 3670 989 3714 ,·
1003 3666 1056 3702 om.
1070 3666 1099 3700 ιι.
1204 3661 1272 3697 com·

148 3737 323 3779 memorarent
335 3745 352 3778 a
365 3746 388 3792 e,
403 3739 650 3782 commemorassent
662 3747 689 3782 u.
799 3729 881 3781 tuisse
894 3728 985 3779 utilius
999 3726 1126 3778 Pharnaci
1139 3739 1166 3788 a,
1180 3723 1271 3775 atilius

149 3804 275 3855 Pharnaci
292 3806 373 3857 inisse
386 3807 446 3857 edd.
578 3810 593 3860 0
607 3808 758 3859 inmortales
771 3823 798 3859 a.
928 3806 1016 3871 itaque
1029 3818 1047 3853 a
1060 3804 1084 3866 b,
1099 3802 1187 3868 itaque
1200 3814 1228 3850 se
1241 3815 1268 3851 ιι.

259 3883 289 3934 10
303 3884 450 3936 liberaliter
463 3887 548 3936 omnia
561 3903 588 3952 a,
602 3888 689 3938 omnia
700 3886 850 3937 liberaliter
862 3884 923 3933 edd.
1052 3882 1086 3938 20
1098 3895 1272 3949 praecurren-

148 3970 200 4015 tem
215 3963 306 4026 (ψει,
321 3966 433 4028 risorie
445 3980 459 4014 c
471 3964 490 4015 d
501 3969 624 4032 excipias
631 4003 640 4030 ,
655 3965 764 4028 omnee‘,
786 3968 982 4031 procurrentem
995 3978 1028 4024 ιι,·
1041 3967 1229 4029 properantem
1241 3975 1269 4010 ιι.

151 4039 328 4106 Temptabam
349 4042 581 4107 praedestinantem
595 4059 627 4094 ae
640 4051 802 4095 currentem:
824 4056 887 4092 ιιιιιιι
899 4042 1021 4092 Bentleii
1031 4056 1111 4109 prope
1123 4046 1270 4092 currentem

148 4118 270 4183 ineptum
284 4124 334 4171 est.
447 4127 582 4186 sperasset
595 4121 620 4172 b.
725 4118 759 4175 26
772 4123 912 4169 consuerat
924 4133 952 4181 a,
966 4118 1104 4170 consueuit
1117 4118 1149 4181 b,·
1163 4129 1270 4166 eonsue-

148 4202 223 4245 nerat
237 4212 263 4246 ιι.
369 4197 521 4264 28positnm
534 4198 616 4266 ipsam
630 4186 717 4262 codd„
727 4196 814 4264 positu
826 4196 883 4263 ipso
891 4194 979 4247 Aldus
992 4210 1020 4246 ιι.
1127 4195 1160 4248 29
1171 4191 1271 4245 munito

148 4287 207 4339 ego,
222 4276 346 4327 munitum
360 4275 438 4329 codd.
451 4277 483 4328 P.
497 4275 557 4330 tot.
663 4275 697 4328 30
709 4273 781 4342 buic]
795 4274 827 4328 hc
838 4289 961 4343 eumaeo.
976 4289 1031 4326 oa.
