2692 4688
498 204 638 277 cotttt
655 204 685 276 ll
699 204 795 277 CAP.
811 208 921 277 3-6.
1266 206 1330 276 539

148 378 256 467 ltaque
270 400 343 445 suos
358 377 543 456 cohortatus,
560 402 635 465 quos
650 382 785 465 integros
800 372 1073 465 superuniuntur
1088 380 1184 444 uictos
1198 379 1307 445 con-2

148 494 339 561 temnerent,
356 483 461 567 plenus
476 484 539 567 spei
555 483 652 547 bonae
667 495 757 566 atque
774 483 864 547 animi
879 484 1024 547 aduersas
1040 500 1093 545 eos
1109 482 1270 565 proficisci·

148 598 213 652 tur.
243 583 349 649 Facile
372 594 438 648 erat
459 605 500 648 ex
522 586 632 648 castris
647 583 686 649 G.
703 583 836 648 Trebam
853 594 942 666 eaque
957 584 1093 648 omnibus
1109 582 1305 667 superiori-3

149 689 207 754 bas
222 687 297 753 locis
314 687 486 771 prospicere
502 687 532 749 in
549 688 665 765 urbem,
682 698 715 750 ut
729 686 826 750 omnis
841 687 1001 763 inuentus,
1026 706 1102 769 qaae
1117 685 1148 748 in
1163 685 1270 770 oppido

112 804 129 857 t
150 800 356 868 remanserat,
382 810 544 871 omnesque
558 789 721 872 superioris
736 790 845 853 aetatis
864 810 930 851 eum
947 786 1048 852 liberis
1063 798 1152 870 atque
1167 786 1273 850 uxori·

148 892 205 959 boa
219 894 243 977 †
258 912 300 956 ex
314 891 440 976 publicis
455 892 599 954 custodiis
623 912 698 974 quae
720 903 772 955 aut
793 912 879 957 muro
901 893 938 956 ad
955 891 1067 955 caelum
1084 910 1190 955 manus
1206 900 1271 954 ten·

148 996 277 1071 demut,
301 1004 355 1056 ant
371 994 478 1077 templa
493 994 615 1057 deorum
631 995 830 1058 inmortalium
846 995 965 1059 adirent
979 1005 1009 1057 et
1024 1004 1095 1056 ante
1111 993 1271 1056 simulacra

150 1097 277 1183 proiecti
293 1094 449 1158 uictoriam
459 1095 496 1158 ab
512 1097 780 1180 disexposoerent.
803 1094 910 1180 Neque
927 1108 992 1161 erat
1007 1099 1161 1180 quisquam
1177 1090 1308 1158 omui-b

150 1220 224 1277 uua,
247 1198 316 1281 quin
338 1197 371 1261 iu
394 1197 461 1260 eius
483 1196 542 1260 diei
558 1216 630 1259 casu
646 1218 764 1261 suarum
781 1200 912 1262 omnium
928 1201 1116 1262 fortunarum
1132 1205 1270 1260 euentum

96 1314 129 1369 to
151 1300 320 1365 consistere
336 1298 537 1363 existimaret.
569 1296 648 1362 Nam
671 1310 703 1363 et
724 1301 841 1364 bonesti
857 1321 897 1364 ex
912 1301 1068 1365 iuuentute
1083 1310 1113 1363 et
1128 1300 1270 1381 cuiusque
1286 1293 1306 1359 5

151 1403 261 1467 aetatis
268 1401 441 1486 amplissimi
457 1401 631 1464 nominatim
646 1403 762 1466 euocati
778 1404 1021 1486 auqueobsecrati
1031 1402 1271 1465 nauisconscen-

150 1506 271 1582 derant,
288 1513 332 1579 ut,
348 1503 458 1585 siquid
475 1501 594 1566 aduersi
609 1504 782 1583 accidisset,
800 1526 838 1569 ne
853 1506 888 1568 ad
904 1506 1071 1568 conandum
1086 1504 1200 1586 quidem
1215 1500 1273 1564 eibi

151 1607 310 1691 quicquam
325 1605 432 1689 reliqui
454 1608 519 1670 iore
539 1606 695 1685 uiderent3
719 1608 745 1671 si
766 1608 1009 1692 superauissent,
1033 1607 1082 1670 uel
1098 1602 1271 1669 domesticis

148 1709 258 1794 opibus
272 1710 321 1773 uel
337 1708 474 1773 externis
488 1708 610 1772 auxiliis
625 1709 662 1773 de
676 1710 774 1774 salute
789 1710 870 1774 urbis
886 1710 1080 1773 conlidereut.
1098 1705 1268 1772 Comnuiaso
1283 1703 1307 1773 b

97 1823 131 1876 st
153 1810 268 1897 proelio
282 1808 525 1876 Massiliensibus
540 1831 592 1874 res
608 1811 687 1875 nulla
701 1812 739 1875 ad
755 1813 896 1876 uirtutem
914 1813 1022 1889 deluit3
1048 1812 1101 1875 sed
1123 1827 1271 1872 memores

153 1933 258 1977 eorum
273 1924 508 1997 praeceptorum,
527 1934 601 1995 quae
617 1914 703 1996 paulo
719 1925 789 1978 ante
805 1915 841 1977 ab
857 1916 918 1978 suis
934 1924 1126 1997 acceperant,
1144 1910 1271 1974 bocani-

154 2036 206 2078 mo
221 2014 423 2092 decertabant,
443 2026 477 2078 ut
491 2016 603 2078 nullum
619 2015 699 2080 aliud
714 2026 831 2099 tempus
847 2017 882 2078 ad
899 2017 1064 2080 conandum
1081 2013 1208 2078 babituri
1225 2011 1271 2075 ui-

155 2117 316 2196 derentur,
340 2126 372 2181 et
393 2117 498 2200 quibus
521 2119 552 2180 iu
576 2138 672 2202 pugna
697 2119 777 2181 uitae
801 2117 963 2201 periculum
988 2119 1139 2181 accideret
1153 2136 1212 2178 nou
1228 2114 1272 2176 ita

151 2221 249 2284 multo
270 2239 306 2284 se
326 2219 509 2303 reliquorum
525 2221 634 2283 ciuium
649 2222 741 2283 latum
757 2221 937 2283 antecedere
953 2219 1181 2292 existimareutq
1207 2215 1271 2296 qui·

94 2332 131 2386 2⁰
153 2321 209 2386 bae
231 2321 303 2387 urbe
325 2333 410 2408 capta
434 2323 538 2386 eadem
561 2334 643 2386 essct
657 2322 726 2386 belii
743 2322 860 2386 l'ortuua
877 2323 1026 2406 patienda.
1075 2314 1308 2398 Diductisque2

153 2425 267 2488 uostris
282 2425 421 2507 paulatim
437 2425 562 2488 nauibus
579 2427 705 2489 artificio
732 2425 963 2509 gubernatorum
979 2421 1134 2487 mobilitati
1151 2418 1273 2483 nauium

151 2526 238 2590 loeus
252 2527 389 2606 dabatur,
407 2537 438 2591 et
453 2528 478 2590 si
494 2530 611 2611 quando
626 2529 721 2593 nostri
737 2529 908 2593 facultatem
920 2529 997 2592 nacti
1015 2527 1120 2592 ferreis
1137 2520 1272 2588 manibus

150 2630 270 2694 iniectis
291 2650 402 2693 nauem
423 2631 646 2714 religauerant,
669 2633 798 2716 undique
819 2633 882 2695 suis
897 2631 1100 2695 laborantibus
1116 2646 1273 2692 succurre-

151 2731 236 2795 bant.
267 2730 377 2815 Neque
402 2753 476 2796 ueso
499 2733 649 2796 coniuncti
664 2735 778 2798 Albicis
799 2736 963 2797 comminus
980 2733 1138 2816 pugnando
1154 2724 1308 2793 tenete-3

95 2844 129 2900 2⁵
152 2833 226 2898 bant
238 2856 335 2918 neque
350 2834 474 2898 multum
491 2836 636 2900 cedebant
651 2837 760 2900 uirtute
777 2838 899 2901 nostris.
941 2834 1037 2900 Simul
1052 2853 1093 2896 ex
1108 2830 1271 2894 minoribus

153 2936 281 3000 nauibus
297 2958 404 3019 magua
420 2937 466 3000 uis
482 2939 598 3002 eminus
615 2941 704 3003 missa
728 2939 854 3004 telorum
877 2938 967 3000 multa
984 2935 1096 2998 nostris
1112 2934 1149 2995 de
1162 2932 1272 3014 impro-

153 3042 223 3103 uiso
236 3039 464 3124 inprudeutibue
480 3052 568 3124 atque
583 3040 732 3126 impeditis
748 3044 873 3106 uulnera
892 3039 1073 3103 inferebant.
1107 3030 1307 3117 conspice-4

154 3151 262 3224 taeque
277 3162 370 3205 naues
387 3143 524 3206 triremes
540 3144 615 3206 duae
632 3142 786 3207 naucmD.
798 3141 898 3219 Bruti,
915 3161 990 3224 quae
1007 3160 1047 3202 ex
1060 3139 1169 3223 insigni
1186 3137 1271 3200 lueile

153 3245 276 3329 agnosci
292 3254 421 3330 poterat,
439 3246 552 3308 duabus
568 3268 608 3309 ex
624 3245 756 3328 partibus
772 3266 840 3309 seso
856 3246 886 3307 in
903 3264 967 3306 earn
981 3244 1192 3307 incitauerant.
1210 3237 1271 3303 Sed

96 3357 130 3410 tt
153 3357 268 3410 tantum
282 3369 317 3412 re
331 3349 451 3432 prouisa
458 3347 571 3413 Brutus
587 3349 741 3414 eeleritate
757 3349 842 3412 nauis
859 3348 961 3410 enisus
976 3358 1034 3425 est,
1052 3356 1084 3409 ut
1098 3364 1192 3430 paruo
1207 3362 1271 3404 mo·

263 3589 273 3642 l
290 3597 318 3641 ut
330 3606 384 3642 om.
398 3606 434 3640 m.
446 3606 491 3656 pr.
506 3593 530 3641 b.
636 3597 846 3656 contempnereut
858 3604 885 3639 a.
991 3587 1162 3641 dl'rebonia.

152 3666 214 3719 dex
226 3667 337 3733 publicis
350 3669 476 3718 custodiis
490 3684 555 3735 quaa
568 3677 613 3720 eut
626 3686 697 3719 muro
712 3672 790 3719 ‘ansa
810 3665 951 3734 plerique,
967 3666 1077 3731 publicis
1087 3663 1269 3727 custodiisque

152 3752 199 3794 aut
211 3760 282 3794 muro
295 3761 329 3807 a,·
343 3746 504 3811 publicisque
519 3747 645 3797 custodiis
658 3754 704 3797 aut
715 3762 747 3796 ex
761 3762 832 3795 muro
847 3744 934 3796 Aldus
947 3759 974 3792 at.
989 3742 1021 3792 Ρ.
1038 3741 1096 3794 tat.
1212 3754 1271 3789 coe·

152 3821 268 3886 ium(a).
375 3838 572 3873 rnuriusom.o.
679 3823 923 3873 iinmortaiiumc.
1038 3816 1273 3881 adisasttisoat

150 3901 202 3951 biis
214 3901 289 3952 mss!
298 3920 307 3963 ,·
321 3901 372 3951 diis
387 3918 413 3950 rt.
553 3903 567 3952 0
582 3902 606 3950 in
621 3917 674 3950 om.
688 3916 705 3950 a
716 3902 763 3950 bc.
884 3899 914 3950 lll
928 3896 1084 3963 consistere]
1099 3897 1231 3947 sustinere
1245 3897 1270 3945 b.

263 3979 291 4030 ll
310 3979 383 4027 nauis
396 3994 423 4028 a.
531 3978 561 4030 13
576 3978 711 4042 quicquam
723 3994 750 4041 o,
765 3976 980 4042 necquidquam.
1096 3974 1126 4025 ld
1139 3974 1271 4024 acciderat

151 4072 170 4107 a
182 4059 263 4106 etsie
277 4056 333 4105 ‘uel
345 4057 482 4106 accederet
496 4073 558 4105 uass.
571 4057 713 4122 plerique’.
818 4057 851 4110 20
866 4056 990 4121 pacienda
1004 4070 1030 4105 a.
1143 4053 1172 4107 21
1189 4050 1271 4100 artili-

152 4134 193 4183 oio
208 4135 222 4183 b
235 4136 251 4184 2
265 4133 345 4198 dett,
361 4141 388 4184 et
400 4133 511 4184 artilicio
525 4134 635 4198 reliqui.
652 4134 681 4182 P.
698 4132 754 4184 lli.
860 4134 893 4186 23
908 4133 993 4183 uauiru
1008 4133 1033 4182 b.
1137 4130 1170 4185 27
1183 4130 1272 4194 inpro-

153 4211 274 4262 dantibuu
287 4227 314 4261 a.
487 4210 521 4262 28
535 4210 627 4272 insigni
640 4211 656 4261 2
669 4208 755 4271 dett.;
771 4208 823 4272 igni
836 4224 883 4272 oe,
898 4210 958 4273 iguo
971 4209 998 4272 d,
1013 4210 1095 4272 siquis
1109 4208 1134 4258 b.

153 4290 187 4343 2⁹
201 4305 343 4354 agnoscere
356 4305 383 4339 a.
489 4287 522 4339 30
535 4288 642 4339 decisus
656 4289 680 4338 b.
