2692 4688
492 165 813 232 ...134-

88 342 205 427 quidem
227 362 368 407 numerus
390 352 476 424 aptus
497 350 557 403 est.
592 336 707 402 Eieetis
726 337 833 403 alienis
855 337 1030 403 commentis
1046 331 1214 405 Caesarem

87 445 131 510 ita
145 445 304 530 scripsisse
318 443 510 509 statuendum
523 452 584 505 esta
603 437 729 505 ‘Sullam
745 441 856 505 nudata
871 439 1008 507 omnibus
1017 440 1109 507 rebus
1119 441 1215 509 tribn-

89 546 169 613 nieia
183 557 330 633 potestate
339 558 438 611 mmen
447 544 695 611 intercessionem
705 543 830 608 liberam
837 544 1006 627 reliquisse,
1022 541 1214 629 Pompeium,

89 650 139 733 qni
154 651 264 715 amissa
279 651 448 715 restituisse
463 647 612 726 uideatur,
629 645 798 711 ademisse'.
822 645 938 711 Eodem
954 647 1042 711 modo
1056 647 1215 730 sequeutia

87 752 267 837 interpolata
281 763 362 818 sunta
382 748 648 835 ‘Quotiescumque
664 750 704 813 sit
718 750 881 824 decretum,
899 750 1006 813 darent
1020 749 1216 833 magistratus

88 876 221 939 operam,
250 875 289 918 ne
310 855 379 939 quid
402 854 571 940 respublica
592 852 761 917 detrimenti
785 863 919 937 caperet,
944 872 1004 937 qua
1018 874 1094 918 uoce
1108 865 1141 919 et
1154 874 1217 939 quo

88 969 213 1023 senatus
228 957 365 1022 consulto
382 956 505 1042 populus
520 955 677 1021 Romanus
691 956 729 1020 ad
747 975 831 1021 arma
844 956 886 1021 sit
901 966 1038 1033 uocatus,
1054 957 1167 1021 butum
1181 956 1216 1023 in

87 1061 266 1146 perniciosis
282 1059 409 1145 legibus,
435 1059 466 1122 iu
481 1058 512 1122 ui
527 1057 701 1138 tribunicia,
723 1057 756 1123 in
770 1056 943 1123 secessione
958 1057 1070 1143 pepuli,
1093 1058 1216 1145 templis

87 1165 220 1248 locisque
235 1161 411 1229 editioribus
422 1161 574 1247 occupatis
589 1171 693 1245 (atque
703 1161 777 1225 baec
784 1159 950 1246 superioris
957 1160 1067 1225 aetatis
1074 1161 1216 1246 exempla

88 1267 211 1352 expiata
219 1262 375 1331 Saturnini
388 1277 476 1351 atque
485 1262 691 1330 Gracchorum
706 1264 828 1329 casibus
844 1264 960 1345 doeetla
977 1282 1215 1346 quarumrertun

86 1369 139 1434 illo
155 1380 288 1454 tempore
303 1370 378 1433 nibil
393 1371 515 1446 luemus,
533 1389 571 1432 ne
587 1367 750 1451 cogitatum
766 1365 894 1450 quidem:
920 1364 1001 1429 nullu
1014 1365 1068 1429 lex
1080 1366 1216 1449 pronul-

86 1483 169 1558 gata,
186 1492 248 1535 non
263 1493 329 1535 cum
346 1472 452 1556 populo
467 1468 516 1556 agi
532 1479 681 1553 coeptum,
699 1469 779 1532 nulla
794 1468 926 1533 secessio
940 1466 1043 1533 facta'.
1066 1466 1215 1537 Animad-

86 1575 166 1639 uerti
186 1584 269 1658 puto,
286 1584 471 1658 quantopere
486 1583 553 1657 post
566 1592 691 1655 grauem
704 1570 786 1634 illam
802 1569 965 1634 clausulam
983 1577 1033 1635 ‘ne
1048 1571 1214 1656 cogitatum

87 1675 214 1760 quidem'
234 1687 403 1742 extremum
418 1675 546 1740 tricolou
568 1675 721 1758 langueat.
752 1670 820 1737 Duo
843 1683 940 1738 autem
963 1674 1065 1759 priora
1079 1674 1215 1743 membn

88 1779 182 1844 ‘nulla
196 1780 248 1845 lex
263 1778 461 1865 promulgata,
486 1798 547 1841 non
567 1797 632 1840 rum
649 1777 757 1860 populo
772 1778 822 1860 agi
844 1776 990 1860 coeptum’
1013 1796 1079 1841 eam
1100 1776 1215 1845 babent

85 1882 277 1960 sententiam,
304 1892 337 1945 nt
359 1900 398 1945 uc
418 1901 455 1945 ea
476 1880 607 1963 quidem,
631 1899 706 1962 quae
720 1878 758 1942 ab
773 1879 910 1943 omnibus
926 1879 1053 1943 tribunis
1068 1879 1119 1964 agi
1131 1879 1214 1947 solc-

84 1981 169 2060 bant,
186 1994 267 2062 acta,
283 1993 314 2047 et
328 1993 429 2049 umen
440 1983 513 2048 illud
528 1993 651 2047 senatus
660 1981 948 2045 consultumsactum
964 1982 1092 2047 dicatur.
1113 1980 1213 2051 Plane

85 2085 268 2149 contrarium
289 2097 337 2151 est
356 2086 477 2151 tertium
500 2084 682 2150 membrum:
706 2084 736 2148 id
758 2084 837 2148 enim
854 2085 964 2148 factum
987 2095 1127 2169 negatur,
1150 2106 1214 2171 qno

85 2187 166 2251 iaetu
180 2209 263 2252 more
279 2189 422 2253 maiomm
438 2188 476 2251 ad
491 2196 615 2251 senatus
624 2186 791 2251 consultum
799 2187 871 2251 illud
883 2187 1038 2251 decursum
1055 2185 1215 2257 esseCae·

84 2309 137 2354 sar
151 2290 238 2355 modo
254 2290 385 2355 dixerat.
409 2286 472 2355 Sed
487 2310 607 2375 operam
624 2289 716 2375 perdo
731 2289 1039 2373 compositionisnitia
1050 2289 1210 2377 colligens,

84 2413 151 2457 eum
167 2393 361 2479 grammatica
375 2394 471 2457 forma
486 2403 590 2477 aperte
604 2392 725 2457 soloeca
739 2391 791 2457 sit.
830 2387 939 2456 Omnia
955 2393 1035 2457 enim
1050 2404 1083 2457 et
1095 2395 1213 2481 superi·

84 2515 139 2558 ora
155 2505 186 2559 et
200 2494 385 2580 insequentia
401 2493 548 2579 obliquam
564 2493 729 2559 oraticnem
746 2494 868 2574 babent,
889 2494 945 2560 hoe
960 2495 1088 2560 tricolm
1104 2496 1140 2563 de
1155 2496 1212 2563 im·

83 2595 205 2680 prouisa
219 2608 304 2661 recta
318 2595 455 2660 oratione
470 2596 594 2681 ingruit.
618 2594 722 2680 ltaque
737 2597 812 2661 baec
826 2597 962 2662 eicienda
976 2609 1059 2663 sunt.

171 2694 210 2765 C.
229 2696 271 2762 10
285 2698 645 2765 initiumitascribendum
662 2709 738 2763 erata
757 2699 913 2784 ‘Acceptis
921 2700 1070 2765 mandatis
1077 2698 1212 2767 Roscius

84 2823 103 2868 a
118 2796 252 2867 Caesare
264 2797 396 2888 Capuam
412 2802 551 2887 peruenit
565 2801 666 2886 ibique
681 2803 820 2868 consules
834 2802 1069 2889 Pompeiumque
1082 2802 1212 2871 inuenita

84 2906 234 2990 postulata
249 2899 392 2971 Caesaris
413 2903 579 2969 renuntiat.
616 2901 666 2969 llli
688 2905 854 2971 deliberata
874 2927 910 2972 re
931 2906 1115 2991 respondent
1133 2907 1212 2973 scri·

84 3019 195 3093 ptaque
209 3008 247 3074 ad
262 3028 328 3072 eum
344 3007 483 3073 mandata
498 3007 664 3072 remittunt‘
687 3019 758 3073 cett.
789 3007 899 3074 Editur
920 3007 1065 3074 ‘Roscius
1081 3006 1208 3075 cumb.

84 3106 239 3179 Caesare’:
257 3121 292 3175 ut
307 3111 404 3195 posui,
422 3121 468 3177 est
482 3111 514 3175 in
530 3110 648 3195 optimis
657 3110 742 3175 codd.
766 3108 885 3176 Deinde
899 3112 1041 3195 uulgatur
1056 3112 1212 3179 ‘mandata

84 3232 138 3297 per
160 3234 213 3276 eos
232 3211 411 3292 remittunt‘,
438 3213 516 3301 quod
538 3224 660 3299 recepta
679 3213 731 3277 illa
746 3215 924 3301 optimorum
948 3215 1034 3279 eodd.
1059 3215 1212 3300 scriptura

84 3314 158 3378 ferri
174 3334 234 3377 non
251 3323 360 3398 potest.
389 3313 489 3399 Atque
506 3311 736 3401 Oudendorpius
759 3318 791 3382 in
805 3316 895 3385 Laid.
913 3340 959 3403 pr.
977 3328 1007 3383 et
1027 3314 1109 3383 scu.
1129 3327 1212 3402 ‘per-

85 3417 223 3481 mittunt'
244 3414 303 3500 legi
319 3415 404 3495 dicit,
426 3435 465 3479 ex
481 3438 548 3480 mea
564 3417 724 3483 collatione
738 3416 812 3485 Par.
830 3444 893 3487 sec.
911 3432 1026 3487 eertum
1049 3431 1096 3485 est
1113 3427 1212 3487 ‘utan-

84 3519 153 3584 data
172 3515 363 3603 permittunt'
385 3518 496 3584 inillis
519 3540 636 3603 quoque
657 3521 802 3607 scriptum
817 3544 897 3588 esse.
928 3521 1035 3607 ltaque
1051 3524 1213 3589 ‘mandata

83 3619 249 3684 remittunt'
265 3620 362 3705 posui.
396 3619 477 3687 Saue
493 3618 653 3688 Caesare.
670 3621 938 3693 enarraremus.
957 3622 1123 3691 Caesarem
1137 3625 1211 3691 ado·

83 3721 247 3787 lescentcm
262 3723 299 3786 ad
314 3723 490 3810 sePompeii
504 3727 643 3792 mandata
659 3727 800 3793 detulisse
816 3728 978 3814 eademqne
995 3726 1211 3797 ierelloscium

83 3837 254 3910 praetorem
268 3848 371 3892 secum
386 3829 503 3913 msera
528 3832 629 3915 itaque
645 3851 680 3895 se
694 3832 818 3899 idoneos
834 3844 954 3900 nactum
969 3834 1105 3899 homines
1121 3834 1158 3897 ab
1171 3834 1212 3900 iia

84 3927 215 4013 petisse,
233 3939 267 3992 ut
281 3951 336 3995 sna
353 3953 468 4015 quoqne
484 3935 624 3999 mandata
651 3935 688 3998 ud
709 3932 883 4020 Pompeium
900 3938 1063 4001 delement.
1096 3933 1212 4018 Quan-

83 4030 185 4095 obrem
211 4030 267 4095 boc
290 4032 407 4115 quidem
430 4034 550 4099 dubium
571 4058 631 4100 nou
653 4047 720 4116 est,
751 4039 822 4120 quin
843 4040 962 4123 utrique
986 4039 1127 4103 mandata
1141 4058 1212 4123 per·

83 4133 207 4198 ferenda
222 4131 291 4200 data
305 4133 378 4199 sint.
409 4135 510 4219 Atque
531 4134 640 4204 Cicero
661 4139 699 4204 ad
719 4139 871 4221 Aruvll,
890 4141 929 4205 13
943 4140 984 4223 B,
1008 4140 1041 4207 6.
1066 4140 1118 4220 14,
1141 4138 1160 4204 1
1177 4151 1212 4207 at

82 4234 203 4323 saepius
224 4236 322 4303 solnm
343 4234 384 4303 1..
408 4234 571 4304 Caesarem
587 4242 725 4307 mandma
740 4263 758 4307 a
773 4238 908 4311 Caesare
922 4246 1062 4312 attulisse
1076 4244 1138 4311 aits
1154 4244 1211 4311 sed
