2692 4688
496 206 818 279 -ttt—

95 407 151 471 que
166 385 304 469 legiones
319 384 350 447 in
365 394 473 467 quarta
487 386 553 449 acie
568 397 670 450 essent
684 386 859 467 collocatae,
877 410 937 454 non
952 398 1033 467 octo,
1049 392 1217 460 sedomnes

94 492 195 556 decem
210 489 345 573 legiones
360 489 392 550 in
407 488 440 551 in
454 489 520 551 acie
534 489 706 567 affuissent,
722 501 754 553 et
769 502 867 555 tamen
878 494 976 558 nullae
986 496 1214 576 superfuissent,

95 593 222 677 quaein
244 592 342 655 media
364 590 428 653 acie
441 590 671 655 collocarentur.
709 591 847 677 Denique
868 597 955 681 plane
977 598 1150 662 incredibile
1171 610 1219 664 cst

95 697 224 779 quinqua
240 695 374 778 legiones
388 693 420 756 in
436 704 541 775 quarta
556 694 622 757 acio
638 695 752 776 positas
767 716 848 759 esse.
872 695 954 760 Nam
970 720 1035 762 curn
1046 701 1152 784 prima,
1170 722 1218 766 se·

97 800 211 876 canda,
244 798 333 861 tertia
356 796 405 859 uel
421 806 638 879 quotacumque
659 796 742 860 acies
762 797 909 862 instructa
931 801 1056 879 dicitnr,
1083 804 1218 888 singulas

96 900 235 964 cobortes
250 899 320 982 poni
340 894 571 980 intellegendum
592 908 651 961 cst.
690 900 734 963 Aa
756 902 970 985 quinquaginta
993 904 1164 972 cohortibus
1185 909 1218 972 in

96 1011 200 1085 quarta
227 1001 294 1063 acie
322 1000 428 1083 positis
451 1001 524 1063 haec
546 1001 703 1065 immanem
727 1003 941 1088 longitudinem
964 1009 1143 1090 accepisset.
1184 1007 1219 1074 ln

96 1101 163 1169 Par.
182 1125 247 1168 sec.
265 1101 353 1165 Leid.
372 1124 417 1185 pr.
434 1099 504 1165 Pet.
521 1104 728 1186 scriptumest
744 1103 784 1168 ‘V
801 1107 935 1190 legiones
949 1110 981 1172 in
1004 1120 1109 1193 quarta
1129 1112 1220 1177 acic'.

96 1202 166 1271 lude
180 1205 323 1270 facillima
338 1206 627 1268 emendationehaec
636 1206 899 1272 itarestitunntur:
920 1211 998 1274 ‘acie
1011 1211 1119 1297 triplici
1128 1213 1220 1278 collo-

98 1321 178 1390 cata,
195 1310 317 1394 legione
332 1308 446 1372 decima
460 1309 724 1391 tertiadecimaqne
741 1311 975 1390 detruncarem,
997 1315 1220 1396 quartadecima

99 1425 127 1477 ct
146 1433 228 1477 nona
247 1412 374 1477 sinistro
396 1411 559 1494 oppositis,
584 1412 686 1493 quinta
708 1412 827 1494 legione
848 1413 878 1475 in
901 1424 1004 1497 quarta
1021 1417 1085 1480 acie
1100 1419 1138 1481 ad
1152 1418 1219 1502 ipsa

99 1536 206 1581 ccrnna
230 1513 330 1599 quiuis
352 1513 526 1577 cohortibus
549 1524 654 1576 contra
675 1513 786 1577 bestias
813 1515 977 1580 collocatis'
1000 1529 1071 1582 cett.
1113 1518 1219 1604 ltaque

101 1613 212 1684 Caeam
226 1616 373 1701 triplicem
389 1617 484 1679 aciem
494 1616 635 1679 iustruxit
650 1616 799 1700 legionum
815 1627 940 1701 septem,
958 1620 999 1683 ita
1015 1631 1048 1684 nt
1063 1622 1149 1687 binas
1167 1644 1219 1689 ue·

100 1731 214 1787 manas
229 1721 260 1785 in
277 1718 419 1783 cornibus
436 1729 579 1801 ponerat3
597 1729 659 1782 tres
675 1719 803 1782 tironum
820 1720 851 1783 iu
865 1722 963 1784 media
979 1724 1044 1786 acie
1058 1725 1220 1790 collocatas

99 1845 162 1890 etse
183 1825 316 1907 scriptor
337 1841 397 1885 non
421 1821 601 1895 declaranit,
623 1822 691 1903 quia
707 1833 812 1905 sponte
828 1822 1075 1906 intellegebatur,
1098 1826 1127 1887 id
1143 1827 1221 1909 quod

100 1928 201 1991 eodem
224 1926 311 1989 modc
332 1926 442 1988 lactum
465 1934 513 1986 est
534 1943 551 1984 a
574 1918 707 1986 Caesare
729 1925 759 1986 b.
786 1926 846 1988 cin,
870 1922 936 2003 lll,
957 1925 1012 1990 89.
1052 1926 1169 1991 Deinde
1189 1928 1221 1992 in

99 2040 209 2111 quarta
229 2027 294 2090 acic
314 2027 445 2109 quintam
470 2026 616 2109 legionem
640 2027 794 2108 opposuit,
819 2027 862 2089 ita
884 2038 918 2089 ut
932 2029 968 2089 ad
985 2050 1099 2093 cornua
1115 2032 1220 2112 quinas

101 2131 243 2194 cobortes
250 2128 420 2202 collocaret,
437 2127 523 2191 idest
538 2128 687 2190 dimidiam
703 2128 850 2210 legionem
865 2129 1059 2208 addentium,
1071 2132 1220 2196 dimidiam

101 2234 133 2296 ad
147 2231 318 2297 sinistrum.
340 2228 424 2295 llaec
439 2231 531 2315 igitur
545 2231 602 2292 luit
616 2229 690 2293 aciei
707 2232 819 2293 torma:

101 2335 273 2437 tectumve,
1044 2368 1221 2437 stantuna

120 2440 247 2509 ’ἡὴ-Η·
299 2442 355 2495 Sin.
371 2457 450 2494 ccrnn
849 2438 943 2491 llextr
957 2455 1038 2490 corun
1073 2439 1200 2509 -Η-Ι-Η·

264 2521 494 2633 5⁸¹*
578 2532 748 2586 hlcdlaacies
827 2519 1054 2575 ΡΜ

282 2581 814 2818 dffilhlllleeee
611 2650 744 2716 .†
849 2582 936 2715 '5¹¹¹
938 2581 1038 2715 ele

297 2719 699 2856 ΨΜ..
733 2718 915 2856 utut
950 2717 1027 2852 lli

103 2905 278 2986 ltaantem,
303 2907 431 2986 utdixi,
456 2917 609 2971 auctorem
626 2928 829 2993 scripsisses
846 2903 888 2970 Sa
904 2906 1078 2979 rcnlirmat
1095 2901 1145 2966 ubi
1160 2923 1225 2967 ccr-

103 3021 194 3075 tamen
209 3009 313 3074 militis
329 3008 457 3093 legionis
472 3008 593 3091 quintae
615 3031 680 3072 cum
704 3008 861 3093 elephanto
883 3010 1025 3071 retertur.
1056 3003 1099 3067 Et
1114 3004 1226 3090 Appia·

103 3134 154 3179 nus
168 3114 199 3177 b.
218 3114 280 3177 cin.
298 3108 341 3191 ll,
358 3108 401 3176 96
416 3111 563 3194 legionem
579 3112 724 3195 quintam,
745 3112 814 3195 quia
830 3109 995 3193 elephantis
1011 3110 1147 3192 opposita
1161 3126 1225 3170 rem

103 3214 174 3284 bene
188 3216 350 3305 gessisset,
368 3214 527 3279 simulacra
544 3214 646 3279 harum
663 3212 1224 3297 bestiaruminsignisgestasserelert.

103 3316 243 3387 Ceterum
267 3320 318 3383 illo
341 3320 407 3384 loco
430 3318 498 3383 helli
514 3316 671 3395 Africani,
696 3316 732 3380 de
748 3337 805 3398 qno
821 3316 907 3379 modo
931 3315 1077 3393 diximus,
1104 3315 1135 3378 in
1150 3311 1223 3377 Par.

102 3444 162 3489 tec.
179 3425 325 3510 scriptum
349 3434 395 3489 est
426 3419 653 3487 ‘animaduertit
673 3419 767 3483 aciem
791 3440 843 3501 pro
859 3418 938 3483 uallo
955 3416 1105 3503 Scipionis
1122 3426 1230 3479 contra

101 3528 276 3615 elephantos
292 3526 399 3589 dextro
415 3524 597 3606 sinistruque
613 3542 707 3585 cornu
723 3521 900 3599 collocatis',
918 3522 1083 3604 similiaque
1104 3519 1135 3581 iu
1155 3517 1227 3582 reli·

100 3631 165 3717 quis
181 3630 269 3695 codd.
287 3630 439 3713 leguntur.
467 3623 554 3707 Quae
570 3624 717 3708 scriptura
734 3624 844 3686 indicio
861 3635 907 3687 est
923 3623 1016 3687 uerba
1034 3630 1150 3686 ‘contra
1166 3621 1228 3684 ele-

99 3735 229 3819 phantus
251 3734 361 3796 dextro
385 3730 568 3812 sinistroque
589 3747 682 3790 cornu
704 3725 874 3789 collocatis'
898 3750 915 3792 a
937 3727 1078 3810 magistro
1096 3723 1228 3808 ascripta

100 3839 193 3905 luisse
210 3834 404 3901 interioribus
423 3833 471 3895 ‘ad
488 3831 552 3916 ipsa
569 3851 681 3893 corinna
697 3830 793 3911 quinis
810 3830 981 3895 cohortibus
997 3838 1101 3894 contra
1116 3826 1228 3891 bestias

101 3938 278 4017 collocatis',
303 3948 392 4000 ntea
416 3934 463 3998 nel
485 3934 653 4018 explicaret
676 3931 722 3995 uel
738 3932 925 4012 immutaret,
952 3933 1058 3997 deinde
1074 3942 1171 3996 antem
1188 3952 1229 3994 ex

101 4044 237 4128 margine
252 4043 283 4104 in
299 4041 428 4104 alienum
444 4040 540 4103 locum
558 4037 705 4100 translata
721 4056 799 4098 esse.
825 4033 928 4120 ltaque
943 4035 1228 4100 illancrbadelcnda

102 4166 169 4209 csse
185 4143 366 4230 significani.
391 4136 451 4205 Sed
468 4151 512 4215 ut,
531 4160 605 4224 qnae
622 4140 657 4202 de
669 4137 835 4221 legionibus
845 4135 986 4204 Caesaris
999 4139 1226 4222 disputanimus,

104 4249 355 4335 complectantur,
379 4245 481 4309 decem
496 4243 631 4329 legiones
648 4242 702 4307 ltoc
718 4241 796 4307 hello
811 4244 841 4306 iu
858 4242 961 4306 Africa
982 4240 1072 4305 luisse
1088 4237 1227 4310 uidimus,
