2692 4688
75 196 143 266 bbss
383 201 385 205 ’
504 193 564 265 llll
586 192 730 262 netto
753 190 891 262 ClVlLl

78 369 124 441 lo
226 366 507 435 Demonstrauimus
521 363 561 431 Ι..
578 366 742 434 Vibullium
758 365 888 443 Rufum,
911 362 1045 451 Pompeii
1062 368 1261 450 praelectum,

137 461 232 527 bisin
247 470 423 546 potestatem
440 461 615 544 peruenisse
629 456 774 524 Caesaris
794 470 882 542 atque
902 459 940 523 ab
956 481 992 523 eo
1008 479 1077 523 esse
1091 460 1261 542 dimissum,

100 556 124 622 2
137 556 232 622 semel
245 557 281 619 ad
298 551 475 634 Corfinium,
493 556 600 619 iterum
617 557 647 620 iu
662 554 821 641 Hispania.
854 553 942 619 lluoe
958 576 1011 640 pro
1026 556 1089 620 suis
1104 555 1261 623 beneflciis

138 649 257 717 Caesar
270 653 409 728 idoneum
426 651 629 728 iudicauerat,
655 671 740 732 quem
757 671 824 713 cum
840 650 988 714 mandatis
1003 651 1040 713 ad
1057 646 1116 714 Cu.
1133 649 1262 737 Pompe-

137 755 198 819 ium
215 755 358 832 mitteret,
376 753 560 835 eundemque
575 753 651 836 apud
661 748 721 816 Cn.
731 750 904 836 Pompeium
919 753 1130 816 auctoritatem
1145 755 1259 821 babere
1281 768 1298 821 1

101 856 341 940 diutellegebat.
367 852 551 919 Erotaotem
569 854 989 919 baeosummamaudatorum.
1012 852 1133 921 Debere
1148 870 1262 921 ouum·

139 980 196 1043 que
212 958 394 1044 pertinaciae
417 958 505 1020 finem
528 959 628 1020 iacere
645 968 676 1021 et
690 959 726 1031 ab
741 957 833 1020 armis
848 958 1005 1022 discedere
1020 979 1118 1042 aeque
1132 960 1261 1045 amplios

103 1060 290 1126 blortuuam
307 1058 482 1145 periclitari.
515 1055 598 1122 Satis
622 1079 689 1122 esse
713 1081 820 1145 magua
844 1061 994 1146 utrimque
1008 1061 1195 1125 incommoda
1210 1082 1262 1126 ac·

139 1173 238 1248 cepta,
256 1182 332 1245 quoe
348 1182 401 1246 pro
417 1161 573 1243 disciplina
589 1171 620 1224 et
635 1164 801 1247 praeceptis
810 1162 921 1226 babere
930 1173 1065 1247 possent,
1084 1174 1117 1226 ut
1127 1163 1260 1247 reliquos

104 1262 230 1330 bessus
251 1265 411 1327 timerent:
435 1263 517 1326 illum
533 1260 622 1326 ltalia
644 1265 799 1346 expulsum
823 1265 934 1329 amissa
950 1261 1052 1329 Sicilia
1074 1276 1105 1329 et
1119 1262 1261 1330 Sardinia
1288 1277 1321 1331 to

138 1366 312 1449 duabusque
327 1364 480 1449 llispauiis
497 1375 527 1428 et
543 1366 715 1430 cohortibus
734 1369 767 1430 in
783 1364 869 1431 ltalia
886 1378 973 1449 atque
988 1365 1133 1450 Hispania
1149 1368 1259 1432 ciuium

137 1466 343 1532 Romanorum
360 1477 477 1530 centum
494 1478 583 1549 atque
597 1478 694 1545 xxx,
717 1488 750 1531 se
766 1480 862 1533 morte
877 1465 1018 1533 Curionis
1035 1479 1065 1532 et
1080 1469 1259 1533 detrimento

104 1568 126 1634 6
141 1570 276 1633 Africani
294 1570 445 1632 exercitus
463 1579 545 1631 taoto
561 1569 743 1653 militumque
759 1571 907 1634 deditione
922 1570 959 1633 ad
975 1565 1151 1653 Corcyram.
1179 1569 1259 1634 Pro·

139 1671 208 1735 iude
225 1672 281 1734 sibi
297 1692 332 1734 ac
341 1670 520 1754 reipublicae
536 1682 704 1754 parcerent,
722 1694 822 1758 quom,
840 1683 980 1756 quantum
996 1672 1026 1735 iu
1042 1670 1120 1734 bello
1136 1673 1258 1736 lortuna

104 1772 262 1859 7posset‚
286 1774 344 1837 iam
368 1773 424 1855 ipsi
446 1773 640 1838 incommodis
661 1775 724 1839 suis
747 1776 820 1839 satis
841 1785 944 1839 essent
957 1775 1144 1837 documento.
1190 1772 1259 1837 lloc
1286 1787 1321 1840 15

140 1897 231 1940 auum
247 1895 315 1939 esse
332 1885 446 1958 tempus
462 1876 498 1938 de
513 1896 586 1960 pace
601 1878 727 1960 agendi,
750 1878 819 1941 dum
836 1877 894 1941 sibi
910 1888 1034 1959 uterque
1050 1875 1211 1939 confideret
1226 1887 1259 1940 et

140 1998 228 2062 paces
244 1977 331 2041 ambo
347 1977 540 2057 uiderentur,
558 1979 584 2043 si
601 1999 674 2043 uero
690 1979 778 2043 alteri
794 1981 911 2064 paulum
928 1980 1015 2042 modo
1028 1978 1182 2042 tribuisset
1198 1979 1259 2041 lor-

140 2075 223 2158 tuoa,
242 2101 301 2143 uou
317 2101 385 2145 esse
402 2101 524 2145 usurum
540 2082 764 2147 condicionibus
780 2083 861 2168 pacis
878 2104 964 2161 eum,
988 2081 1038 2165 qui
1060 2080 1199 2164 superior
1215 2079 1260 2142 ui-

140 2182 272 2262 deretur,
290 2204 387 2267 ueque
402 2186 467 2248 lore
482 2206 577 2268 aequo
592 2195 676 2268 parte
691 2197 883 2264 contentum,
908 2185 957 2268 qui
980 2205 1015 2248 se
1030 2185 1128 2247 omnia
1143 2183 1258 2246 habitu·

103 2280 125 2349 8
140 2305 205 2348 rum
221 2286 395 2350 confideret.
427 2282 629 2351 Condiciones
644 2286 744 2371 pacis,
761 2288 898 2370 quoniam
914 2298 1004 2351 autea
1020 2286 1184 2350 conuenire
1198 2305 1259 2348 nou
1281 2294 1314 2349 11

104 2384 126 2450 ll
141 2390 325 2471 potuissent,
350 2388 465 2452 llomae
488 2389 524 2451 ab
541 2400 647 2453 senatu
663 2400 694 2452 et
708 2411 725 2452 a
741 2389 848 2474 populo
865 2390 924 2473 peti
940 2389 1060 2453 debere.
1093 2387 1212 2451 luteres
1227 2397 1259 2450 et

139 2490 321 2573 reipublicae
337 2501 367 2553 et
383 2491 454 2571 ipsis
470 2490 586 2573 placere
602 2500 753 2575 oportere,
771 2492 797 2555 si
814 2502 939 2574 uterque
955 2493 985 2556 iu
1002 2492 1142 2555 contione
1157 2490 1259 2554 statim

139 2591 302 2656 iurauisset
316 2613 351 2655 se
367 2592 464 2655 triduo
481 2594 618 2677 proximo
635 2595 802 2658 exercitum
818 2594 1022 2658 dimissurum.
1040 2591 1193 2677 Depositis
1209 2612 1258 2655 ar-

138 2695 195 2758 mis
211 2695 403 2778 auxiliisque,
421 2694 526 2778 quibus
542 2718 621 2760 uunc
637 2698 840 2774 confiderent,
866 2695 1037 2764 necessario
1054 2696 1152 2776 populi
1168 2715 1257 2758 seua·

85 2794 127 2861 1⁰
142 2806 249 2882 iusque
264 2798 374 2863 iudicio
391 2801 456 2862 lore
471 2808 627 2881 utrumque
644 2810 828 2863 contentum.
861 2797 945 2862 llaec
960 2818 1018 2880 quo
1034 2797 1150 2858 lacilius
1167 2794 1258 2858 Pom·
1279 2805 1312 2860 25

138 2902 205 2984 peio
221 2903 340 2987 probari
356 2911 497 2987 possent,
524 2922 627 2964 omnes
650 2923 721 2966 suas
744 2912 903 2965 terrestres
926 2902 948 2982 †
966 2899 1139 2980 urbiumque
1154 2898 1257 2979 copias

79 3000 119 3069 ll
140 3003 343 3070 dimissurum.
376 3003 524 3081 Vibullius
541 3003 587 3068 his
603 3005 749 3089 expositis
766 2998 949 3088 [Corcyrae]
963 3022 1022 3064 nou
1038 3000 1135 3063 miuus
1152 3018 1257 3061 oeces-

136 3106 249 3167 earium
266 3129 333 3171 esse
349 3107 534 3172 existimauit
556 3107 591 3170 de
606 3107 763 3191 repentino
778 3106 909 3170 aduentu
924 3101 1066 3168 Caesaris
1081 3099 1258 3186 Pompeium

136 3204 203 3267 lieri
219 3210 397 3287 certiorem,
422 3211 464 3273 uti
486 3209 572 3273 adid
595 3210 751 3273 consilium
774 3228 882 3292 capere
897 3218 1017 3291 posset,
1041 3216 1197 3286 antequam
1221 3203 1257 3267 de

77 3372 82 3386 ι
136 3307 284 3372 mandatis
301 3311 348 3393 agi
365 3311 564 3395 inciperetur,
592 3322 680 3394 atque
703 3312 770 3374 ideo
795 3311 970 3374 continuato
993 3319 1080 3372 nocte
1096 3327 1130 3369 ao
1146 3306 1193 3368 die
1208 3306 1257 3368 iti·
1279 3315 1312 3368 31

246 3414 255 3465 1
274 3410 414 3465 Vibullium
427 3417 526 3479 Aldus,
543 3415 659 3477 bibulum
674 3429 730 3464 oc:
746 3414 892 3479 liubilium,
906 3414 1041 3476 bibulum,
1056 3411 1200 3472 Bibulluru,
1215 3409 1257 3459 lli-

136 3484 233 3553 balium
245 3504 309 3539 mas.
323 3492 367 3541 dic
379 3496 406 3541 et
419 3491 515 3558 insua'.
636 3493 654 3549 2
666 3491 771 3542 nouisse
785 3508 808 3541 o.
941 3492 957 3542 l
970 3490 1096 3541 iudicauit
1110 3489 1135 3538 b.
1149 3488 1180 3538 Ρ.
1196 3487 1255 3538 lbi.

244 3565 348 3616 linem
361 3569 628 3635 ponereatqoeabb.
732 3565 947 3633 dotrioque(o).
1063 3564 1255 3632 ipossiutab.

244 3642 676 3708 llinVaaooaaous,om.eodd.
799 3643 1003 3706 laeetana.
1137 3643 1257 3707 ttquon

135 3734 185 3785 ego
198 3723 332 3788 supplesti.
347 3723 378 3774 P.
395 3723 453 3774 tot.
560 3723 592 3774 ld
605 3722 704 3786 agenda
717 3726 780 3772 ante
793 3735 864 3773 corr.
878 3736 906 3771 a.
1019 3719 1051 3771 ts
1063 3720 1256 3770 conditionibus

134 3795 186 3859 (⁰)·
307 3800 341 3851 21
354 3799 517 3851 conditiones
531 3800 581 3865 (a).
703 3807 763 3849 acte
777 3799 802 3849 b.
923 3797 954 3852 21
969 3795 1003 3847 ab
1016 3796 1107 3863 populo
1122 3798 1146 3847 b.

133 3872 367 3942 nesteronem).
473 3879 507 3931 21
521 3879 671 3928 necessario
686 3894 738 3938 pm.
756 3879 780 3927 b.
907 3875 971 3940 2o†
984 3876 1136 3940 urbiumque
1150 3875 1179 3924 Ρ.
1198 3875 1255 3926 112.

241 3952 274 4005 21
288 3954 442 4006 dimissuros
455 3971 480 4006 o.
587 3953 717 4006 Vibullius
729 3954 827 4017 Aldus,
844 3953 950 4004 bibulus
962 3968 1000 4003 aa
1015 3950 1133 4003 ‘omnea'.
1147 3952 1178 4003 P.
1195 3953 1254 4006 162.

243 4026 374 4095 Corcyrae
390 4033 464 4081 ‘maa
477 4035 532 4081 inea'
543 4032 652 4095 omaor‘,
668 4031 775 4082 Corcire
787 4047 814 4095 a,
829 4030 939 4097 Cor-tyro
952 4045 982 4092 ος
997 4044 1012 4080 a
1025 4030 1138 4081 Caesare
1151 4032 1182 4082 Ρ.
1196 4030 1256 4082 Mo·

133 4106 229 4153 antias
242 4105 308 4169 (nora
321 4105 417 4169 Aldus,
433 4113 464 4158 at
476 4107 508 4158 P.
524 4108 572 4159 ldb
585 4108 660 4172 dimi)
675 4124 702 4158 ιι.
806 4109 840 4162 22
853 4107 927 4159 addit
938 4123 965 4158 a.
1083 4109 1115 4160 30
1128 4109 1257 4176 incipere·

133 4189 177 4233 tur
189 4198 249 4255 ego,
264 4183 392 4251 inciperet
405 4186 482 4237 codd.
589 4187 659 4254 ideo]
673 4189 757 4239 aldem
770 4187 845 4239 codd.
970 4193 1045 4238 noete
1058 4202 1097 4237 ae
1111 4189 1186 4239 ‘rnen
1196 4190 1256 4255 ple-

131 4261 228 4329 rr'poa',
243 4272 270 4315 et
283 4272 358 4315 noete
372 4281 398 4314 u.
505 4278 536 4315 ae
549 4266 592 4317 die
604 4282 622 4316 a
631 4266 645 4315 b
654 4282 677 4330 e,
691 4275 718 4317 et
730 4266 772 4317 die
785 4281 812 4316 ιι.
