2692 4688
484 164 805 233 —stu-

85 347 234 435 petierent
246 363 381 431 quosque
394 342 433 411 ud
448 362 515 409 eom
528 360 594 406 rem
605 361 680 424 opus
694 348 793 418 erent,
811 358 915 403 omnes
930 337 1012 402 intro
1026 334 1209 404 munitiones

84 450 253 518 minutatim
268 451 462 529 modesteque
477 443 544 511 siue
559 445 688 509 tumultu
701 450 755 507 out
774 453 892 507 terrore
914 461 948 505 se
967 440 1210 525 reciperentque

83 553 117 623 iu
132 574 223 638 opere
238 551 436 617 consistere'..
458 545 495 613 In
509 547 596 612 eodd.
613 545 688 610 liaeo
709 545 752 610 its
772 545 883 627 seripts
905 543 1211 625 sunt„quemndmo·

84 656 153 721 dum
169 651 400 737 Oudendorpius
416 650 525 715 elidite
545 649 607 732 ‘qui
623 659 714 713 estre
725 647 905 712 munitiones
919 657 1132 731 processerunt
1144 646 1211 730 qui·

84 778 141 839 que
157 754 313 840 pabulandi
328 766 381 819 eut
396 752 529 837 lignandi
543 763 596 817 aut
609 751 699 816 etiam
715 750 864 814 muniendi
879 749 977 834 grstia
991 748 1100 813 uellem
1114 749 1211 832 petie·

84 870 154 927 runt
168 859 276 942 quique
291 858 329 923 ud
344 878 409 922 eam
426 876 490 921 rem
505 875 580 938 opus
591 854 698 919 eront'.
716 849 778 917 Sed
792 852 918 937 primum
932 853 1064 935 ineptum
1079 860 1128 917 est
1142 868 1209 931 eos,

83 961 134 1046 qui
149 971 239 1027 mun
254 958 435 1025 munitiones
451 965 673 1041 processerunt,
690 956 826 1039 seperari
840 955 877 1019 sb
892 955 949 1032 iis,
973 953 1024 1037 qui
1046 952 1148 1037 Qus
1172 955 1212 1021 ds

85 1083 177 1129 ouusa
198 1062 277 1127 idem
300 1063 447 1126 lecerunt.
485 1056 589 1142 ltaque
605 1057 687 1140 prius
705 1057 843 1141 ‘quique'
859 1056 1016 1121 delendum
1030 1067 1108 1121 oret.
1139 1052 1211 1139 Quo

86 1167 163 1231 tuoto
178 1176 285 1248 sponte
299 1160 460 1248 sppnreltet
473 1172 541 1245 post
561 1160 656 1225 uerba
679 1159 856 1244 ‘petulanti
878 1170 932 1224 out
950 1158 1099 1244 ligneoli‘
1123 1158 1211 1223 exei-

84 1268 165 1333 tlisse
181 1266 306 1331 (Μεθ’.
338 1262 422 1329 Hoee
437 1264 516 1328 enim
532 1262 626 1328 uerba
640 1261 844 1346 superioribus
860 1263 1062 1346 adiungenda,
1079 1281 1211 1345 sequen

83 1369 127 1434 tit
149 1376 221 1434 ‘aut
240 1368 330 1431 etiam
345 1365 496 1431 muniendi
510 1365 625 1450 grnlia'
649 1364 822 1429 necessario
837 1364 873 1427 nd
889 1364 1012 1431 uerbum
1037 1365 1209 1449 ‘petierent’

82 1470 240 1535 referendo
262 1479 345 1532 sunt.
391 1464 543 1544 Librarii,
573 1465 623 1549 qui
645 1467 720 1531 bueo
741 1467 841 1530 omniu
870 1468 1111 1551 eoniungelunt,
1132 1467 1211 1552 ‚'qtu’s

83 1583 189 1657 posteo
200 1570 319 1655 ‘gratia’
329 1569 506 1654 ponebatur,
523 1569 660 1653 superius
672 1570 1211 1655 ‘oeuss'superuaouneumexislituo·

82 1684 205 1750 uerunt,
222 1670 341 1750 deinde,
358 1692 425 1735 oum
440 1671 483 1735 its
498 1670 643 1735 dissoluto
658 1684 741 1735 esset
755 1673 864 1749 oratio,
882 1684 950 1755 post
972 1672 1209 1761 ‘processerunt’

83 1776 260 1841 adiecerunt
276 1771 421 1857 ‘quique'.
439 1768 526 1854 Quod
538 1772 565 1835 si
581 1772 646 1854 quis
662 1773 739 1837 huno
754 1773 909 1858 abruptum
925 1776 1093 1841 orationem
1108 1777 1211 1843 leren-

83 1881 151 1944 tlam
164 1877 285 1942 duxerit
299 1887 330 1943 et
344 1875 417 1939 haee
431 1875 475 1940 itu
489 1875 715 1940 constituendo:
743 1877 811 1960 ‘qui
834 1889 922 1941 extro
945 1878 1125 1943 ntuuitioues
1139 1898 1211 1963 pro-

84 1989 252 2056 oesserunt,
269 1977 429 2062 pabulandi
444 1987 496 2042 sut
510 1977 642 2061 lignandi
658 1980 811 2043 autolium
822 1980 974 2044 muniendi
988 1980 1087 2063 gratis
1100 1979 1209 2049 nullon

83 2082 254 2168 petiereut',
272 2090 305 2145 ut
319 2080 464 2145 extremis
479 2080 581 2145 uerbis
596 2081 774 2163 explicetur,
798 2103 852 2145 our
868 2082 976 2147 milites
991 2084 1209 2167 processerint,

82 2185 295 2270 isopiniooem
310 2184 439 2263 obiciet,
465 2204 530 2248 eum
556 2183 697 2247 ‘uellem'
719 2183 792 2249 ferri
813 2206 873 2247 uon
893 2205 982 2268 posse
1004 2187 1207 2270 perspexerit.

80 2284 164 2353 Nom
179 2308 245 2352 oum
262 2286 370 2353 milites
387 2284 536 2351 muniendi
553 2284 652 2368 grstia
666 2286 772 2350 uallem
789 2286 902 2369 petisse
917 2287 1072 2371 dieunurrf,
1094 2288 1153 2353 hoo
1165 2288 1211 2355 ils

83 2401 197 2456 tantum
212 2389 347 2471 intellegi
363 2398 479 2472 potest,
504 2408 556 2451 eos
579 2386 611 2450 in
632 2387 707 2451 uelle
723 2389 826 2452 nescio
843 2409 901 2471 qus
915 2389 1109 2455 munitionem
1122 2390 1210 2459 insti·

82 2492 189 2557 tuisse.
220 2490 264 2552 At
278 2490 380 2573 quoles
396 2489 465 2553 illae
480 2490 663 2555 munitiones
678 2490 817 2563 luissent,
835 2492 910 2555 uode
925 2493 1055 2572 milites,
1071 2515 1139 2559 oum
1154 2494 1210 2561 lo·

83 2593 139 2658 stis
154 2591 327 2666 accederet,
350 2600 452 2655 esseut
466 2593 650 2658 reuocandis
685 2591 794 2677 Neque
810 2595 903 2660 uelles
919 2594 978 2660 ulls
992 2606 1064 2660 aute
1078 2616 1209 2661 eonne-

83 2699 200 2759 morotu'
223 2703 281 2757 ost.
318 2691 414 2756 Reote
437 2704 507 2758 unte
531 2691 772 2779 Oudendorpium
796 2696 939 2763 euehitur
963 2699 1092 2765 ‘uellem
1114 2699 1210 2785 petie-

82 2797 183 2876 rent',
207 2796 284 2880 quod
307 2797 410 2861 neseio
424 2819 442 2859 u
457 2818 516 2880 quo
532 2797 656 2881 primum
671 2799 799 2882 positum
815 2800 866 2863 sit.
905 2799 1025 2866 Vallum
1045 2812 1149 2886 petere
1163 2802 1210 2868 ti·

83 2910 192 2969 cuntur
207 2899 240 2979 ii,
257 2899 308 2983 qui
324 2899 406 2984 palos
422 2899 501 2963 uallo
516 2898 652 2965 luoioudo
666 2900 733 2965 siue
747 2901 843 2965 uellus
858 2913 976 2986 petunt,
994 2914 1026 2967 ul
1039 2905 1116 2988 opud
1130 2901 1207 2975 Iniu-

83 2999 140 3078 tlt,
157 3000 211 3066 27.
230 2998 321 3079 VIII,
337 2998 400 3079 383
418 2999 543 3066 ‘uullum
559 3000 654 3067 lerre'
669 3002 780 3086 legitur
793 3003 870 3085 apud
886 3004 976 3069 eund.
993 3002 1126 3085 XXIII,
1151 3004 1207 3077 16.

81 3101 245 3182 XXXIII,
271 3102 304 3169 6.
320 3100 405 3169 Flor.
424 3099 474 3181 11,
499 3103 559 3183 18,
584 3102 645 3183 10,
670 3105 719 3169 uti
742 3106 802 3170 uid.
819 3102 935 3169 Dolor.
952 3104 1209 3177 subostensa

83 3205 156 3272 Liu.
173 3201 260 3283 VIII,
278 3204 331 3270 38.
365 3203 501 3289 Denique
515 3205 585 3271 item
601 3217 686 3273 reete
700 3217 770 3272 onte
785 3203 865 3273 (lud.
883 3208 994 3273 editum
1010 3230 1079 3277 esse
1106 3218 1209 3295 ‘qute-

83 3327 141 3392 que
157 3309 193 3370 nd
209 3328 274 3373 eum
291 3326 355 3369 rem
371 3327 445 3391 opus
460 3309 570 3386 eront',
588 3307 641 3373 uis
656 3318 715 3388 est,
732 3311 810 3393 quod
823 3331 970 3375 moneam.
989 3310 1067 3377 Num
1083 3310 1210 3380 Ouden-

83 3411 204 3496 dorpius
220 3416 361 3492 nugetur,
379 3429 457 3488 oum,
476 3408 524 3492 qui
540 3411 576 3474 ml
592 3430 658 3475 eom
672 3431 736 3475 rem
751 3433 825 3497 opus
836 3424 935 3491 erent,
953 3414 1074 3481 oeloues
1085 3417 1209 3483 ellim

83 3511 143 3576 uiui
157 3511 307 3595 opinetur.

183 3607 222 3675 C.
252 3610 295 3677 34
323 3611 354 3675 in
384 3611 431 3676 his
462 3612 581 3678 uerbis:
624 3615 778 3701 ‘legiones
805 3617 979 3702 equitesque
1010 3640 1052 3685 ex
1080 3621 1208 3689 nautibus

83 3735 224 3800 egressos
246 3714 330 3778 iubet
351 3735 393 3778 ex
413 3714 557 3799 languore
579 3738 750 3801 nouseuquo
771 3721 916 3799 refluere,
943 3723 1081 3787 dimissos
1103 3723 1135 3789 in
1157 3746 1208 3793 ue·

82 3818 171 3884 stella
193 3817 434 3901 munitionesque
463 3818 622 3903 disponit'‚
644 3821 775 3888 slieoum
800 3833 847 3887 est
870 3824 1037 3890 dimittendi
1068 3825 1206 3909 uerbum,

83 3919 169 4004 quasi
185 3913 301 3983 Caesar
316 3918 425 3982 milites
449 3920 551 3985 neseio
567 3943 626 4004 quo
640 3922 830 4008 allegasset,
854 3948 929 4013 quos
951 3928 982 3991 iu
998 3928 1108 3993 eastris
1123 3950 1208 3997 mu*

81 4022 161 4089 sisse
176 4018 267 4085 uerbo
285 4018 335 4083 ‘in
351 4021 474 4085 castelle
489 4023 738 4108 munitionesque'
755 4027 973 4093 demonstrant.
1004 4026 1101 4095 Posui
1115 4030 1209 4114 igitur

84 4122 233 4193 ‘diuisos'.

167 4221 207 4289 C.
224 4221 264 4289 37
280 4225 338 4305 in,
356 4225 404 4291 ubi
420 4225 495 4292 loeo
510 4230 669 4311 leguntur:
693 4238 797 4296 ‘naues
813 4231 856 4301 VI
872 4235 1030 4301 onerosius
1045 4237 1148 4303 stetim
1162 4237 1208 4303 iu·
