2692 4688
497 221 808 291 curvum-ts.
1205 219 1271 291 171

91 392 189 455 medio
204 414 309 476 campo
324 394 524 476 redintegrari
540 396 696 479 proelium.
723 391 799 458 Cum
812 392 849 455 ab
862 391 997 455 hostibus
1009 392 1112 456 eodem
1125 394 1249 459 model

91 505 275 576 pugnaretur
295 515 351 558 nec
373 498 537 559 comminus
560 498 598 561 ed
613 516 719 561 manus
734 496 895 571 rediretur,
913 489 1114 577 Caesarisque
1130 497 1213 581 equi-

90 605 138 657 tes
153 595 285 658 iumenta
300 618 341 661 ex
356 618 466 661 nausea
478 600 604 675 recenti,
622 600 685 676 siti,
702 598 857 680 languore,
871 596 1030 678 paucitate,
1039 595 1214 661 uulneribus

93 696 254 780 defatigata
272 698 310 761 ad
329 698 542 781 insequendum
559 701 674 763 bostem
692 698 1004 783 perseuerandumque
1019 718 1138 761 cursum
1153 709 1216 762 tar-

57 809 73 859 t
97 798 181 860 diora
198 798 358 878 haberent,
375 800 494 884 dieique
510 822 580 885 pars
596 801 708 886 exigua
722 801 780 862 iaru
796 799 911 880 reliqua
925 809 1026 876 esset,
1045 800 1217 864 cohortibus

94 899 244 981 equitibus
265 902 458 965 circumdatis
474 902 666 980 cohortatur,
688 913 722 965 ut
737 921 797 965 uuo
811 902 872 964 ictu
888 901 1105 966 contenderent
1120 922 1216 987 ueque

94 1001 301 1080 remitterent,
327 1003 422 1067 donee
444 1003 522 1067 ultra
544 1003 664 1067 ultimos
688 1003 780 1067 colles
802 1003 903 1066 hostes
925 1004 1107 1087 repulissent
1128 1016 1217 1087 atque

96 1122 197 1167 eorum
221 1115 325 1167 esseut
339 1105 436 1188 potiti.
467 1103 570 1186 ltaque
586 1106 673 1189 signo
688 1105 758 1167 dato
774 1105 804 1166 in
821 1105 922 1168 hostes
937 1105 1076 1188 languide
1091 1107 1150 1171 tela
1165 1124 1218 1170 ue·
1233 1104 1254 1170 b

96 1203 309 1288 glegenterque
323 1206 467 1270 mittentis
483 1207 582 1269 subito
594 1207 726 1270 immittit
738 1207 878 1269 cobortes
892 1217 1062 1289 turmasque
1073 1228 1217 1285 suorume

40 1315 75 1369 11
96 1316 185 1388 atque
209 1318 318 1391 puncto
342 1309 484 1391 temporis
506 1307 640 1372 hostibus
664 1309 745 1372 nullo
761 1309 881 1390 negotio
896 1328 1000 1392 eampo
1016 1308 1126 1391 pulsis,
1149 1321 1219 1393 post

99 1408 204 1473 collem
225 1408 349 1473 deiectis
366 1410 448 1473 nacti
463 1409 559 1472 locum
575 1421 664 1493 etque
679 1411 720 1473 ibi
734 1410 885 1494 paulisper
899 1411 1092 1488 commorati,
1118 1412 1160 1476 itt
1176 1412 1217 1475 uti

98 1520 186 1573 eraut
208 1509 367 1590 instructi,
392 1514 500 1576 leuiter
513 1535 547 1577 se
561 1513 598 1576 ad
614 1533 684 1576 suas
699 1512 847 1596 recipiunt
860 1512 1053 1576 munitiones.
1084 1511 1219 1597 lteer

99 1612 265 1676 aduersarii
289 1614 366 1677 male
390 1617 503 1698 accepti
527 1625 588 1678 tum
612 1615 727 1679 demum
749 1634 784 1679 se
798 1616 835 1678 nd
851 1634 906 1679 suu
919 1615 1068 1699 praesidia
1083 1617 1219 1679 coutule-

100 1724 180 1777 runt.
211 1713 336 1779 luterim
357 1737 393 1781 ea
415 1736 450 1780 re
464 1726 550 1801 gesta
565 1727 596 1781 et
610 1718 723 1800 proelio
739 1718 883 1801 dirempto
897 1737 939 1780 ex
954 1717 1137 1781 aduersariis
1152 1738 1219 1802 per·
1235 1716 1275 1787 lh

46 1824 78 1876 lt
100 1816 205 1897 lugere
225 1817 326 1900 plures
350 1839 389 1882 ex
413 1820 493 1882 omni
517 1839 629 1903 genere
652 1819 821 1895 bominum,
846 1829 876 1880 et
890 1828 1046 1902 praeterea
1061 1819 1220 1903 intercepti

103 1916 261 2001 [bostium]
277 1920 443 2001 complures
466 1921 583 2003 equites
605 1920 787 2004 peditesque.
819 1918 870 1983 Ex
885 1920 992 2002 quibus
1007 1921 1157 2005 cognitum
1172 1930 1221 1984 est

101 2019 256 2082 consilium
272 2021 420 2099 bostium,
444 2042 498 2086 eos
515 2022 568 2084 bac
584 2032 684 2085 mente
699 2031 730 2084 et
744 2031 852 2083 conatu
867 2023 1006 2098 uenisse,
1022 2025 1066 2086 uti
1081 2045 1161 2087 nouo
1176 2032 1222 2087 at·

100 2138 160 2202 que
182 2121 325 2185 inusitato
348 2142 459 2207 genere
475 2125 578 2208 proelii
595 2126 708 2188 tirones
723 2123 879 2206 legionarii
895 2125 1038 2207 paucique
1054 2126 1220 2208 perturbati

101 2218 244 2286 Curionis
268 2227 405 2308 exemplo
427 2226 464 2289 ab
487 2228 619 2310 equitatu
641 2225 837 2289 circumuenti
853 2225 1109 2307 opprimerentur,
1134 2237 1166 2290 et
1179 2227 1257 2292 int

43 2332 79 2387 ot
100 2319 266 2387 Labienum
288 2326 403 2391 dixisse
426 2350 479 2413 pro
502 2331 661 2404 contione,
685 2339 797 2392 tanturn
818 2346 887 2390 sese
902 2326 1119 2389 multitudinem
1134 2331 1223 2392 auxi·

102 2425 209 2489 licrum
229 2428 412 2511 aduersariis
434 2432 747 2509 subministraturum,
771 2442 805 2493 ut
826 2430 916 2494 etiam
939 2430 1089 2494 caedendo
1110 2429 1224 2515 inipso

105 2529 231 2591 uictoria
253 2531 406 2615 defatigati
429 2535 623 2599 uincereutur
645 2547 733 2618 atque
748 2555 765 2597 a
781 2532 844 2597 suis
860 2544 1094 2616 superarentur,
1116 2534 1223 2618 quippe

104 2631 153 2712 qui
168 2634 191 2714 †
205 2631 236 2695 in
251 2633 370 2696 illorum
386 2636 442 2699 sibi
459 2639 633 2715 confideret,
651 2639 789 2721 primunr,
806 2637 884 2718 quod
900 2636 1035 2698 audierat
1049 2634 1166 2698 Romae
1180 2636 1223 2699 le·
1238 2636 1259 2700 3

103 2732 208 2815 giones
235 2746 393 2801 ueteranus
421 2739 582 2802 dissentire
612 2759 710 2822 nequo
737 2739 767 2800 iu
800 2738 935 2801 Africana
965 2736 1045 2799 uelle
1074 2737 1223 2813 sensim

46 2842 80 2897 11
103 2833 221 2912 deiude,
240 2839 316 2919 quod
333 2839 464 2904 triennio
478 2841 508 2904 in
525 2839 630 2905 Alrica
646 2861 717 2904 suos
732 2840 843 2904 milites
858 2837 1074 2902 cousuetudine
1089 2846 1224 2900 retentos

212 3105 356 3155 2cominus
370 3104 421 3168 (u).
536 3109 551 3157 3
566 3111 655 3159 nuusiu
671 3112 744 3161 ‘mss
755 3109 892 3174 plurimi',
908 3106 1013 3156 nausias
1026 3121 1052 3156 u.
1170 3106 1225 3158 lau-

104 3190 166 3239 goro
178 3191 205 3226 a.
252 3188 255 3193 '
308 3181 448 3231 dtardiuru
460 3181 519 3233 eod.
533 3182 597 3234 Vre.
610 3186 627 3237 2
639 3186 707 3237 dett.
725 3187 830 3252 ywere
842 3189 870 3236 et
882 3180 904 3235 ο·
912 3201 923 3246 ,·
936 3183 1075 3239 tardiorem
1088 3197 1104 3231 a
1117 3182 1133 3231 b
1145 3188 1173 3232 et
1185 3200 1226 3233 ee-

104 3259 170 3318 teri,
183 3255 215 3305 de
227 3257 326 3322 potibus
339 3263 457 3311 constet.
490 3306 493 3311 ,
563 3263 718 3328 bequitibus
730 3262 827 3322 Aldus,
841 3261 1025 3329 equitibusque
1037 3261 1115 3312 codd.
1129 3261 1160 3312 P.
1176 3262 1227 3315 aot

104 3340 191 3400 ectr„
205 3337 255 3386 obt
261 3351 314 3401 pro
327 3337 368 3388 ed.
384 3338 469 3389 Busil.
485 3339 571 3390 Aldus
584 3342 766 3395 nominandus
778 3346 849 3392 erut.
1002 3340 1155 3389 cohortatur
1168 3339 1225 3391 ath

105 3411 183 3476 dact,
192 3413 343 3466 cohortatus
355 3423 385 3465 ut
395 3431 413 3465 u
426 3422 454 3466 et
466 3419 564 3467 omisso
578 3423 606 3466 ut
621 3419 651 3480 b,·
664 3420 814 3469 cohortetur
827 3418 937 3483 imperat
949 3423 978 3467 ut
988 3432 1049 3467 eunt
1061 3431 1115 3466 unu
1128 3414 1182 3465 det.
1196 3431 1224 3466 u.

213 3491 228 3541 1
241 3493 416 3554 remitterent]
428 3494 523 3544 bellurn
536 3493 601 3544 cdd.
615 3495 640 3543 1.
764 3494 940 3560 reppulissent
950 3508 978 3545 a.
1095 3493 1112 3543 8
1125 3493 1150 3543 iu
1164 3507 1224 3558 ego,

104 3570 154 3619 iam
167 3584 184 3618 u
198 3571 227 3631 b;
242 3585 298 3620 eum
312 3571 362 3621 ium
375 3587 403 3621 u.
508 3573 582 3623 hoste
595 3574 620 3624 b.
724 3574 740 3624 1
753 3573 881 3623 mittentis
895 3586 953 3636 ego,
967 3570 1115 3623 mittendis
1129 3586 1153 3630 c,
1167 3572 1227 3621 mit-

105 3655 176 3698 tente
191 3648 223 3710 b,·
237 3648 371 3700 mitterent
384 3665 412 3698 u.
536 3659 633 3702 turmas
646 3666 673 3701 u.
793 3651 822 3703 11
837 3651 930 3700 collem
942 3665 959 3700 a
974 3651 988 3698 b
1002 3665 1024 3712 c,
1039 3650 1184 3714 callemque
1197 3666 1225 3700 as.

213 3728 326 3779 temate
340 3737 444 3794 accepto
459 3730 484 3780 1.
606 3730 691 3781 ttuo
704 3745 728 3780 o.
745 3729 846 3782 itata.
860 3729 891 3779 Ρ.
905 3726 1052 3781 tte-208.
1168 3743 1226 3793 per-

106 3803 194 3866 iupcre
209 3804 321 3866 Gudius,
336 3804 461 3872 perdigno
474 3806 551 3857 codd.
685 3808 718 3858 11
731 3805 775 3870 ex]
790 3813 816 3856 et
828 3821 855 3855 e.
986 3809 1012 3853 et
1024 3817 1078 3853 om.
1092 3803 1118 3853 1.

105 3881 137 3932 11
151 3881 262 3933 hostium
277 3882 375 3931 ‘deleri
382 3883 493 3947 pusset’.
641 3883 672 3935 ll
686 3884 824 3934 consilium
837 3883 950 3932 bostium
962 3895 979 3930 c
995 3881 1068 3930 ‘urse
1079 3880 1226 3946 plerlqtu’,

104 3960 215 4010 bostium
229 3960 364 4010 consiliunt
377 3976 405 4012 u.
538 3962 571 4012 18
583 3961 720 4025 legionaril
734 3961 860 4026 paucique
871 3975 889 4009 u
902 3961 917 4009 1
930 3976 944 4008 c
956 3957 971 4009 3
984 3958 1061 4021 dett,
1077 3958 1226 4021 legionarii·

105 4055 152 4105 que
166 4037 241 4104 pauci
255 4052 282 4086 u.
389 4037 582 4088 idcircumduti
594 4055 622 4089 u.
725 4036 922 4103 20Lebienum]
937 4035 1025 4087 labam
1037 4034 1115 4087 codd.

105 4115 286 4178 concionotc).
392 4131 420 4165 se
435 4116 508 4165 ‘mss
521 4115 660 4181 plurimt’.
765 4117 796 4168 11
808 4112 1112 4180 aduersariisJCaeearis
1124 4112 1189 4164 add.
1199 4114 1224 4163 b.

213 4192 328 4243 eedeudo
340 4206 368 4241 u.
489 4192 522 4244 23
535 4191 578 4256 qui
591 4191 619 4255 d,
633 4192 691 4257 quis
703 4206 720 4241 a
734 4192 749 4242 b
762 4208 785 4242 c.
909 4191 961 4243 sihi
972 4189 1114 4241 confideret
1125 4205 1158 4250 u,·
1172 4190 1224 4241 sibi

106 4270 246 4322 couddcret
257 4268 425 4321 multitudiue
438 4284 453 4321 c
465 4267 491 4331 d,
505 4267 557 4320 flde
569 4268 619 4331 sibl
632 4267 776 4321 euudderet
788 4269 813 4318 1.
925 4263 1059 4337 opticeat]
1072 4278 1104 4315 ac
1116 4264 1180 4316 edd.
1194 4281 1221 4317 e.

67 4345 72 4354 ι
121 4367 213 4423 Caesar,
223 4369 258 4413 ed.
269 4368 377 4430 lltpperd.
1010 4345 1054 4410 43
