2692 4688
545 220 867 289 ..207-

137 397 258 460 tutmet.
291 393 353 476 Qui
368 414 459 480 supra
473 391 600 460 Labieni
618 416 726 460 nomen
740 406 925 475 mutauerat,
952 420 1017 463 enm
1044 401 1116 465 haee
1138 404 1176 467 de
1190 401 1265 469 luba

137 497 197 562 diei
212 517 273 560 non
290 517 379 581 posse
394 496 528 572 uideret,
552 497 600 560 bio
624 497 695 561 illud
716 497 884 582 importune
905 500 1078 566 ineuleauit.
1115 503 1264 571 Extrema

137 599 241 664 borum
256 601 417 664 uerborum
431 599 542 664 ioPar.
552 619 615 663 seo.
626 597 716 664 Leid.
728 622 774 684 pr.
785 599 1050 686 Soulduobusqne
1065 606 1263 674 deterioribus

135 703 221 768 eodd.
240 701 284 765 ita
298 701 411 784 scripta
427 712 512 766 sont:
532 705 787 786 ‘consor-ipsam,
804 716 985 779 armauerat
1002 707 1045 771 oti
1063 709 1178 773 frenato
1192 730 1264 775 oon-

136 803 305 871 didieerat'.
344 800 594 868 ‘Condidioerat’
617 805 707 866 etiam
724 824 764 867 ex
780 801 851 869 Cui.
868 817 1048 884 annotatur,
1073 809 1103 871 in
1120 830 1178 893 quo
1193 814 1262 896 quin

136 908 252 992 reliqna
267 926 386 990 qnoque
401 907 505 970 eodem
529 906 615 968 modo
631 906 780 989 legantur,
798 928 858 970 oon
874 909 989 972 dubito.
1035 909 1146 976 Editur
1161 917 1262 979 neseio

134 1030 190 1093 qun
204 1010 405 1085 auctoritate,
432 1008 485 1071 sed
507 1017 559 1071 aut
579 1009 660 1071 nulla
676 1019 728 1071 aut
743 1010 890 1091 pessima,
915 1021 1106 1078 ‘armauerat
1127 1037 1263 1100 equoque

134 1114 179 1177 sti
193 1114 315 1176 frenato
330 1110 551 1175 eondoeuerat’.
591 1108 642 1173 Ex
658 1110 792 1174 eodioum
819 1114 968 1196 scripturo
984 1136 1043 1177 non
1061 1118 1186 1181 moleste
1201 1121 1261 1183 lor·

134 1232 214 1278 nara
229 1214 304 1277 nihi
319 1213 403 1277 uisus
418 1232 483 1274 sum
501 1213 562 1274 ‘uti
581 1214 713 1277 frenatos
729 1216 949 1279 constituerat'.
967 1214 1116 1282 Frenatus
1132 1216 1260 1286 Labieni

135 1337 225 1401 eques
247 1338 277 1380 e.
301 1314 364 1392 61,
389 1312 409 1377 3
429 1335 448 1377 a
469 1311 610 1378 Numidis
635 1314 832 1399 Gaetulisque
860 1317 925 1381 sine
950 1320 1042 1382 lreois
1066 1321 1257 1387 dissentitur.

135 1415 345 1483 Constituendi
361 1427 459 1480 autem
476 1415 598 1480 uerbum
616 1420 718 1481 eodem
735 1420 822 1481 modo
833 1419 1111 1502 poniturabllirtio
1122 1424 1151 1486 b.
1163 1424 1257 1490 Alea.

135 1517 185 1600 34,
200 1521 223 1583 4
238 1520 389 1602 ‘adiungit
402 1516 552 1582 Domitius
568 1520 679 1602 legioni
701 1516 846 1585 XXXVI
862 1521 935 1584 duas
950 1523 987 1584 eb
1004 1521 1168 1607 Deiotaro,
1185 1548 1257 1611 quaa

136 1622 182 1688 itte
194 1622 355 1708 diaoiplina
369 1632 460 1704 atque
475 1631 625 1684 armatura
641 1632 746 1685 nostru
768 1625 935 1706 complures
957 1645 1053 1688 annos
1076 1631 1257 1694 constitutas

135 1724 280 1803 babebat’,
297 1743 374 1807 quae
388 1732 565 1807 repetuntur
577 1720 638 1801 68,
666 1722 707 1800 4,
732 1724 927 1807 similiterque
942 1747 960 1788 a
976 1723 1110 1793 Caesare
1125 1730 1154 1793 b.
1172 1729 1255 1796 Gall.

137 1824 196 1904 Vl,
221 1826 260 1905 1,
285 1825 309 1890 4
333 1827 447 1890 ‘tribus
463 1836 532 1889 anto
547 1835 685 1888 exactum
702 1827 826 1890 hiemem
842 1838 874 1890 et
888 1829 1062 1892 constitutis
1078 1841 1109 1893 et
1122 1833 1256 1898 adductis

133 1929 324 2014 legionibus‘.
354 1927 521 2012 Excipiunt
540 1927 633 1991 boeot
661 1936 833 2010 ‘praetereo
858 1932 941 2013 regia
962 1931 1078 1996 auxilia
1092 1933 1256 2017 elephantis

133 2028 231 2094 CXX
244 2031 450 2113 equitatusque
464 2029 709 2106 innumerabilis,
732 2030 838 2092 deinde
858 2031 992 2112 legiones
1015 2037 1201 2118 conscriptas
1216 2052 1257 2101 ex

133 2134 283 2216 utrimque
297 2134 370 2197 nodi
384 2133 505 2216 generis
521 2132 647 2215 amplius
663 2129 725 2195 Xll
740 2131 887 2194 milibus'.
922 2131 1028 2196 Editor
1050 2137 1255 2220 ‘elephantes'

132 2246 161 2300 et
179 2234 401 2320 ‘conscriptae'.
437 2232 498 2298 Sed
522 2254 585 2296 oum
609 2235 682 2298 haee
698 2234 735 2297 ad
750 2233 905 2316 superiora
923 2236 1072 2317 pertinere
1087 2249 1148 2301 eta
1165 2240 1256 2319 uerbo

133 2337 292 2403 ‘baberet’
313 2349 382 2421 apta
404 2356 472 2402 esse
493 2346 653 2419 appareat,
678 2337 708 2398 in
722 2333 796 2398 Par.
814 2345 913 2399 autem
929 2356 991 2400 seo.
1011 2349 1042 2400 et
1058 2335 1149 2403 Voss.
1177 2329 1256 2407 ‘ele-

131 2441 272 2524 plantis,
288 2439 320 2503 in
335 2438 425 2504 Leid.
443 2460 487 2525 pr.
508 2437 691 2519 ‘elephanti',
708 2438 739 2500 in
757 2435 836 2501 Soal.
855 2448 887 2502 et
901 2436 968 2502 Pet.
988 2442 1198 2526 ‘elephantos'
1212 2445 1255 2509 le·

130 2552 231 2628 gatur,
249 2541 459 2626 ‘oonsoriptas'
474 2541 626 2625 corrigere
641 2560 702 2603 noo
718 2540 861 2604 dubitaui.
883 2541 994 2606 Verum
1010 2543 1040 2608 io
1057 2547 1128 2611 illis:
1150 2549 1255 2632 ‘legio-

131 2646 387 2728 neseonseriptas
410 2666 452 2709 ex
473 2644 617 2725 euiusque
641 2642 718 2705 modi
741 2643 862 2725 generis
884 2646 1010 2727 amplius
1035 2644 1099 2711 Xll
1120 2651 1254 2716 milibus'

131 2767 274 2814 merus
288 2744 352 2811 Xlt
367 2747 480 2811 milium
495 2745 584 2810 nimis
600 2746 729 2828 exiguus
746 2746 920 2827 quibusdam
937 2748 1019 2810 uisus
1042 2760 1105 2826 est,
1128 2773 1194 2814 oum
1218 2754 1254 2817 de

130 2853 278 2931 oneribus,
295 2862 329 2915 ut
343 2850 485 2927 arbitror,
503 2847 750 2932 Pompeianorum
768 2849 861 2932 eopiis
877 2850 934 2912 diui
955 2861 1105 2933 putarent.
1139 2851 1253 2916 Verum

131 2950 284 3019 Labienus
300 2953 415 3017 auxilia
429 2963 542 3017 tantum
559 2961 732 3028 enumerat,
758 2952 865 3034 quibus
880 2952 953 3014 solis
969 2973 1034 3014 eum
1053 2949 1254 3021 Caesarianos

91 3090 96 3105 ·
131 3056 301 3143 obntomm
317 3076 457 3139 sperasse
472 3058 501 3140 3.
527 3053 744 3118 2decloratum
761 3064 828 3130 est,
852 3063 881 3115 ot
905 3053 992 3136 paulo
1014 3066 1085 3117 ante
1098 3053 1252 3135 Numidis,

131 3154 226 3224 Gallis
241 3156 475 3241 Germanisque,
493 3157 628 3239 reliquis,
647 3176 721 3242 quos
736 3155 803 3239 ipse
819 3166 996 3238 parauerat,
1014 3160 1254 3224 commemoratis

130 3260 184 3325 ian
198 3262 286 3346 regia
300 3261 415 3325 auxilia
431 3260 577 3345 adiungit.
613 3257 688 3322 lube
703 3269 801 3322 eutem
819 3269 960 3340 quattuor
976 3258 1110 3341 legiones
1128 3260 1255 3326 lubebat

130 3366 169 3443 (e.
187 3362 220 3442 1,
236 3363 294 3446 4),
310 3383 387 3447 quae
401 3363 428 3426 si
442 3359 506 3425 Xll
522 3361 639 3426 milibus
655 3360 806 3425 bominum
823 3362 1041 3435 constiterunt,
1058 3382 1253 3446 unaquaeque

129 3477 194 3530 ent
207 3468 359 3531 uiuorum
373 3465 504 3538 milium,
528 3464 578 3547 qui
593 3484 736 3527 numerus
756 3463 829 3527 nibil
845 3475 908 3541 est,
933 3467 1009 3546 quod
1032 3484 1105 3526 uero
1128 3465 1255 3529 inferior

128 3569 275 3632 uideatur.
307 3564 505 3632 concluditur
520 3566 567 3630 bie
583 3569 666 3631 loeus
690 3567 734 3629 bis
758 3564 878 3628 uerbis:
913 3563 997 3628 ‘Hau
1012 3586 1065 3650 spe
1087 3577 1176 3650 atque
1199 3592 1253 3633 ou·

127 3672 209 3735 dseia
233 3671 436 3734 inflammatus
459 3666 612 3732 Labienus
642 3691 709 3732 oum
741 3667 888 3750 equitibus
913 3666 1008 3731 Gallis
1033 3666 1253 3752 Germanisque

126 3770 239 3847 bitte,
264 3773 465 3836 Numidarum
487 3772 551 3834 sine
569 3772 662 3835 irenis
679 3769 738 3835 Vll
754 3770 892 3845 milibus,
918 3781 1072 3854 praeterea
1087 3771 1253 3838 Petreiano

126 3877 242 3941 auxilio
257 3877 391 3940 adhibito
407 3874 555 3957 equitibus
571 3870 682 3950 stlte,
708 3874 835 3957 peditum
851 3893 886 3935 ao
901 3873 976 3937 leuis
992 3885 1163 3940 armaturae
1179 3899 1251 3960 quu-

127 3988 172 4043 ter
186 3990 294 4056 tanto,
312 3978 477 4064 sagittariis
493 3996 528 4039 uo
545 3975 743 4040 luuditoribus
760 3975 1020 4059 bippotoxotisque
1036 3981 1250 4062 compluribus,

126 4080 170 4146 bis
185 4082 281 4166 eopiis
296 4078 326 4143 ll
341 4083 370 4146 d.
387 4079 473 4144 Non.
491 4077 556 4142 lan.
575 4089 643 4162 post
658 4080 733 4143 diem
751 4076 815 4155 Vl,
833 4101 919 4161 quam
935 4080 1070 4144 Alrioam
1087 4082 1203 4165 attigit,
1220 4083 1251 4144 in

124 4185 235 4269 eampis
252 4182 435 4268 planissimis
462 4181 688 4265 purissimisque
703 4181 740 4244 ab
757 4182 828 4244 hora
844 4182 903 4245 diei
921 4182 1023 4263 quinta
1040 4184 1185 4265 usquead
1201 4201 1250 4244 so·

125 4285 160 4349 lis
175 4306 317 4350 seersum
332 4297 381 4350 est
395 4283 601 4349 omerumm’.
619 4276 654 4345 ln
670 4283 715 4346 bis
731 4282 833 4347 uerbis
848 4284 894 4347 bis
909 4283 946 4347 ab
960 4285 1096 4348 instituta
1111 4283 1249 4346 orations
