2692 4688
72 158 137 233 ⁷12
519 153 654 231 nette
674 148 875 225 metuati-

96 328 117 393 3
132 330 193 416 qtidi
207 327 344 401 eustolia
358 327 491 400 enatat.
523 327 639 399 Eurum
654 338 755 397 eastra
777 326 808 395 ei
829 323 949 410 equites
963 322 1063 394 adorti
1077 342 1260 411 6616666666

132 443 316 518 eeepemnt,
340 431 409 501 ideo
429 432 509 515 quet
524 452 578 500 eea
594 427 738 500 Caesaris
753 428 889 515 partibus
909 426 1022 495 lauisse
1044 427 1202 509 sciebant,
1226 442 1259 497 ut

95 534 176 607 leis
196 534 367 605 interiectis
390 555 492 603 earum
515 534 648 619 pernieie
673 533 805 601 dolerem
821 552 908 597 snum
924 529 1159 597 ulciscerentur.
1190 530 1259 603 Vti-

132 657 239 704 censes
263 637 364 707 auimo
385 637 487 705 addite
515 634 723 707 exercearis
746 634 873 703 uictoria
897 632 1046 723 lapidibus
1069 633 1260 719 fustibusque

134 739 247 822 equites
262 739 445 823 repulerunt
468 737 574 823 Itaque
589 751 783 824 posteaquam
799 747 901 802 eastra
912 756 972 804 uun
982 738 1255 821 potuerantpotixi,
1275 750 1291 803 t

133 840 252 911 Vtieem
268 862 302 909 se
316 843 349 909 iu
365 840 501 925 oppidum
517 843 713 913 eenieeeruut
727 852 815 925 atque
826 835 1262 907 itimaltesvtieenseainter-

99 944 272 1011 eteeerunt
287 944 449 1027 demusque
464 964 567 1013 earum
588 953 839 1029 expugneueruat
860 960 896 1009 ae
917 940 1117 1025 diripuerunt.
1142 939 1262 1024 Quibus

133 1067 200 1115 eum
217 1042 296 1111 Cato
311 1046 492 1130 persuadere
508 1047 589 1115 nulla
603 1047 723 1115 ratione
736 1046 853 1129 quiret,
879 1053 911 1111 ut
933 1062 1036 1111 secum
1052 1043 1189 1128 oppidum
1204 1045 1259 1111 16-

134 1146 292 1215 tenderent
306 1157 338 1211 et
352 1148 444 1215 eaede
458 1147 630 1232 rapinisque
646 1150 846 1223 desisterent,
864 1156 895 1213 et
909 1145 980 1228 quie
995 1145 1055 1213 sibi
1069 1145 1183 1213 uellent
1196 1145 1258 1213 sei·

132 1258 193 1326 ret,
208 1248 358 1317 sedandae
373 1269 476 1319 eurum
491 1249 712 1334 importunitatis
727 1250 824 1333 qratia
844 1247 972 1333 singulis
988 1257 1009 1311 6
1031 1247 1145 1315 diuisit.
1176 1244 1260 1317 1166
1281 1257 1310 1313 tt

135 1344 220 1421 Sulla
233 1347 366 1419 Faustus
381 1353 454 1417 feeit
467 1373 502 1421 ae
518 1352 555 1419 tle
569 1373 623 1422 sus
638 1354 765 1437 pecunie
780 1351 907 1435 largitus
922 1359 969 1415 est
991 1369 1111 1433 unaque
1131 1370 1200 1418 eum
1220 1351 1261 1419 iis

77 1450 171 1523 8861)
195 1451 283 1519 Vtiee
304 1454 503 1536 proficiscitur
522 1465 612 1538 atqee
634 1455 665 1524 16
687 1476 812 1539 regnum
834 1454 880 1521 ire
901 1451 1041 1521 intendit·
1083 1447 1260 1539 conplures
1332 1449 1337 1459 ’

134 1553 255 1623 interim
270 1574 312 1623 ex
326 1555 395 1637 luga
412 1555 529 1624 Vtieam
546 1557 734 1640 perueniunt.
758 1552 845 1638 Quos
859 1575 963 1623 omnes
979 1550 1057 1623 caro
1073 1564 1259 1621 eenueeates

136 1675 194 1723 uua
209 1675 276 1722 eum
291 1664 367 1733 666,
383 1657 434 1745 qui
449 1659 605 1741 qeauuiem
621 1654 755 1743 Seipieni
778 1659 816 1722 ad
838 1657 943 1727 hellen
963 1654 1132 1723 laeieetlam
1147 1665 1259 1719 eoum-

135 1755 254 1835 lereut,
278 1755 433 1837 hortatur,
457 1759 630 1829 utseruitia
644 1756 1095 1843 manumitterenteqqilumqne
1110 1756 1253 1823 terente
1279 1767 1310 1823 ts

98 1856 120 1923 2
135 1869 216 1927 rent.
248 1854 381 1941 Quorum
397 1882 464 1927 eum
479 1874 593 1946 partem
608 1863 776 1943 adsentire,
793 1872 909 1947 partem
923 1860 1052 1929 aninum
1065 1868 1257 1943 mente-que

134 1961 323 2043 perterritam
332 1973 420 2046 atque
435 1964 466 2031 ia
482 1966 581 2049 legam
591 1965 890 2036 destinatamlnebere
902 1962 1114 2041 intellexisset,
1130 1960 1258 2046 amplius

134 2063 171 2129 de
192 2083 229 2127 ea
251 2083 286 2129 re
307 2083 398 2148 egere
421 2065 536 2135 destitit
556 2089 710 2153 nauesque
731 2069 770 2137 iis
785 2067 935 2143 attribuit,
952 2076 984 2130 et
997 2065 1029 2135 ir
1043 2085 1119 2147 quae
1132 2064 1258 2147 quisque

99 2162 233 2250 iqartes
261 2167 350 2233 uellet
371 2168 623 2252 proficisceretur.
661 2168 730 2255 lpse
752 2170 889 2234 omnibus
914 2167 1005 2233 rebus
1028 2165 1255 2254 diligentissime

135 2267 308 2337 constitutis
328 2268 434 2340 liberie
455 2271 520 2339 suis
541 2269 639 2341 Lueie
655 2268 802 2350 Caesari,
829 2272 879 2355 qui
900 2283 962 2339 tura
984 2271 1014 2337 ei
1029 2291 1084 2356 pra
1098 2277 1257 2354 quiestote
1277 2274 1311 2332 at

134 2371 246 2450 luerat,
261 2373 475 2443 eemmeadalis
490 2384 522 2440 et
534 2373 601 2443 sine
615 2375 799 2459 euspicium,
817 2374 901 2443 uultu
917 2384 1007 2457 atque
1023 2393 1174 2452 sermone,
1197 2392 1257 2456 qne

135 2474 292 2557 superiore
307 2484 441 2558 tempere
456 2495 530 2545 usus
546 2476 663 2555 lueret,
681 2497 746 2547 eum
762 2476 923 2545 dormitum
937 2477 1033 2555 isset,
1049 2477 1161 2544 terrum
1176 2477 1258 2543 intre

96 2572 118 2635 4
134 2572 209 2642 clem
223 2574 257 2641 in.
271 2575 437 2645 eulieelum
453 2577 522 2643 tulit
535 2589 626 2663 atque
639 2578 684 2648 ite
698 2599 732 2645 se
746 2577 876 2647 traiecit.
901 2575 962 2660 Qui
982 2599 1048 2647 eum
1064 2579 1166 2646 anima
1184 2601 1259 2649 nea·

133 2674 202 2743 (lum
218 2676 357 2760 expirata
378 2679 576 2758 comedisset,
601 2692 631 2747 et
651 2682 765 2766 impete
785 2681 864 2747 laete
878 2682 910 2752 iu
926 2680 1091 2748 eulrieulum
1106 2702 1148 2748 ex
1163 2681 1260 2765 euspi-

134 2777 221 2847 61666
234 2779 366 2845 medieas
381 2782 602 2867 familiaresque
616 2784 774 2854 eentiuere
787 2796 878 2866 atque
900 2782 1007 2849 uulnus
1029 2780 1166 2864 obligare
1187 2803 1260 2849 eoe-
1278 2792 1310 2848 tt

134 2879 260 2964 quissent,
278 2881 342 2966 ique
356 2883 420 2949 suis
435 2885 571 2954 manibus
585 2886 694 2955 uulnus
707 2884 914 2953 erudelissima
923 2880 1037 2949 diuellit
1050 2891 1140 2963 etque
1152 2884 1259 2951 ani-e

99 2976 120 3045 ll
135 2983 285 3063 praesenti
300 3004 335 3053 ae
349 2985 510 3057 interemit.
544 2983 642 3069 Quen
656 2987 831 3066 Vlieeuses,
853 3003 1029 3068 quamquam
1042 2982 1171 3049 ederant
1185 3003 1257 3067 per·

134 3082 207 3151 tium
230 3086 347 3167 gratim
372 3099 472 3159 maren
495 3101 617 3175 prepter
637 3092 702 3159 eiua
717 3090 901 3176 singularem
915 3085 1115 3173 iutegritatem
1130 3095 1163 3153 et
1177 3090 1259 3169 quoi

135 3183 348 3253 dissimillimus
369 3190 552 3274 reliquerunt
574 3193 680 3261 dueum
702 3195 804 3259 luerat
823 3193 959 3276 quelque
978 3188 1096 3258 Vtieam
1112 3189 1258 3271 ,mirilieia

97 3281 273 3370 eoperitue
294 3290 443 3359 munierat
462 3303 621 3381 turresque
644 3307 794 3375 auxerat,
817 3297 973 3380 sepultura
994 3290 1146 3361 adfieiunt.
1186 3287 1258 3373 Qua
1278 3304 1311 3359 tt

99 3428 102 3433 -
131 3389 291 3460 interieete
304 3387 344 3459 L.
363 3390 480 3464 Caesae
493 3396 603 3479 aliquid
626 3397 684 3463 sibi
705 3418 748 3466 ex
767 3418 804 3465 ee
826 3418 861 3465 re
880 3395 975 3465 auxili
989 3405 1076 3464 ratur
1089 3405 1259 3463 eenueeate

240 3528 253 3581 ¹
268 3529 295 3581 ¹¹¹
307 3544 366 3595 ⁰8⁰2
381 3545 395 3579 1
408 3532 506 3597 6061616
519 3535 538 3589 ii
551 3535 583 3591 tt
594 3535 738 3593 uenerem
750 3553 779 3590 6.
880 3534 985 3587 adhorti
997 3548 1025 3587 6.
1132 3533 1149 3586 2
1161 3527 1258 3584 Caesa·

131 3602 168 3655 ris
181 3604 297 3671 partibus
311 3606 502 3675 eatetenus,
514 3610 633 3676 qualibus
642 3611 765 3667 Caesaris
778 3617 883 3663 ceterae
895 3609 957 3665 6661.
1061 3608 1256 3674 treppnlemt

130 3696 158 3735 s·
261 3682 380 3750 eportet
393 3685 418 3735 1.
526 3686 803 3754 liliaqertueitatisa.
908 3682 1257 3749 camusnane-

130 3761 225 3810 natr‘us
237 3775 265 3811 6.
377 3761 488 3817 ltsitta
500 3779 528 3819 6.
635 3764 1007 3833 lireqnanssubaeedmt.
1113 3763 1256 3817 intendite

132 3836 157 3897 ⁶2
172 3839 307 3891 contendit
319 3856 347 3892 6.
452 3842 590 3909 conplures
602 3859 629 3895 6.
737 3844 967 3898 laboraturae.
1076 3840 1106 3895 te
1120 3841 1256 3893 adsentire

129 3926 155 3961 ⁰·
263 3916 294 3969 18
307 3933 451 3985 uauemqne
465 3922 489 3971 1.
594 3922 658 3975 iae.
763 3923 796 3977 2⁰
808 3921 891 3977 [lueis
903 3936 932 3986 6,
945 3919 977 3973 t..
992 3935 1020 3971 6.
1124 3919 1258 3974 setasque

132 3990 157 4040 1.
269 4007 327 4049 enm
339 3998 427 4051 Atera
439 4014 533 4065 arpos,
547 4001 607 4055 dum
619 3999 697 4055 66661.
711 4000 742 4057 1².
759 4000 801 4058 11.
911 4001 946 4055 et
958 3998 1080 4065 expirata
1092 4014 1120 4050 6.
1228 4003 1257 4051 et

130 4085 183 4121 om.
199 4069 428 4141 ‘ereptasque
562 4079 758 4135 1166661166.
886 4077 920 4135 21
933 4090 1080 4144 quanquam
1093 4074 1144 4140 (6).

129 4145 162 4201 31
175 4145 301 4197 adliciant
313 4163 340 4201 6.
450 4151 481 4207 ³1
496 4153 687 4220 aliquidaie,
703 4161 732 4209 61
744 4154 843 4221 aliquid
856 4169 887 4211 6,
990 4151 1171 4209 auxititratur
1184 4167 1257 4207 unas

129 4225 201 4291 det.‚·
216 4226 358 4283 auxiliaret
370 4245 397 4295 6,
410 4230 586 4286 auxiliaretur
598 4233 613 4283 t
627 4250 658 4298 6,·
672 4234 765 4287 auxllil
778 4241 886 4302 pararet
897 4233 956 4289 666.
970 4232 1033 4287 Vra.
1048 4247 1076 4282 6.
