<?xml version="1.0" encoding="UTF-8"?>
<!DOCTYPE html PUBLIC "-//W3C//DTD XHTML 1.0 Transitional//EN"
    "http://www.w3.org/TR/xhtml1/DTD/xhtml1-transitional.dtd">
<html xmlns="http://www.w3.org/1999/xhtml" xml:lang="en" lang="en">
 <head>
  <title>
</title>
<meta http-equiv="Content-Type" content="text/html;charset=utf-8" />
  <meta name='ocr-system' content='tesseract 3.04.00' />
  <meta name='ocr-capabilities' content='ocr_page ocr_carea ocr_par ocr_line ocrx_word'/>
</head>
<body>
  <div class='ocr_page' id='page_1' title='image "./civliicaesarisc02hirtgoog_0392.png"; bbox 0 0 2692 4688; ppageno 0'>
   <div class='ocr_carea' id='block_1_1' title="bbox 422 173 1283 253">
    <p class='ocr_par' dir='ltr' id='par_1_1' title="bbox 422 173 1283 253">
     <span class='ocr_line' id='line_1_1' title="bbox 422 173 1283 253; baseline 0.01 -9"><span class='ocrx_word' id='word_1_1' title='bbox 422 173 891 248; x_wconf 65' lang='lat' dir='ltr'><strong>COMbl-VICAE.&#39;6·‡tbl‘·.</strong></span> <span class='ocrx_word' id='word_1_2' title='bbox 1220 183 1283 253; x_wconf 80' lang='lat' dir='ltr'><strong>set</strong></span> 
     </span>
    </p>
   </div>
   <div class='ocr_carea' id='block_1_2' title="bbox 51 350 1268 3403">
    <p class='ocr_par' dir='ltr' id='par_1_2' title="bbox 51 350 1268 3403">
     <span class='ocr_line' id='line_1_2' title="bbox 106 350 1262 439; baseline -0.001 -20"><span class='ocrx_word' id='word_1_3' title='bbox 106 351 312 433; x_wconf 80' lang='lat' dir='ltr'><strong>existimabat.</strong></span> <span class='ocrx_word' id='word_1_4' title='bbox 355 350 533 437; x_wconf 73' lang='lat' dir='ltr'><strong>Augebatur</strong></span> <span class='ocrx_word' id='word_1_5' title='bbox 558 351 739 416; x_wconf 76' lang='lat' dir='ltr'><strong>auxiliorum</strong></span> <span class='ocrx_word' id='word_1_6' title='bbox 760 352 876 417; x_wconf 86' lang='lat' dir='ltr'><strong>cotidie¹</strong></span> <span class='ocrx_word' id='word_1_7' title='bbox 894 373 976 437; x_wconf 87' lang='lat' dir='ltr'><strong>spes.</strong></span> <span class='ocrx_word' id='word_1_8' title='bbox 1020 350 1172 439; x_wconf 79' lang='lat' dir='ltr'><strong>Loquitur</strong></span> <span class='ocrx_word' id='word_1_9' title='bbox 1193 351 1262 421; x_wconf 85' lang='lat' dir='ltr'><strong>inii</strong></span> 
     </span>
     <span class='ocr_line' id='line_1_3' title="bbox 107 451 1225 540; baseline 0.003 -20"><span class='ocrx_word' id='word_1_10' title='bbox 107 454 236 521; x_wconf 87' lang='lat' dir='ltr'><strong>coneilio</strong></span> <span class='ocrx_word' id='word_1_11' title='bbox 251 455 368 539; x_wconf 84' lang='lat' dir='ltr'><strong>polam,</strong></span> <span class='ocrx_word' id='word_1_12' title='bbox 393 453 532 537; x_wconf 85' lang='lat' dir='ltr'><strong>quoniam</strong></span> <span class='ocrx_word' id='word_1_13' title='bbox 547 451 693 519; x_wconf 82' lang='lat' dir='ltr'>Germani</span> <span class='ocrx_word' id='word_1_14' title='bbox 715 456 952 540; x_wconf 82' lang='lat' dir='ltr'><strong>adpropinquare</strong></span> <span class='ocrx_word' id='word_1_15' title='bbox 977 456 1133 536; x_wconf 84' lang='lat' dir='ltr'><strong>dicentur,</strong></span> <span class='ocrx_word' id='word_1_16' title='bbox 1156 478 1225 523; x_wconf 85' lang='lat' dir='ltr'><strong>seso</strong></span> 
     </span>
     <span class='ocr_line' id='line_1_4' title="bbox 106 556 1225 642; baseline 0.002 -20"><span class='ocrx_word' id='word_1_17' title='bbox 106 578 178 622; x_wconf 86' lang='lat' dir='ltr'><strong>suas</strong></span> <span class='ocrx_word' id='word_1_18' title='bbox 193 557 408 639; x_wconf 84' lang='lat' dir='ltr'><strong>exercitusque</strong></span> <span class='ocrx_word' id='word_1_19' title='bbox 423 558 558 620; x_wconf 74' lang='lat' dir='ltr'><strong>fortunas</strong></span> <span class='ocrx_word' id='word_1_20' title='bbox 574 557 605 620; x_wconf 91' lang='lat' dir='ltr'><strong>iu</strong></span> <span class='ocrx_word' id='word_1_21' title='bbox 621 557 739 621; x_wconf 85' lang='lat' dir='ltr'><strong>dubium</strong></span> <span class='ocrx_word' id='word_1_22' title='bbox 755 578 815 620; x_wconf 87' lang='lat' dir='ltr'><strong>uon</strong></span> <span class='ocrx_word' id='word_1_23' title='bbox 830 556 1043 621; x_wconf 86' lang='lat' dir='ltr'><strong>deuoeutnrum</strong></span> <span class='ocrx_word' id='word_1_24' title='bbox 1058 570 1089 623; x_wconf 91' lang='lat' dir='ltr'><strong>et</strong></span> <span class='ocrx_word' id='word_1_25' title='bbox 1104 569 1225 642; x_wconf 86' lang='lat' dir='ltr'><strong>postero</strong></span> 
     </span>
     <span class='ocr_line' id='line_1_5' title="bbox 107 656 1261 745; baseline 0.003 -20"><span class='ocrx_word' id='word_1_26' title='bbox 107 662 156 726; x_wconf 91' lang='lat' dir='ltr'><strong>die</strong></span> <span class='ocrx_word' id='word_1_27' title='bbox 169 659 264 745; x_wconf 86' lang='lat' dir='ltr'><strong>primu</strong></span> <span class='ocrx_word' id='word_1_28' title='bbox 279 659 348 723; x_wconf 89' lang='lat' dir='ltr'><strong>luce</strong></span> <span class='ocrx_word' id='word_1_29' title='bbox 361 669 461 722; x_wconf 78' lang='lat' dir='ltr'><strong>cestre</strong></span> <span class='ocrx_word' id='word_1_30' title='bbox 478 671 639 723; x_wconf 86' lang='lat' dir='ltr'><strong>moturum.</strong></span> <span class='ocrx_word' id='word_1_31' title='bbox 663 656 813 724; x_wconf 75' lang='lat' dir='ltr'>Celeriter</span> <span class='ocrx_word' id='word_1_32' title='bbox 827 659 901 723; x_wconf 85' lang='lat' dir='ltr'><strong>boec</strong></span> <span class='ocrx_word' id='word_1_33' title='bbox 915 660 953 724; x_wconf 88' lang='lat' dir='ltr'><strong>ad</strong></span> <span class='ocrx_word' id='word_1_34' title='bbox 969 660 1072 724; x_wconf 87' lang='lat' dir='ltr'><strong>hostes</strong></span> <span class='ocrx_word' id='word_1_35' title='bbox 1086 661 1261 728; x_wconf 83' lang='lat' dir='ltr'><strong>deleme-7</strong></span> 
     </span>
     <span class='ocr_line' id='line_1_6' title="bbox 69 757 1227 845; baseline -0.001 -17"><span class='ocrx_word' id='word_1_36' title='bbox 69 777 86 828; x_wconf 73' lang='lat'>5</span> <span class='ocrx_word' id='word_1_37' title='bbox 110 775 179 841; x_wconf 79' lang='lat' dir='ltr'><strong>tur¹</strong></span> <span class='ocrx_word' id='word_1_38' title='bbox 200 771 235 825; x_wconf 89' lang='lat' dir='ltr'><strong>ut</strong></span> <span class='ocrx_word' id='word_1_39' title='bbox 254 782 296 824; x_wconf 83' lang='lat' dir='ltr'><strong>ex</strong></span> <span class='ocrx_word' id='word_1_40' title='bbox 318 781 426 845; x_wconf 75' lang='lat' dir='ltr'><strong>magno</strong></span> <span class='ocrx_word' id='word_1_41' title='bbox 441 757 596 825; x_wconf 76' lang='lat' dir='ltr'><strong>Gallorum</strong></span> <span class='ocrx_word' id='word_1_42' title='bbox 618 763 747 845; x_wconf 90' lang='lat' dir='ltr'><strong>equitum</strong></span> <span class='ocrx_word' id='word_1_43' title='bbox 771 782 894 826; x_wconf 88' lang='lat' dir='ltr'><strong>numero</strong></span> <span class='ocrx_word' id='word_1_44' title='bbox 917 763 1076 827; x_wconf 89' lang='lat' dir='ltr'><strong>nonnullos</strong></span> <span class='ocrx_word' id='word_1_45' title='bbox 1099 760 1227 828; x_wconf 85' lang='lat' dir='ltr'><strong>Gallicis</strong></span> 
     </span>
     <span class='ocr_line' id='line_1_7' title="bbox 106 861 1262 947; baseline 0 -16"><span class='ocrx_word' id='word_1_46' title='bbox 106 864 197 931; x_wconf 85' lang='lat' dir='ltr'><strong>robus</strong></span> <span class='ocrx_word' id='word_1_47' title='bbox 216 864 322 927; x_wconf 85' lang='lat' dir='ltr'><strong>lauere</strong></span> <span class='ocrx_word' id='word_1_48' title='bbox 342 873 451 927; x_wconf 78' lang='lat' dir='ltr'><strong>nature</strong></span> <span class='ocrx_word' id='word_1_49' title='bbox 472 862 611 947; x_wconf 72' lang='lat' dir='ltr'><strong>cogebat.</strong></span> <span class='ocrx_word' id='word_1_50' title='bbox 655 861 810 928; x_wconf 76' lang='lat' dir='ltr'>Labienus</span> <span class='ocrx_word' id='word_1_51' title='bbox 835 873 925 927; x_wconf 86' lang='lat' dir='ltr'><strong>noctu</strong></span> <span class='ocrx_word' id='word_1_52' title='bbox 950 863 1078 928; x_wconf 89' lang='lat' dir='ltr'><strong>tribunis</strong></span> <span class='ocrx_word' id='word_1_53' title='bbox 1100 863 1262 931; x_wconf 88' lang='lat' dir='ltr'><strong>militum8</strong></span> 
     </span>
     <span class='ocr_line' id='line_1_8' title="bbox 107 965 1225 1053; baseline 0.001 -22"><span class='ocrx_word' id='word_1_54' title='bbox 107 967 269 1053; x_wconf 73' lang='lat' dir='ltr'><strong>pri-isque</strong></span> <span class='ocrx_word' id='word_1_55' title='bbox 285 965 437 1030; x_wconf 83' lang='lat' dir='ltr'><strong>ordinibus</strong></span> <span class='ocrx_word' id='word_1_56' title='bbox 454 965 645 1044; x_wconf 83' lang='lat' dir='ltr'><strong>conuocatis,</strong></span> <span class='ocrx_word' id='word_1_57' title='bbox 663 966 732 1050; x_wconf 94' lang='lat' dir='ltr'><strong>quid</strong></span> <span class='ocrx_word' id='word_1_58' title='bbox 747 965 795 1029; x_wconf 87' lang='lat' dir='ltr'><strong>sui</strong></span> <span class='ocrx_word' id='word_1_59' title='bbox 811 965 852 1029; x_wconf 92' lang='lat' dir='ltr'><strong>sit</strong></span> <span class='ocrx_word' id='word_1_60' title='bbox 867 966 1005 1044; x_wconf 89' lang='lat' dir='ltr'><strong>consilii,</strong></span> <span class='ocrx_word' id='word_1_61' title='bbox 1029 967 1169 1052; x_wconf 78' lang='lat' dir='ltr'><strong>proponit</strong></span> <span class='ocrx_word' id='word_1_62' title='bbox 1183 978 1225 1047; x_wconf 89' lang='lat' dir='ltr'><strong>et,</strong></span> 
     </span>
     <span class='ocr_line' id='line_1_9' title="bbox 108 1067 1228 1155; baseline 0 -22"><span class='ocrx_word' id='word_1_63' title='bbox 108 1090 166 1154; x_wconf 84' lang='lat' dir='ltr'><strong>qno</strong></span> <span class='ocrx_word' id='word_1_64' title='bbox 181 1067 301 1133; x_wconf 83' lang='lat' dir='ltr'><strong>ia&#39;eilius</strong></span> <span class='ocrx_word' id='word_1_65' title='bbox 324 1067 460 1132; x_wconf 80' lang='lat' dir='ltr'><strong>hostibus</strong></span> <span class='ocrx_word' id='word_1_66' title='bbox 475 1067 593 1132; x_wconf 85' lang='lat' dir='ltr'><strong>timoris</strong></span> <span class='ocrx_word' id='word_1_67' title='bbox 608 1069 660 1132; x_wconf 86' lang='lat' dir='ltr'><strong>dei</strong></span> <span class='ocrx_word' id='word_1_68' title='bbox 673 1068 892 1152; x_wconf 74' lang='lat' dir='ltr'><strong>suspicionem,</strong></span> <span class='ocrx_word' id='word_1_69' title='bbox 916 1069 1030 1134; x_wconf 78' lang='lat' dir='ltr'><strong>maiore</strong></span> <span class='ocrx_word' id='word_1_70' title='bbox 1051 1069 1180 1155; x_wconf 88' lang='lat' dir='ltr'><strong>strepitu</strong></span> <span class='ocrx_word' id='word_1_71' title='bbox 1197 1080 1228 1134; x_wconf 91' lang='lat' dir='ltr'><strong>et</strong></span> 
     </span>
     <span class='ocr_line' id='line_1_10' title="bbox 107 1168 1228 1254; baseline -0.001 -17"><span class='ocrx_word' id='word_1_72' title='bbox 107 1171 251 1250; x_wconf 82' lang='lat' dir='ltr'><strong>tumultu,</strong></span> <span class='ocrx_word' id='word_1_73' title='bbox 274 1190 362 1254; x_wconf 84' lang='lat' dir='ltr'><strong>quum</strong></span> <span class='ocrx_word' id='word_1_74' title='bbox 378 1168 478 1254; x_wconf 91' lang='lat' dir='ltr'><strong>pupuli</strong></span> <span class='ocrx_word' id='word_1_75' title='bbox 491 1169 622 1236; x_wconf 82' lang='lat' dir='ltr'><strong>Romani</strong></span> <span class='ocrx_word' id='word_1_76' title='bbox 637 1173 697 1235; x_wconf 82' lang='lat' dir='ltr'><strong>iett</strong></span> <span class='ocrx_word' id='word_1_77' title='bbox 710 1172 913 1250; x_wconf 83' lang='lat' dir='ltr'><strong>consuetudo,</strong></span> <span class='ocrx_word' id='word_1_78' title='bbox 938 1182 1037 1235; x_wconf 88' lang='lat' dir='ltr'><strong>castra</strong></span> <span class='ocrx_word' id='word_1_79' title='bbox 1050 1171 1167 1236; x_wconf 87' lang='lat' dir='ltr'><strong>moueri</strong></span> <span class='ocrx_word' id='word_1_80' title='bbox 1181 1172 1228 1236; x_wconf 91' lang='lat' dir='ltr'><strong>iu·</strong></span> 
     </span>
     <span class='ocr_line' id='line_1_11' title="bbox 51 1270 1262 1358; baseline -0.001 -18"><span class='ocrx_word' id='word_1_81' title='bbox 51 1287 85 1340; x_wconf 85' lang='lat' dir='ltr'><strong>to</strong></span> <span class='ocrx_word' id='word_1_82' title='bbox 107 1274 168 1339; x_wconf 79' lang='lat' dir='ltr'><strong>bet</strong></span> <span class='ocrx_word' id='word_1_83' title='bbox 199 1270 256 1337; x_wconf 83' lang='lat' dir='ltr'><strong>llis</strong></span> <span class='ocrx_word' id='word_1_84' title='bbox 271 1271 362 1335; x_wconf 87' lang='lat' dir='ltr'><strong>rebus</strong></span> <span class='ocrx_word' id='word_1_85' title='bbox 377 1273 467 1355; x_wconf 76' lang='lat' dir='ltr'><strong>fugae</strong></span> <span class='ocrx_word' id='word_1_86' title='bbox 481 1272 609 1337; x_wconf 85' lang='lat' dir='ltr'><strong>similem</strong></span> <span class='ocrx_word' id='word_1_87' title='bbox 624 1274 839 1358; x_wconf 77' lang='lat' dir='ltr'><strong>profectionem</strong></span> <span class='ocrx_word' id='word_1_88' title='bbox 856 1274 965 1338; x_wconf 88' lang='lat' dir='ltr'><strong>elleeit.</strong></span> <span class='ocrx_word' id='word_1_89' title='bbox 1004 1271 1088 1337; x_wconf 90' lang='lat' dir='ltr'><strong>llaec</strong></span> <span class='ocrx_word' id='word_1_90' title='bbox 1110 1271 1262 1357; x_wconf 70' lang='lat' dir='ltr'><strong>quoqueb</strong></span> 
     </span>
     <span class='ocr_line' id='line_1_12' title="bbox 109 1375 1228 1460; baseline 0.001 -20"><span class='ocrx_word' id='word_1_91' title='bbox 109 1396 163 1459; x_wconf 89' lang='lat' dir='ltr'><strong>per</strong></span> <span class='ocrx_word' id='word_1_92' title='bbox 174 1375 384 1459; x_wconf 83' lang='lat' dir='ltr'><strong>exploratores</strong></span> <span class='ocrx_word' id='word_1_93' title='bbox 406 1385 476 1439; x_wconf 80' lang='lat' dir='ltr'><strong>ante</strong></span> <span class='ocrx_word' id='word_1_94' title='bbox 499 1376 597 1439; x_wconf 91' lang='lat' dir='ltr'><strong>lucem</strong></span> <span class='ocrx_word' id='word_1_95' title='bbox 618 1377 648 1440; x_wconf 93' lang='lat' dir='ltr'><strong>in</strong></span> <span class='ocrx_word' id='word_1_96' title='bbox 673 1387 757 1455; x_wconf 77' lang='lat' dir='ltr'><strong>tantu</strong></span> <span class='ocrx_word' id='word_1_97' title='bbox 772 1376 992 1460; x_wconf 73' lang='lat' dir='ltr'><strong>propinquitate</strong></span> <span class='ocrx_word' id='word_1_98' title='bbox 1008 1386 1174 1439; x_wconf 84' lang='lat' dir='ltr'><strong>nostrorum</strong></span> <span class='ocrx_word' id='word_1_99' title='bbox 1189 1377 1228 1441; x_wconf 87' lang='lat' dir='ltr'><strong>sd</strong></span> 
     </span>
     <span class='ocr_line' id='line_1_13' title="bbox 109 1475 1262 1564; baseline 0.001 -22"><span class='ocrx_word' id='word_1_100' title='bbox 109 1479 208 1543; x_wconf 84' lang='lat' dir='ltr'><strong>lrostes</strong></span> <span class='ocrx_word' id='word_1_101' title='bbox 223 1476 410 1541; x_wconf 83' lang='lat' dir='ltr'><strong>deieruutur.</strong></span> <span class='ocrx_word' id='word_1_102' title='bbox 438 1475 502 1542; x_wconf 84' lang='lat' dir='ltr'><strong>Vix</strong></span> <span class='ocrx_word' id='word_1_103' title='bbox 523 1482 629 1561; x_wconf 83' lang='lat' dir='ltr'><strong>agmen</strong></span> <span class='ocrx_word' id='word_1_104' title='bbox 645 1478 839 1542; x_wconf 84' lang='lat' dir='ltr'><strong>nouissimum</strong></span> <span class='ocrx_word' id='word_1_105' title='bbox 855 1489 941 1543; x_wconf 83' lang='lat' dir='ltr'><strong>extra</strong></span> <span class='ocrx_word' id='word_1_106' title='bbox 958 1479 1139 1542; x_wconf 88' lang='lat' dir='ltr'><strong>munitiones</strong></span> <span class='ocrx_word' id='word_1_107' title='bbox 1153 1500 1222 1564; x_wconf 92' lang='lat' dir='ltr'><strong>pro-</strong></span> <span class='ocrx_word' id='word_1_108' title='bbox 1237 1478 1262 1550; x_wconf 83' lang='lat'>8</span> 
     </span>
     <span class='ocr_line' id='line_1_14' title="bbox 109 1575 1227 1664; baseline 0.003 -20"><span class='ocrx_word' id='word_1_109' title='bbox 109 1589 259 1658; x_wconf 71' lang='lat' dir='ltr'><strong>maeret,</strong></span> <span class='ocrx_word' id='word_1_110' title='bbox 278 1600 344 1643; x_wconf 90' lang='lat' dir='ltr'><strong>oum</strong></span> <span class='ocrx_word' id='word_1_111' title='bbox 360 1575 439 1642; x_wconf 88' lang='lat' dir='ltr'><strong>Galli</strong></span> <span class='ocrx_word' id='word_1_112' title='bbox 454 1579 603 1644; x_wconf 80' lang='lat' dir='ltr'><strong>cobortnti</strong></span> <span class='ocrx_word' id='word_1_113' title='bbox 618 1580 697 1644; x_wconf 87' lang='lat' dir='ltr'><strong>inter</strong></span> <span class='ocrx_word' id='word_1_114' title='bbox 710 1601 764 1658; x_wconf 87' lang='lat' dir='ltr'><strong>se,</strong></span> <span class='ocrx_word' id='word_1_115' title='bbox 789 1582 827 1644; x_wconf 86' lang='lat' dir='ltr'><strong>uo</strong></span> <span class='ocrx_word' id='word_1_116' title='bbox 850 1591 1007 1663; x_wconf 86' lang='lat' dir='ltr'><strong>speratam.</strong></span> <span class='ocrx_word' id='word_1_117' title='bbox 1021 1582 1161 1664; x_wconf 85' lang='lat' dir='ltr'><strong>praedam</strong></span> <span class='ocrx_word' id='word_1_118' title='bbox 1184 1602 1227 1647; x_wconf 81' lang='lat' dir='ltr'><strong>ex</strong></span> 
     </span>
     <span class='ocr_line' id='line_1_15' title="bbox 109 1680 1227 1767; baseline 0.003 -22"><span class='ocrx_word' id='word_1_119' title='bbox 109 1681 246 1746; x_wconf 79' lang='lat' dir='ltr'><strong>mnibus</strong></span> <span class='ocrx_word' id='word_1_120' title='bbox 261 1681 462 1760; x_wconf 77' lang='lat' dir='ltr'><strong>dimittereut3</strong></span> <span class='ocrx_word' id='word_1_121' title='bbox 485 1682 607 1766; x_wconf 79' lang='lat' dir='ltr'><strong>longum</strong></span> <span class='ocrx_word' id='word_1_122' title='bbox 629 1703 697 1747; x_wconf 87' lang='lat' dir='ltr'><strong>esse</strong></span> <span class='ocrx_word' id='word_1_123' title='bbox 712 1682 880 1767; x_wconf 82' lang='lat' dir='ltr'><strong>perterritis</strong></span> <span class='ocrx_word' id='word_1_124' title='bbox 896 1680 1048 1746; x_wconf 74' lang='lat' dir='ltr'><strong>Romanis</strong></span> <span class='ocrx_word' id='word_1_125' title='bbox 1057 1680 1227 1748; x_wconf 78' lang='lat' dir='ltr'><strong>Germano-</strong></span> 
     </span>
     <span class='ocr_line' id='line_1_16' title="bbox 57 1784 1225 1869; baseline 0.003 -23"><span class='ocrx_word' id='word_1_126' title='bbox 57 1794 88 1847; x_wconf 79' lang='lat' dir='ltr'><strong>lt</strong></span> <span class='ocrx_word' id='word_1_127' title='bbox 109 1806 173 1848; x_wconf 84' lang='lat' dir='ltr'><strong>rum</strong></span> <span class='ocrx_word' id='word_1_128' title='bbox 188 1784 336 1849; x_wconf 76' lang='lat' dir='ltr'><strong>auxilium</strong></span> <span class='ocrx_word' id='word_1_129' title='bbox 352 1795 531 1869; x_wconf 82' lang='lat' dir='ltr'><strong>expectare,</strong></span> <span class='ocrx_word' id='word_1_130' title='bbox 555 1805 655 1867; x_wconf 88' lang='lat' dir='ltr'><strong>neque</strong></span> <span class='ocrx_word' id='word_1_131' title='bbox 676 1805 760 1847; x_wconf 86' lang='lat' dir='ltr'><strong>suam</strong></span> <span class='ocrx_word' id='word_1_132' title='bbox 783 1784 843 1867; x_wconf 86' lang='lat' dir='ltr'><strong>peti</strong></span> <span class='ocrx_word' id='word_1_133' title='bbox 860 1784 1056 1868; x_wconf 82' lang='lat' dir='ltr'><strong>dignitatem,</strong></span> <span class='ocrx_word' id='word_1_134' title='bbox 1079 1795 1111 1847; x_wconf 92' lang='lat' dir='ltr'><strong>ut</strong></span> <span class='ocrx_word' id='word_1_135' title='bbox 1134 1787 1225 1850; x_wconf 70' lang='lat' dir='ltr'><strong>uotis</strong></span> 
     </span>
     <span class='ocr_line' id='line_1_17' title="bbox 111 1885 1226 1971; baseline 0.002 -21"><span class='ocrx_word' id='word_1_136' title='bbox 111 1886 205 1971; x_wconf 90' lang='lat' dir='ltr'><strong>copiis</strong></span> <span class='ocrx_word' id='word_1_137' title='bbox 219 1887 436 1971; x_wconf 77' lang='lat' dir='ltr'><strong>tamexiquum</strong></span> <span class='ocrx_word' id='word_1_138' title='bbox 452 1908 571 1950; x_wconf 85' lang='lat' dir='ltr'><strong>manum</strong></span> <span class='ocrx_word' id='word_1_139' title='bbox 586 1887 764 1970; x_wconf 80' lang='lat' dir='ltr'><strong>praesertim</strong></span> <span class='ocrx_word' id='word_1_140' title='bbox 779 1886 941 1969; x_wconf 80' lang='lat' dir='ltr'><strong>lugientem</strong></span> <span class='ocrx_word' id='word_1_141' title='bbox 955 1895 1043 1968; x_wconf 89' lang='lat' dir='ltr'><strong>atque</strong></span> <span class='ocrx_word' id='word_1_142' title='bbox 1057 1885 1226 1970; x_wconf 84' lang='lat' dir='ltr'><strong>impeditum</strong></span> 
     </span>
     <span class='ocr_line' id='line_1_18' title="bbox 109 1985 1228 2070; baseline 0.001 -18"><span class='ocrx_word' id='word_1_143' title='bbox 109 1987 224 2052; x_wconf 81' lang='lat' dir='ltr'><strong>adoriri</strong></span> <span class='ocrx_word' id='word_1_144' title='bbox 239 2008 298 2052; x_wconf 86' lang='lat' dir='ltr'><strong>nou</strong></span> <span class='ocrx_word' id='word_1_145' title='bbox 318 1989 466 2070; x_wconf 88' lang='lat' dir='ltr'><strong>audeaut,</strong></span> <span class='ocrx_word' id='word_1_146' title='bbox 492 1988 602 2051; x_wconf 85' lang='lat' dir='ltr'><strong>llumen</strong></span> <span class='ocrx_word' id='word_1_147' title='bbox 625 1985 808 2049; x_wconf 85' lang='lat' dir='ltr'><strong>trausirc&#39;et</strong></span> <span class='ocrx_word' id='word_1_148' title='bbox 828 1987 930 2069; x_wconf 91' lang='lat' dir='ltr'><strong>iniquo</strong></span> <span class='ocrx_word' id='word_1_149' title='bbox 951 1988 1018 2052; x_wconf 88' lang='lat' dir='ltr'><strong>loeo</strong></span> <span class='ocrx_word' id='word_1_150' title='bbox 1041 1993 1228 2053; x_wconf 85' lang='lat' dir='ltr'><strong>committere</strong></span> 
     </span>
     <span class='ocr_line' id='line_1_19' title="bbox 112 2085 1265 2172; baseline 0.004 -20"><span class='ocrx_word' id='word_1_151' title='bbox 112 2087 258 2172; x_wconf 85' lang='lat' dir='ltr'><strong>proelium</strong></span> <span class='ocrx_word' id='word_1_152' title='bbox 274 2110 332 2154; x_wconf 82' lang='lat' dir='ltr'><strong>uos</strong></span> <span class='ocrx_word' id='word_1_153' title='bbox 345 2089 492 2154; x_wconf 89' lang='lat' dir='ltr'><strong>dubitant.</strong></span> <span class='ocrx_word' id='word_1_154' title='bbox 529 2086 616 2172; x_wconf 81' lang='lat' dir='ltr'><strong>Quae</strong></span> <span class='ocrx_word' id='word_1_155' title='bbox 631 2090 696 2151; x_wconf 85' lang='lat' dir='ltr'><strong>iore</strong></span> <span class='ocrx_word' id='word_1_156' title='bbox 711 2085 876 2170; x_wconf 80' lang='lat' dir='ltr'><strong>suspicatus</strong></span> <span class='ocrx_word' id='word_1_157' title='bbox 893 2086 1058 2163; x_wconf 76' lang='lat' dir='ltr'><strong>Labienus,</strong></span> <span class='ocrx_word' id='word_1_158' title='bbox 1075 2101 1109 2152; x_wconf 87' lang='lat' dir='ltr'><strong>nt</strong></span> <span class='ocrx_word' id='word_1_159' title='bbox 1123 2091 1265 2156; x_wconf 74' lang='lat' dir='ltr'><strong>omnes2</strong></span> 
     </span>
     <span class='ocr_line' id='line_1_20' title="bbox 111 2188 1229 2274; baseline 0.002 -20"><span class='ocrx_word' id='word_1_160' title='bbox 111 2190 189 2254; x_wconf 85' lang='lat' dir='ltr'><strong>eitra</strong></span> <span class='ocrx_word' id='word_1_161' title='bbox 203 2190 314 2255; x_wconf 82' lang='lat' dir='ltr'><strong>ilumeu</strong></span> <span class='ocrx_word' id='word_1_162' title='bbox 325 2191 465 2269; x_wconf 85' lang='lat' dir='ltr'><strong>eliceret,</strong></span> <span class='ocrx_word' id='word_1_163' title='bbox 489 2192 590 2256; x_wconf 90' lang='lat' dir='ltr'><strong>eadem</strong></span> <span class='ocrx_word' id='word_1_164' title='bbox 607 2211 679 2254; x_wconf 88' lang='lat' dir='ltr'><strong>usus</strong></span> <span class='ocrx_word' id='word_1_165' title='bbox 694 2188 882 2253; x_wconf 73' lang='lat' dir='ltr'><strong>simulatione</strong></span> <span class='ocrx_word' id='word_1_166' title='bbox 892 2188 1016 2252; x_wconf 87' lang='lat' dir='ltr'><strong>&#39;itineris</strong></span> <span class='ocrx_word' id='word_1_167' title='bbox 1031 2191 1144 2272; x_wconf 81' lang='lat' dir='ltr'><strong>placide</strong></span> <span class='ocrx_word' id='word_1_168' title='bbox 1159 2213 1229 2274; x_wconf 90' lang='lat' dir='ltr'><strong>pro·</strong></span> 
     </span>
     <span class='ocr_line' id='line_1_21' title="bbox 61 2289 1263 2379; baseline 0.001 -24"><span class='ocrx_word' id='word_1_169' title='bbox 61 2301 91 2355; x_wconf 83' lang='lat' dir='ltr'><strong>u</strong></span> <span class='ocrx_word' id='word_1_170' title='bbox 111 2291 313 2376; x_wconf 72' lang='lat' dir='ltr'><strong>grediebstur.</strong></span> <span class='ocrx_word' id='word_1_171' title='bbox 349 2292 430 2358; x_wconf 84' lang='lat' dir='ltr'><strong>Tum</strong></span> <span class='ocrx_word' id='word_1_172' title='bbox 451 2294 628 2379; x_wconf 83' lang='lat' dir='ltr'><strong>praemissis</strong></span> <span class='ocrx_word' id='word_1_173' title='bbox 651 2291 768 2377; x_wconf 87' lang='lat' dir='ltr'><strong>paulum</strong></span> <span class='ocrx_word' id='word_1_174' title='bbox 791 2289 1008 2374; x_wconf 84' lang='lat' dir='ltr'><strong>impedimentis</strong></span> <span class='ocrx_word' id='word_1_175' title='bbox 1031 2301 1119 2374; x_wconf 88' lang='lat' dir='ltr'><strong>utque</strong></span> <span class='ocrx_word' id='word_1_176' title='bbox 1134 2293 1166 2354; x_wconf 90' lang='lat' dir='ltr'><strong>in</strong></span> <span class='ocrx_word' id='word_1_177' title='bbox 1181 2292 1263 2357; x_wconf 73' lang='grc' dir='ltr'>ιιι-3</span> 
     </span>
     <span class='ocr_line' id='line_1_22' title="bbox 113 2392 1228 2479; baseline 0.002 -22"><span class='ocrx_word' id='word_1_178' title='bbox 113 2393 192 2458; x_wconf 87' lang='lat' dir='ltr'><strong>mulo</strong></span> <span class='ocrx_word' id='word_1_179' title='bbox 206 2397 332 2479; x_wconf 86' lang='lat' dir='ltr'><strong>quodam</strong></span> <span class='ocrx_word' id='word_1_180' title='bbox 348 2397 501 2461; x_wconf 76' lang='lat' dir='ltr'><strong>redemtis</strong></span> <span class='ocrx_word' id='word_1_181' title='bbox 519 2395 683 2473; x_wconf 84' lang='lat' dir='ltr'><strong>‘hebetis’‚</strong></span> <span class='ocrx_word' id='word_1_182' title='bbox 701 2392 814 2477; x_wconf 89' lang='lat' dir='ltr'><strong>iuquit,</strong></span> <span class='ocrx_word' id='word_1_183' title='bbox 834 2393 977 2472; x_wconf 84' lang='lat' dir='ltr'><strong>‘milites,</strong></span> <span class='ocrx_word' id='word_1_184' title='bbox 994 2413 1080 2478; x_wconf 85' lang='lat' dir='ltr'><strong>quum</strong></span> <span class='ocrx_word' id='word_1_185' title='bbox 1096 2394 1228 2478; x_wconf 88' lang='lat' dir='ltr'><strong>petistis,</strong></span> 
     </span>
     <span class='ocr_line' id='line_1_23' title="bbox 114 2496 1265 2585; baseline 0.003 -24"><span class='ocrx_word' id='word_1_186' title='bbox 114 2496 301 2562; x_wconf 72' lang='lat' dir='ltr'><strong>fucultatem</strong></span> <span class='ocrx_word' id='word_1_187' title='bbox 325 2498 441 2562; x_wconf 89' lang='lat' dir='ltr'><strong>bostem</strong></span> <span class='ocrx_word' id='word_1_188' title='bbox 463 2499 605 2585; x_wconf 89' lang='lat' dir='ltr'><strong>impedito</strong></span> <span class='ocrx_word' id='word_1_189' title='bbox 621 2509 709 2582; x_wconf 84' lang='lat' dir='ltr'><strong>etque</strong></span> <span class='ocrx_word' id='word_1_190' title='bbox 724 2496 827 2580; x_wconf 91' lang='lat' dir='ltr'><strong>iniquo</strong></span> <span class='ocrx_word' id='word_1_191' title='bbox 843 2497 907 2561; x_wconf 91' lang='lat' dir='ltr'><strong>loco</strong></span> <span class='ocrx_word' id='word_1_192' title='bbox 924 2496 1052 2561; x_wconf 87' lang='lat' dir='ltr'><strong>tenetis:</strong></span> <span class='ocrx_word' id='word_1_193' title='bbox 1077 2508 1230 2581; x_wconf 84' lang='lat' dir='ltr'><strong>praestate</strong></span> <span class='ocrx_word' id='word_1_194' title='bbox 1244 2498 1265 2564; x_wconf 72' lang='grc'><strong><em>4</em></strong></span> 
     </span>
     <span class='ocr_line' id='line_1_24' title="bbox 115 2599 1229 2695; baseline 0.002 -31"><span class='ocrx_word' id='word_1_195' title='bbox 115 2599 235 2664; x_wconf 83' lang='lat' dir='ltr'><strong>eandem</strong></span> <span class='ocrx_word' id='word_1_196' title='bbox 256 2599 347 2695; x_wconf 37' lang='lat' dir='ltr'><strong>&#39;uobis</strong></span> <span class='ocrx_word' id='word_1_197' title='bbox 370 2599 492 2665; x_wconf 89' lang='lat' dir='ltr'><strong>ducibus</strong></span> <span class='ocrx_word' id='word_1_198' title='bbox 515 2601 674 2680; x_wconf 86' lang='lat' dir='ltr'><strong>uirtutem,</strong></span> <span class='ocrx_word' id='word_1_199' title='bbox 705 2623 791 2685; x_wconf 85' lang='lat' dir='ltr'><strong>quum</strong></span> <span class='ocrx_word' id='word_1_200' title='bbox 819 2620 1034 2685; x_wconf 82' lang='lat' dir='ltr'><strong>saepenumero</strong></span> <span class='ocrx_word' id='word_1_201' title='bbox 1056 2599 1229 2686; x_wconf 80' lang='lat' dir='ltr'><strong>imperatori</strong></span> 
     </span>
     <span class='ocr_line' id='line_1_25' title="bbox 115 2703 1227 2786; baseline 0 -19"><span class='ocrx_word' id='word_1_202' title='bbox 115 2703 316 2784; x_wconf 65' lang='lat' dir='ltr'><strong>premitibus,</strong></span> <span class='ocrx_word' id='word_1_203' title='bbox 333 2714 423 2786; x_wconf 82' lang='lat' dir='ltr'><strong>atque</strong></span> <span class='ocrx_word' id='word_1_204' title='bbox 438 2703 520 2767; x_wconf 89' lang='lat' dir='ltr'><strong>ilium</strong></span> <span class='ocrx_word' id='word_1_205' title='bbox 536 2704 643 2767; x_wconf 88' lang='lat' dir='ltr'><strong>udesse</strong></span> <span class='ocrx_word' id='word_1_206' title='bbox 657 2714 689 2768; x_wconf 92' lang='lat' dir='ltr'><strong>et</strong></span> <span class='ocrx_word' id='word_1_207' title='bbox 704 2705 776 2768; x_wconf 81' lang='lat' dir='ltr'><strong>haee</strong></span> <span class='ocrx_word' id='word_1_208' title='bbox 792 2724 891 2768; x_wconf 88' lang='lat' dir='ltr'><strong>eoram</strong></span> <span class='ocrx_word' id='word_1_209' title='bbox 901 2703 1227 2767; x_wconf 83' lang='lat' dir='ltr'><strong>eernereexistimute’.</strong></span> 
     </span>
     <span class='ocr_line' id='line_1_26' title="bbox 70 2798 1264 2891; baseline 0.003 -26"><span class='ocrx_word' id='word_1_210' title='bbox 70 2809 95 2864; x_wconf 73' lang='lat'><strong>2⁵</strong></span> <span class='ocrx_word' id='word_1_211' title='bbox 115 2798 208 2868; x_wconf 85' lang='lat' dir='ltr'><strong>Simul</strong></span> <span class='ocrx_word' id='word_1_212' title='bbox 223 2805 310 2891; x_wconf 79' lang='lat' dir='ltr'><strong>signu</strong></span> <span class='ocrx_word' id='word_1_213' title='bbox 332 2804 368 2868; x_wconf 84' lang='lat' dir='ltr'><strong>ud</strong></span> <span class='ocrx_word' id='word_1_214' title='bbox 393 2805 508 2870; x_wconf 89' lang='lat' dir='ltr'><strong>bostem</strong></span> <span class='ocrx_word' id='word_1_215' title='bbox 532 2807 664 2869; x_wconf 86' lang='lat' dir='ltr'><strong>conuerti</strong></span> <span class='ocrx_word' id='word_1_216' title='bbox 686 2807 838 2889; x_wconf 82' lang='lat' dir='ltr'><strong>aciemque</strong></span> <span class='ocrx_word' id='word_1_217' title='bbox 863 2804 948 2886; x_wconf 87' lang='lat' dir='ltr'><strong>dirigi</strong></span> <span class='ocrx_word' id='word_1_218' title='bbox 973 2802 1055 2866; x_wconf 82' lang='lat' dir='ltr'><strong>iubet</strong></span> <span class='ocrx_word' id='word_1_219' title='bbox 1076 2813 1106 2864; x_wconf 91' lang='lat' dir='ltr'><strong>et</strong></span> <span class='ocrx_word' id='word_1_220' title='bbox 1127 2804 1264 2886; x_wconf 84' lang='lat' dir='ltr'><strong>paucis5</strong></span> 
     </span>
     <span class='ocr_line' id='line_1_27' title="bbox 118 2904 1232 2993; baseline -0.001 -23"><span class='ocrx_word' id='word_1_221' title='bbox 118 2907 219 2970; x_wconf 73' lang='lat' dir='ltr'><strong>mrmis</strong></span> <span class='ocrx_word' id='word_1_222' title='bbox 234 2907 383 2992; x_wconf 82' lang='lat' dir='ltr'><strong>pracsidio</strong></span> <span class='ocrx_word' id='word_1_223' title='bbox 397 2909 434 2973; x_wconf 87' lang='lat' dir='ltr'><strong>nd</strong></span> <span class='ocrx_word' id='word_1_224' title='bbox 450 2908 658 2993; x_wconf 88' lang='lat' dir='ltr'><strong>impedimenta</strong></span> <span class='ocrx_word' id='word_1_225' title='bbox 674 2909 802 2973; x_wconf 89' lang='lat' dir='ltr'><strong>dimissis</strong></span> <span class='ocrx_word' id='word_1_226' title='bbox 818 2907 948 2989; x_wconf 88' lang='lat' dir='ltr'><strong>reliquos</strong></span> <span class='ocrx_word' id='word_1_227' title='bbox 964 2904 1079 2990; x_wconf 84' lang='lat' dir='ltr'><strong>equites</strong></span> <span class='ocrx_word' id='word_1_228' title='bbox 1089 2906 1125 2967; x_wconf 82' lang='lat' dir='ltr'><strong>ad</strong></span> <span class='ocrx_word' id='word_1_229' title='bbox 1137 2904 1232 2969; x_wconf 84' lang='lat' dir='ltr'><strong>latera</strong></span> 
     </span>
     <span class='ocr_line' id='line_1_28' title="bbox 116 3000 1268 3095; baseline -0.001 -22"><span class='ocrx_word' id='word_1_230' title='bbox 116 3008 254 3095; x_wconf 82' lang='lat' dir='ltr'><strong>disponit.</strong></span> <span class='ocrx_word' id='word_1_231' title='bbox 279 3000 430 3079; x_wconf 80' lang='lat' dir='ltr'><strong>Celeriter</strong></span> <span class='ocrx_word' id='word_1_232' title='bbox 444 3011 536 3074; x_wconf 88' lang='lat' dir='ltr'><strong>nostri</strong></span> <span class='ocrx_word' id='word_1_233' title='bbox 547 3010 675 3074; x_wconf 87' lang='lat' dir='ltr'><strong>elamore</strong></span> <span class='ocrx_word' id='word_1_234' title='bbox 692 3011 809 3076; x_wconf 88' lang='lat' dir='ltr'><strong>subluto</strong></span> <span class='ocrx_word' id='word_1_235' title='bbox 825 3008 883 3094; x_wconf 85' lang='lat' dir='ltr'><strong>pila</strong></span> <span class='ocrx_word' id='word_1_236' title='bbox 898 3008 928 3069; x_wconf 91' lang='lat' dir='ltr'><strong>in</strong></span> <span class='ocrx_word' id='word_1_237' title='bbox 939 3008 1041 3071; x_wconf 88' lang='lat' dir='ltr'><strong>hostes</strong></span> <span class='ocrx_word' id='word_1_238' title='bbox 1056 3005 1229 3071; x_wconf 91' lang='lat' dir='ltr'><strong>immittunt.</strong></span> <span class='ocrx_word' id='word_1_239' title='bbox 1246 3006 1268 3072; x_wconf 81' lang='lat'>6</span> 
     </span>
     <span class='ocr_line' id='line_1_29' title="bbox 117 3096 1232 3197; baseline 0.001 -22"><span class='ocrx_word' id='word_1_240' title='bbox 117 3106 181 3192; x_wconf 86' lang='lat' dir='ltr'><strong>lili,</strong></span> <span class='ocrx_word' id='word_1_241' title='bbox 200 3113 250 3183; x_wconf 83' lang='lat' dir='ltr'><strong>nbi</strong></span> <span class='ocrx_word' id='word_1_242' title='bbox 265 3096 387 3196; x_wconf 71' lang='lat' dir='ltr'><strong>praeter</strong></span> <span class='ocrx_word' id='word_1_243' title='bbox 400 3133 482 3197; x_wconf 88' lang='lat' dir='ltr'><strong>spem</strong></span> <span class='ocrx_word' id='word_1_244' title='bbox 498 3134 571 3196; x_wconf 88' lang='lat' dir='ltr'><strong>quos</strong></span> <span class='ocrx_word' id='word_1_245' title='bbox 594 3115 698 3196; x_wconf 82' lang='lat' dir='ltr'><strong>ingere</strong></span> <span class='ocrx_word' id='word_1_246' title='bbox 722 3112 882 3177; x_wconf 84' lang='lat' dir='ltr'><strong>credebant</strong></span> <span class='ocrx_word' id='word_1_247' title='bbox 904 3109 1021 3173; x_wconf 90' lang='lat' dir='ltr'><strong>iuiestis</strong></span> <span class='ocrx_word' id='word_1_248' title='bbox 1037 3107 1130 3192; x_wconf 82' lang='lat' dir='ltr'><strong>signis</strong></span> <span class='ocrx_word' id='word_1_249' title='bbox 1146 3109 1232 3176; x_wconf 86' lang='lat' dir='ltr'><strong>adse</strong></span> 
     </span>
     <span class='ocr_line' id='line_1_30' title="bbox 116 3211 1233 3298; baseline 0.003 -24"><span class='ocrx_word' id='word_1_250' title='bbox 116 3212 159 3278; x_wconf 87' lang='lat' dir='ltr'><strong>ire</strong></span> <span class='ocrx_word' id='word_1_251' title='bbox 172 3214 324 3292; x_wconf 87' lang='lat' dir='ltr'><strong>uiderunt,</strong></span> <span class='ocrx_word' id='word_1_252' title='bbox 341 3214 480 3298; x_wconf 89' lang='lat' dir='ltr'><strong>impetum</strong></span> <span class='ocrx_word' id='word_1_253' title='bbox 491 3217 576 3279; x_wconf 90' lang='lat' dir='ltr'><strong>modo</strong></span> <span class='ocrx_word' id='word_1_254' title='bbox 592 3216 671 3278; x_wconf 82' lang='lat' dir='ltr'><strong>ferre</strong></span> <span class='ocrx_word' id='word_1_255' title='bbox 681 3235 740 3278; x_wconf 91' lang='lat' dir='ltr'><strong>uon</strong></span> <span class='ocrx_word' id='word_1_256' title='bbox 757 3223 965 3298; x_wconf 83' lang='lat' dir='ltr'><strong>potueruntne</strong></span> <span class='ocrx_word' id='word_1_257' title='bbox 981 3211 1075 3295; x_wconf 88' lang='lat' dir='ltr'><strong>primo</strong></span> <span class='ocrx_word' id='word_1_258' title='bbox 1085 3233 1233 3277; x_wconf 88' lang='lat' dir='ltr'><strong>concursu</strong></span> 
     </span>
     <span class='ocr_line' id='line_1_31' title="bbox 72 3312 1268 3403; baseline 0.003 -28"><span class='ocrx_word' id='word_1_259' title='bbox 72 3318 97 3374; x_wconf 81' lang='lat' dir='ltr'><strong>tt</strong></span> <span class='ocrx_word' id='word_1_260' title='bbox 116 3314 146 3379; x_wconf 92' lang='lat' dir='ltr'><strong>iu</strong></span> <span class='ocrx_word' id='word_1_261' title='bbox 161 3317 262 3401; x_wconf 84' lang='lat' dir='ltr'><strong>iugum</strong></span> <span class='ocrx_word' id='word_1_262' title='bbox 278 3318 406 3381; x_wconf 88' lang='lat' dir='ltr'><strong>coniecti</strong></span> <span class='ocrx_word' id='word_1_263' title='bbox 421 3339 585 3402; x_wconf 82' lang='lat' dir='ltr'><strong>proxumos</strong></span> <span class='ocrx_word' id='word_1_264' title='bbox 600 3319 692 3383; x_wconf 82' lang='lat' dir='ltr'><strong>siluas</strong></span> <span class='ocrx_word' id='word_1_265' title='bbox 708 3318 868 3403; x_wconf 89' lang='lat' dir='ltr'><strong>petierunt.</strong></span> <span class='ocrx_word' id='word_1_266' title='bbox 896 3312 979 3396; x_wconf 80' lang='lat' dir='ltr'><strong>Quos</strong></span> <span class='ocrx_word' id='word_1_267' title='bbox 988 3313 1140 3379; x_wconf 88' lang='lat' dir='ltr'><strong>Labienus</strong></span> <span class='ocrx_word' id='word_1_268' title='bbox 1151 3316 1233 3398; x_wconf 91' lang='lat' dir='ltr'><strong>equi·</strong></span> <span class='ocrx_word' id='word_1_269' title='bbox 1247 3313 1268 3378; x_wconf 89' lang='grc'><strong>7</strong></span> 
     </span>
    </p>
   </div>
   <div class='ocr_carea' id='block_1_3' title="bbox 117 3470 1237 4317">
    <p class='ocr_par' dir='ltr' id='par_1_3' title="bbox 117 3470 1237 4083">
     <span class='ocr_line' id='line_1_32' title="bbox 226 3470 1234 3547; baseline -0.005 -22"><span class='ocrx_word' id='word_1_270' title='bbox 226 3474 236 3525; x_wconf 95' lang='lat' dir='ltr'><strong>l</strong></span> <span class='ocrx_word' id='word_1_271' title='bbox 253 3475 368 3540; x_wconf 89' lang='lat' dir='ltr'><strong>quotidie</strong></span> <span class='ocrx_word' id='word_1_272' title='bbox 382 3476 438 3540; x_wconf 84' lang='lat' dir='ltr'><em>(B).</em></span> <span class='ocrx_word' id='word_1_273' title='bbox 519 3474 658 3528; x_wconf 69' lang='lat' dir='ltr'><strong>ieoneillo</strong></span> <span class='ocrx_word' id='word_1_274' title='bbox 671 3474 766 3547; x_wconf 63' lang='lat' dir='ltr'><strong>Aldus,</strong></span> <span class='ocrx_word' id='word_1_275' title='bbox 782 3472 891 3523; x_wconf 88' lang='lat' dir='ltr'><strong>consilio</strong></span> <span class='ocrx_word' id='word_1_276' title='bbox 904 3472 951 3537; x_wconf 83' lang='lat' dir='ltr'><strong>(B)</strong></span> <span class='ocrx_word' id='word_1_277' title='bbox 965 3487 978 3520; x_wconf 90' lang='lat' dir='ltr'><strong>e</strong></span> <span class='ocrx_word' id='word_1_278' title='bbox 993 3473 1067 3522; x_wconf 67' lang='lat' dir='ltr'><strong>‘mse</strong></span> <span class='ocrx_word' id='word_1_279' title='bbox 1081 3474 1137 3521; x_wconf 80' lang='lat' dir='ltr'><strong>mei</strong></span> <span class='ocrx_word' id='word_1_280' title='bbox 1148 3470 1190 3534; x_wconf 86' lang='lat' dir='ltr'><strong>ll,</strong></span> <span class='ocrx_word' id='word_1_281' title='bbox 1203 3472 1234 3520; x_wconf 85' lang='lat' dir='ltr'><strong>s&#39;n</strong></span> 
     </span>
     <span class='ocr_line' id='line_1_33' title="bbox 117 3548 1125 3619; baseline -0.002 -19"><span class='ocrx_word' id='word_1_282' title='bbox 117 3550 215 3616; x_wconf 76' lang='lat' dir='ltr'><strong>quibus</strong></span> <span class='ocrx_word' id='word_1_283' title='bbox 227 3554 328 3616; x_wconf 80' lang='lat' dir='ltr'><strong>optimi</strong></span> <span class='ocrx_word' id='word_1_284' title='bbox 338 3552 455 3618; x_wconf 81' lang='lat' dir='ltr'><strong>quique&#39;.</strong></span> <span class='ocrx_word' id='word_1_285' title='bbox 563 3553 769 3619; x_wconf 83' lang='lat' dir='ltr'><strong>adpropinquare</strong></span> <span class='ocrx_word' id='word_1_286' title='bbox 784 3551 816 3600; x_wconf 82' lang='lat' dir='ltr'><strong>ll.</strong></span> <span class='ocrx_word' id='word_1_287' title='bbox 934 3548 1087 3599; x_wconf 73' lang='lat' dir='ltr'><strong>dicebantur</strong></span> <span class='ocrx_word' id='word_1_288' title='bbox 1100 3549 1125 3599; x_wconf 89' lang='lat' dir='ltr'><strong>b.</strong></span> 
     </span>
     <span class='ocr_line' id='line_1_34' title="bbox 117 3626 1234 3695; baseline -0.001 -17"><span class='ocrx_word' id='word_1_289' title='bbox 117 3629 224 3695; x_wconf 81' lang='lat' dir='ltr'><strong>iprima</strong></span> <span class='ocrx_word' id='word_1_290' title='bbox 238 3628 295 3679; x_wconf 89' lang='lat' dir='ltr'><strong>lnce</strong></span> <span class='ocrx_word' id='word_1_291' title='bbox 308 3644 361 3679; x_wconf 87' lang='lat' dir='ltr'><strong>orn.</strong></span> <span class='ocrx_word' id='word_1_292' title='bbox 377 3630 402 3679; x_wconf 89' lang='lat' dir='ltr'><strong>b.</strong></span> <span class='ocrx_word' id='word_1_293' title='bbox 519 3629 694 3695; x_wconf 87' lang='lat' dir='ltr'><strong>celeriterque</strong></span> <span class='ocrx_word' id='word_1_294' title='bbox 708 3629 773 3679; x_wconf 83' lang='lat' dir='ltr'><strong>bueo</strong></span> <span class='ocrx_word' id='word_1_295' title='bbox 788 3627 819 3678; x_wconf 87' lang='lat' dir='ltr'><strong>C.</strong></span> <span class='ocrx_word' id='word_1_296' title='bbox 938 3627 952 3675; x_wconf 80' lang='lat'><strong>5</strong></span> <span class='ocrx_word' id='word_1_297' title='bbox 967 3626 1082 3691; x_wconf 87' lang='lat' dir='ltr'><strong>equitum</strong></span> <span class='ocrx_word' id='word_1_298' title='bbox 1095 3626 1119 3677; x_wconf 88' lang='lat' dir='ltr'><em>B</em></span> <span class='ocrx_word' id='word_1_299' title='bbox 1132 3630 1159 3676; x_wconf 81' lang='lat' dir='ltr'><strong>ut</strong></span> <span class='ocrx_word' id='word_1_300' title='bbox 1169 3626 1234 3677; x_wconf 79' lang='lat' dir='ltr'><strong>reli·</strong></span> 
     </span>
     <span class='ocr_line' id='line_1_35' title="bbox 117 3701 1234 3772; baseline 0 -17"><span class='ocrx_word' id='word_1_301' title='bbox 117 3708 172 3769; x_wconf 79' lang='lat' dir='ltr'><strong>qui,</strong></span> <span class='ocrx_word' id='word_1_302' title='bbox 187 3706 321 3772; x_wconf 89' lang='lat' dir='ltr'><strong>equitatus</strong></span> <span class='ocrx_word' id='word_1_303' title='bbox 335 3706 403 3757; x_wconf 87' lang='lat' dir='ltr'><strong>boe.</strong></span> <span class='ocrx_word' id='word_1_304' title='bbox 507 3706 644 3756; x_wconf 91' lang='lat' dir='ltr'><strong>nonnullus</strong></span> <span class='ocrx_word' id='word_1_305' title='bbox 659 3704 768 3755; x_wconf 77' lang='lat' dir='ltr'><strong>Gallicis</strong></span> <span class='ocrx_word' id='word_1_306' title='bbox 784 3705 855 3766; x_wconf 84' lang='lat' dir='ltr'><strong>bre,</strong></span> <span class='ocrx_word' id='word_1_307' title='bbox 871 3703 1009 3753; x_wconf 88' lang='lat' dir='ltr'><strong>nonnullos</strong></span> <span class='ocrx_word' id='word_1_308' title='bbox 1023 3701 1111 3753; x_wconf 88' lang='lat' dir='ltr'><strong>Gallos</strong></span> <span class='ocrx_word' id='word_1_309' title='bbox 1125 3702 1234 3755; x_wconf 84' lang='lat' dir='ltr'><strong>Gallicis</strong></span> 
     </span>
     <span class='ocr_line' id='line_1_36' title="bbox 117 3778 1125 3848; baseline -0.004 -16"><span class='ocrx_word' id='word_1_310' title='bbox 117 3782 180 3833; x_wconf 73' lang='lat' dir='ltr'><strong>sat</strong></span> <span class='ocrx_word' id='word_1_311' title='bbox 190 3784 303 3848; x_wconf 79' lang='lat' dir='ltr'><strong>reliqui.</strong></span> <span class='ocrx_word' id='word_1_312' title='bbox 423 3785 439 3836; x_wconf 85' lang='lat' dir='ltr'><strong>l</strong></span> <span class='ocrx_word' id='word_1_313' title='bbox 452 3785 602 3834; x_wconf 90' lang='lat' dir='ltr'><strong>oonuoeutls</strong></span> <span class='ocrx_word' id='word_1_314' title='bbox 615 3783 638 3834; x_wconf 88' lang='lat' dir='ltr'><em>B</em></span> <span class='ocrx_word' id='word_1_315' title='bbox 650 3784 797 3848; x_wconf 66' lang='lat' dir='ltr'><strong>etreliqua,</strong></span> <span class='ocrx_word' id='word_1_316' title='bbox 813 3781 910 3831; x_wconf 87' lang='lat' dir='ltr'><strong>conctis</strong></span> <span class='ocrx_word' id='word_1_317' title='bbox 924 3795 937 3829; x_wconf 90' lang='lat' dir='ltr'><strong>o</strong></span> <span class='ocrx_word' id='word_1_318' title='bbox 950 3779 1021 3831; x_wconf 82' lang='lat' dir='ltr'><strong>And.</strong></span> <span class='ocrx_word' id='word_1_319' title='bbox 1038 3778 1125 3829; x_wconf 79' lang='lat' dir='ltr'><strong>Oxou.</strong></span> 
     </span>
     <span class='ocr_line' id='line_1_37' title="bbox 117 3858 1237 3930; baseline -0.004 -16"><span class='ocrx_word' id='word_1_320' title='bbox 117 3861 335 3930; x_wconf 77' lang='lat' dir='ltr'><strong>bsospeotlonem</strong></span> <span class='ocrx_word' id='word_1_321' title='bbox 347 3863 383 3914; x_wconf 84' lang='lat' dir='ltr'><strong>A.</strong></span> <span class='ocrx_word' id='word_1_322' title='bbox 470 3871 496 3913; x_wconf 90' lang='lat' dir='ltr'><strong>et</strong></span> <span class='ocrx_word' id='word_1_323' title='bbox 510 3862 630 3928; x_wconf 87' lang='lat' dir='ltr'><strong>tumultu]</strong></span> <span class='ocrx_word' id='word_1_324' title='bbox 645 3862 724 3912; x_wconf 88' lang='lat' dir='ltr'><strong>multo</strong></span> <span class='ocrx_word' id='word_1_325' title='bbox 737 3862 772 3911; x_wconf 87' lang='lat' dir='ltr'><strong>D.</strong></span> <span class='ocrx_word' id='word_1_326' title='bbox 868 3860 899 3910; x_wconf 82' lang='lat'><strong>10</strong></span> <span class='ocrx_word' id='word_1_327' title='bbox 912 3858 1000 3909; x_wconf 77' lang='lat' dir='ltr'><strong>effecit</strong></span> <span class='ocrx_word' id='word_1_328' title='bbox 1012 3859 1035 3908; x_wconf 90' lang='lat' dir='ltr'><em>B</em></span> <span class='ocrx_word' id='word_1_329' title='bbox 1048 3858 1122 3909; x_wconf 70' lang='lat' dir='ltr'><strong>‘rnre</strong></span> <span class='ocrx_word' id='word_1_330' title='bbox 1135 3858 1170 3923; x_wconf 73' lang='grc' dir='ltr'><strong>δ’,</strong></span> <span class='ocrx_word' id='word_1_331' title='bbox 1183 3858 1237 3910; x_wconf 77' lang='lat' dir='ltr'><strong>efl-</strong></span> 
     </span>
     <span class='ocr_line' id='line_1_38' title="bbox 118 3937 1235 4004; baseline -0.004 -11"><span class='ocrx_word' id='word_1_332' title='bbox 118 3943 156 3995; x_wconf 88' lang='lat' dir='ltr'><strong>eit</strong></span> <span class='ocrx_word' id='word_1_333' title='bbox 166 3959 193 3996; x_wconf 86' lang='lat' dir='ltr'><strong>u.</strong></span> <span class='ocrx_word' id='word_1_334' title='bbox 288 3943 318 3995; x_wconf 81' lang='grc'><strong>13</strong></span> <span class='ocrx_word' id='word_1_335' title='bbox 332 3943 401 3993; x_wconf 88' lang='lat' dir='ltr'><strong>intra</strong></span> <span class='ocrx_word' id='word_1_336' title='bbox 415 3957 443 3992; x_wconf 88' lang='lat' dir='ltr'><strong>se</strong></span> <span class='ocrx_word' id='word_1_337' title='bbox 458 3942 488 3993; x_wconf 84' lang='grc'><strong>0.</strong></span> <span class='ocrx_word' id='word_1_338' title='bbox 587 3943 617 3993; x_wconf 83' lang='lat'><strong>15</strong></span> <span class='ocrx_word' id='word_1_339' title='bbox 631 3941 729 3991; x_wconf 79' lang='lat' dir='ltr'><strong>uexillo</strong></span> <span class='ocrx_word' id='word_1_340' title='bbox 742 3946 769 3990; x_wconf 84' lang='lat' dir='ltr'><strong>et</strong></span> <span class='ocrx_word' id='word_1_341' title='bbox 781 3942 807 3988; x_wconf 77' lang='lat' dir='ltr'><strong>lu</strong></span> <span class='ocrx_word' id='word_1_342' title='bbox 821 3952 909 4001; x_wconf 78' lang='lat' dir='ltr'><strong>marg.</strong></span> <span class='ocrx_word' id='word_1_343' title='bbox 925 3937 1023 3987; x_wconf 85' lang='lat' dir='ltr'><strong>unxilia</strong></span> <span class='ocrx_word' id='word_1_344' title='bbox 1038 3937 1070 3987; x_wconf 82' lang='lat' dir='ltr'><strong>A.</strong></span> <span class='ocrx_word' id='word_1_345' title='bbox 1158 3952 1235 4004; x_wconf 78' lang='lat' dir='ltr'><strong>erpe-</strong></span> 
     </span>
     <span class='ocr_line' id='line_1_39' title="bbox 118 4014 1126 4083; baseline -0.006 -12"><span class='ocrx_word' id='word_1_346' title='bbox 118 4025 190 4073; x_wconf 75' lang='lat' dir='ltr'><strong>cttre</strong></span> <span class='ocrx_word' id='word_1_347' title='bbox 202 4020 236 4070; x_wconf 75' lang='lat' dir='ltr'><strong>B.</strong></span> <span class='ocrx_word' id='word_1_348' title='bbox 383 4019 413 4070; x_wconf 83' lang='lat' dir='ltr'><strong>ll</strong></span> <span class='ocrx_word' id='word_1_349' title='bbox 427 4019 586 4069; x_wconf 85' lang='lat' dir='ltr'><strong>committere</strong></span> <span class='ocrx_word' id='word_1_350' title='bbox 600 4017 725 4083; x_wconf 90' lang='lat' dir='ltr'><strong>proelium</strong></span> <span class='ocrx_word' id='word_1_351' title='bbox 740 4017 771 4078; x_wconf 78' lang='lat' dir='ltr'><strong>lt,</strong></span> <span class='ocrx_word' id='word_1_352' title='bbox 787 4014 912 4081; x_wconf 88' lang='lat' dir='ltr'><strong>proelium</strong></span> <span class='ocrx_word' id='word_1_353' title='bbox 926 4015 1085 4064; x_wconf 83' lang='lat' dir='ltr'><strong>committere</strong></span> <span class='ocrx_word' id='word_1_354' title='bbox 1099 4031 1126 4065; x_wconf 84' lang='lat' dir='ltr'><strong>u.</strong></span> 
     </span>
    </p>

    <p class='ocr_par' dir='ltr' id='par_1_4' title="bbox 121 4091 1237 4317">
     <span class='ocr_line' id='line_1_40' title="bbox 121 4091 1237 4163; baseline -0.004 -17"><span class='ocrx_word' id='word_1_355' title='bbox 121 4095 152 4147; x_wconf 72' lang='lat' dir='ltr'><strong>li</strong></span> <span class='ocrx_word' id='word_1_356' title='bbox 165 4096 245 4163; x_wconf 88' lang='lat' dir='ltr'><strong>eitra]</strong></span> <span class='ocrx_word' id='word_1_357' title='bbox 260 4103 334 4146; x_wconf 78' lang='lat' dir='ltr'><strong>extro</strong></span> <span class='ocrx_word' id='word_1_358' title='bbox 348 4097 378 4148; x_wconf 78' lang='lat' dir='ltr'><strong>C.</strong></span> <span class='ocrx_word' id='word_1_359' title='bbox 506 4096 540 4149; x_wconf 78' lang='lat'><strong>22</strong></span> <span class='ocrx_word' id='word_1_360' title='bbox 551 4095 576 4145; x_wconf 92' lang='lat' dir='ltr'><strong>in</strong></span> <span class='ocrx_word' id='word_1_361' title='bbox 590 4095 712 4160; x_wconf 89' lang='lat' dir='ltr'><strong>impedito</strong></span> <span class='ocrx_word' id='word_1_362' title='bbox 725 4094 761 4144; x_wconf 83' lang='lat' dir='ltr'><strong>D.</strong></span> <span class='ocrx_word' id='word_1_363' title='bbox 883 4093 917 4143; x_wconf 70' lang='lat' dir='ltr'><strong>il</strong></span> <span class='ocrx_word' id='word_1_364' title='bbox 930 4098 1007 4156; x_wconf 85' lang='lat' dir='ltr'><strong>etqua</strong></span> <span class='ocrx_word' id='word_1_365' title='bbox 1021 4092 1092 4143; x_wconf 91' lang='lat' dir='ltr'><strong>illum</strong></span> <span class='ocrx_word' id='word_1_366' title='bbox 1106 4093 1199 4142; x_wconf 83' lang='lat' dir='ltr'><strong>adesse</strong></span> <span class='ocrx_word' id='word_1_367' title='bbox 1212 4091 1237 4141; x_wconf 90' lang='lat' dir='ltr'><em>B</em></span> 
     </span>
     <span class='ocr_line' id='line_1_41' title="bbox 124 4166 1235 4238; baseline -0.005 -15"><span class='ocrx_word' id='word_1_368' title='bbox 124 4172 259 4238; x_wconf 49' lang='lat' dir='ltr'><strong>‘reliqum</strong></span> <span class='ocrx_word' id='word_1_369' title='bbox 275 4172 369 4225; x_wconf 83' lang='lat' dir='ltr'><strong>edesse</strong></span> <span class='ocrx_word' id='word_1_370' title='bbox 383 4187 438 4222; x_wconf 89' lang='lat' dir='ltr'><strong>eum</strong></span> <span class='ocrx_word' id='word_1_371' title='bbox 454 4173 498 4222; x_wconf 83' lang='lat' dir='ltr'><strong>br.</strong></span> <span class='ocrx_word' id='word_1_372' title='bbox 644 4171 676 4224; x_wconf 75' lang='lat'><strong>29</strong></span> <span class='ocrx_word' id='word_1_373' title='bbox 690 4169 779 4219; x_wconf 86' lang='lat' dir='ltr'><strong>uidere</strong></span> <span class='ocrx_word' id='word_1_374' title='bbox 795 4170 819 4219; x_wconf 85' lang='lat' dir='ltr'><strong>b.</strong></span> <span class='ocrx_word' id='word_1_375' title='bbox 971 4168 1004 4218; x_wconf 82' lang='lat'><strong>3⁰</strong></span> <span class='ocrx_word' id='word_1_376' title='bbox 1018 4182 1156 4233; x_wconf 81' lang='lat' dir='ltr'><strong>proxumos</strong></span> <span class='ocrx_word' id='word_1_377' title='bbox 1169 4166 1235 4218; x_wconf 73' lang='lat' dir='ltr'><strong>Ab,</strong></span> 
     </span>
     <span class='ocr_line' id='line_1_42' title="bbox 228 4248 841 4317; baseline -0.015 -16"><span class='ocrx_word' id='word_1_378' title='bbox 228 4251 361 4317; x_wconf 86' lang='lat' dir='ltr'><strong>petierunt</strong></span> <span class='ocrx_word' id='word_1_379' title='bbox 373 4251 398 4302; x_wconf 81' lang='lat' dir='ltr'><em>A</em></span> <span class='ocrx_word' id='word_1_380' title='bbox 407 4252 480 4312; x_wconf 86' lang='lat' dir='ltr'><strong>bec,</strong></span> <span class='ocrx_word' id='word_1_381' title='bbox 496 4250 645 4316; x_wconf 89' lang='lat' dir='ltr'><strong>petiueruut</strong></span> <span class='ocrx_word' id='word_1_382' title='bbox 658 4248 681 4298; x_wconf 86' lang='lat' dir='ltr'><em>B</em></span> <span class='ocrx_word' id='word_1_383' title='bbox 693 4253 719 4297; x_wconf 86' lang='lat' dir='ltr'><strong>et</strong></span> <span class='ocrx_word' id='word_1_384' title='bbox 732 4248 841 4311; x_wconf 81' lang='lat' dir='ltr'><strong>reliqui.</strong></span> 
     </span>
    </p>
   </div>
   <div class='ocr_carea' id='block_1_4' title="bbox 148 4310 1088 4405">
    <p class='ocr_par' dir='ltr' id='par_1_5' title="bbox 148 4310 1088 4405">
     <span class='ocr_line' id='line_1_43' title="bbox 148 4310 1088 4405; baseline 0.002 -14"><span class='ocrx_word' id='word_1_385' title='bbox 148 4346 243 4402; x_wconf 77' lang='lat' dir='ltr'><strong>caesar,</strong></span> <span class='ocrx_word' id='word_1_386' title='bbox 258 4339 293 4391; x_wconf 76' lang='lat' dir='ltr'><strong>ed.</strong></span> <span class='ocrx_word' id='word_1_387' title='bbox 309 4345 417 4405; x_wconf 77' lang='lat' dir='ltr'><strong>Nippur-d.</strong></span> <span class='ocrx_word' id='word_1_388' title='bbox 1046 4310 1088 4371; x_wconf 68' lang='lat'><strong>²5</strong></span> 
     </span>
    </p>
   </div>
   <div class='ocr_carea' id='block_1_5' title="bbox 0 0 1359 4688">
    <p class='ocr_par' dir='ltr' id='par_1_6' title="bbox 0 0 1359 4688">
     <span class='ocr_line' id='line_1_44' title="bbox 0 0 1359 4688; baseline 0 0"><span class='ocrx_word' id='word_1_389' title='bbox 0 0 1359 4688; x_wconf 95' lang='lat' dir='ltr'><strong> </strong></span> 
     </span>
    </p>
   </div>
  </div>
 </body>
</html>
