<?xml version="1.0" encoding="UTF-8"?>
<!DOCTYPE html PUBLIC "-//W3C//DTD XHTML 1.0 Transitional//EN"
    "http://www.w3.org/TR/xhtml1/DTD/xhtml1-transitional.dtd">
<html xmlns="http://www.w3.org/1999/xhtml" xml:lang="en" lang="en">
 <head>
  <title>
</title>
<meta http-equiv="Content-Type" content="text/html;charset=utf-8" />
  <meta name='ocr-system' content='tesseract 3.04.00' />
  <meta name='ocr-capabilities' content='ocr_page ocr_carea ocr_par ocr_line ocrx_word'/>
</head>
<body>
  <div class='ocr_page' id='page_1' title='image "./civliicaesarisc02hirtgoog_0685.png"; bbox 0 0 2692 4688; ppageno 0'>
   <div class='ocr_carea' id='block_1_1' title="bbox 75 197 871 277">
    <p class='ocr_par' dir='ltr' id='par_1_1' title="bbox 75 197 871 277">
     <span class='ocr_line' id='line_1_1' title="bbox 75 197 871 277; baseline -0.01 -3"><span class='ocrx_word' id='word_1_1' title='bbox 75 207 141 277; x_wconf 76' lang='grc'><strong>672</strong></span> <span class='ocrx_word' id='word_1_2' title='bbox 529 198 660 266; x_wconf 77' lang='lat' dir='ltr'><strong>llllbbl</strong></span> <span class='ocrx_word' id='word_1_3' title='bbox 681 197 871 267; x_wconf 69' lang='lat' dir='ltr'><strong>nealcae</strong></span> 
     </span>
    </p>
   </div>
   <div class='ocr_carea' id='block_1_2' title="bbox 77 350 1320 2296">
    <p class='ocr_par' dir='ltr' id='par_1_2' title="bbox 77 350 1299 864">
     <span class='ocr_line' id='line_1_2' title="bbox 77 350 1265 459; baseline 0.001 -19"><span class='ocrx_word' id='word_1_4' title='bbox 77 377 120 448; x_wconf 77' lang='lat' dir='ltr'><strong>ld</strong></span> <span class='ocrx_word' id='word_1_5' title='bbox 136 350 240 441; x_wconf 76' lang='lat' dir='ltr'><strong>omues</strong></span> <span class='ocrx_word' id='word_1_6' title='bbox 256 371 384 436; x_wconf 88' lang='lat' dir='ltr'><strong>coniecti</strong></span> <span class='ocrx_word' id='word_1_7' title='bbox 399 391 533 454; x_wconf 79' lang='lat' dir='ltr'><strong>pugnare</strong></span> <span class='ocrx_word' id='word_1_8' title='bbox 548 373 743 458; x_wconf 78' lang='lat' dir='ltr'><strong>cogebantur.</strong></span> <span class='ocrx_word' id='word_1_9' title='bbox 767 370 924 437; x_wconf 81' lang='lat' dir='ltr'><strong>Labienus</strong></span> <span class='ocrx_word' id='word_1_10' title='bbox 939 373 971 436; x_wconf 96' lang='lat' dir='ltr'><strong>in</strong></span> <span class='ocrx_word' id='word_1_11' title='bbox 986 392 1062 454; x_wconf 87' lang='lat' dir='ltr'><strong>equo</strong></span> <span class='ocrx_word' id='word_1_12' title='bbox 1074 376 1173 459; x_wconf 90' lang='lat' dir='ltr'><strong>capite</strong></span> <span class='ocrx_word' id='word_1_13' title='bbox 1185 377 1265 441; x_wconf 88' lang='lat' dir='ltr'><strong>nudo</strong></span> 
     </span>
     <span class='ocr_line' id='line_1_3' title="bbox 135 473 1265 562; baseline 0.001 -19"><span class='ocrx_word' id='word_1_14' title='bbox 135 475 254 543; x_wconf 88' lang='lat' dir='ltr'><strong>uersari</strong></span> <span class='ocrx_word' id='word_1_15' title='bbox 268 475 411 559; x_wconf 82' lang='lat' dir='ltr'><strong>inprims</strong></span> <span class='ocrx_word' id='word_1_16' title='bbox 425 473 510 551; x_wconf 72' lang='lat' dir='ltr'><strong>acies</strong></span> <span class='ocrx_word' id='word_1_17' title='bbox 528 473 616 539; x_wconf 90' lang='lat' dir='ltr'><strong>simul</strong></span> <span class='ocrx_word' id='word_1_18' title='bbox 630 497 702 540; x_wconf 89' lang='lat' dir='ltr'><strong>suos</strong></span> <span class='ocrx_word' id='word_1_19' title='bbox 718 476 883 554; x_wconf 85' lang='lat' dir='ltr'><strong>cohortari,</strong></span> <span class='ocrx_word' id='word_1_20' title='bbox 894 496 1118 558; x_wconf 81' lang='lat' dir='ltr'><strong>nonnumquam</strong></span> <span class='ocrx_word' id='word_1_21' title='bbox 1130 477 1265 562; x_wconf 86' lang='lat' dir='ltr'><strong>legiona-</strong></span> 
     </span>
     <span class='ocr_line' id='line_1_4' title="bbox 136 573 1265 660; baseline 0.002 -16"><span class='ocrx_word' id='word_1_22' title='bbox 136 580 198 645; x_wconf 88' lang='lat' dir='ltr'><strong>rios</strong></span> <span class='ocrx_word' id='word_1_23' title='bbox 213 573 358 642; x_wconf 77' lang='lat' dir='ltr'>Caesaris</span> <span class='ocrx_word' id='word_1_24' title='bbox 369 575 417 639; x_wconf 85' lang='lat' dir='ltr'><strong>ita</strong></span> <span class='ocrx_word' id='word_1_25' title='bbox 432 575 602 660; x_wconf 82' lang='lat' dir='ltr'><strong>appellares</strong></span> <span class='ocrx_word' id='word_1_26' title='bbox 622 573 716 658; x_wconf 80' lang='lat' dir='ltr'><strong>‘Quid</strong></span> <span class='ocrx_word' id='word_1_27' title='bbox 733 577 786 656; x_wconf 86' lang='lat' dir='ltr'><strong>tu&#39;‚</strong></span> <span class='ocrx_word' id='word_1_28' title='bbox 803 577 911 660; x_wconf 89' lang='lat' dir='ltr'><strong>inquit,</strong></span> <span class='ocrx_word' id='word_1_29' title='bbox 931 578 1030 642; x_wconf 85' lang='lat' dir='ltr'><strong>‘miles</strong></span> <span class='ocrx_word' id='word_1_30' title='bbox 1046 578 1129 642; x_wconf 80' lang='lat' dir='ltr'><strong>tiro?</strong></span> <span class='ocrx_word' id='word_1_31' title='bbox 1144 590 1205 644; x_wconf 90' lang='lat' dir='ltr'><strong>tam</strong></span> <span class='ocrx_word' id='word_1_32' title='bbox 1221 583 1265 646; x_wconf 84' lang='lat' dir='ltr'><strong>ie-</strong></span> 
     </span>
     <span class='ocr_line' id='line_1_5' title="bbox 138 676 1266 765; baseline 0.003 -19"><span class='ocrx_word' id='word_1_33' title='bbox 138 680 259 746; x_wconf 91' lang='lat' dir='ltr'><strong>rooulus</strong></span> <span class='ocrx_word' id='word_1_34' title='bbox 275 680 331 742; x_wconf 77' lang='lat' dir='ltr'><strong>esi</strong></span> <span class='ocrx_word' id='word_1_35' title='bbox 344 676 408 740; x_wconf 93' lang='lat' dir='ltr'><strong>Vos</strong></span> <span class='ocrx_word' id='word_1_36' title='bbox 424 698 541 761; x_wconf 91' lang='lat' dir='ltr'><strong>quoque</strong></span> <span class='ocrx_word' id='word_1_37' title='bbox 556 680 615 743; x_wconf 88' lang='lat' dir='ltr'><strong>iste</strong></span> <span class='ocrx_word' id='word_1_38' title='bbox 630 681 733 744; x_wconf 90' lang='lat' dir='ltr'><strong>uerbis</strong></span> <span class='ocrx_word' id='word_1_39' title='bbox 748 681 928 744; x_wconf 81' lang='lat' dir='ltr'><strong>inlatuauitl</strong></span> <span class='ocrx_word' id='word_1_40' title='bbox 938 677 974 744; x_wconf 94' lang='lat' dir='ltr'><strong>ln</strong></span> <span class='ocrx_word' id='word_1_41' title='bbox 989 700 1130 765; x_wconf 88' lang='lat' dir='ltr'><strong>magnum</strong></span> <span class='ocrx_word' id='word_1_42' title='bbox 1146 683 1266 749; x_wconf 82' lang='lat' dir='ltr'><strong>mebor-</strong></span> 
     </span>
     <span class='ocr_line' id='line_1_6' title="bbox 137 779 1299 864; baseline 0.003 -17"><span class='ocrx_word' id='word_1_43' title='bbox 137 783 205 848; x_wconf 91' lang='lat' dir='ltr'><strong>cule</strong></span> <span class='ocrx_word' id='word_1_44' title='bbox 229 801 284 845; x_wconf 92' lang='lat' dir='ltr'><strong>uos</strong></span> <span class='ocrx_word' id='word_1_45' title='bbox 305 779 466 862; x_wconf 89' lang='lat' dir='ltr'><strong>periculum</strong></span> <span class='ocrx_word' id='word_1_46' title='bbox 489 781 616 864; x_wconf 83' lang='lat' dir='ltr'><strong>impulit.</strong></span> <span class='ocrx_word' id='word_1_47' title='bbox 649 779 800 847; x_wconf 77' lang='lat' dir='ltr'><strong>Misereor</strong></span> <span class='ocrx_word' id='word_1_48' title='bbox 822 782 941 845; x_wconf 85' lang='lat' dir='ltr'><strong>uestri&#39;.</strong></span> <span class='ocrx_word' id='word_1_49' title='bbox 975 781 1055 846; x_wconf 76' lang='lat' dir='ltr'><strong>Tum</strong></span> <span class='ocrx_word' id='word_1_50' title='bbox 1077 783 1164 848; x_wconf 89' lang='lat' dir='ltr'><strong>miles</strong></span> <span class='ocrx_word' id='word_1_51' title='bbox 1189 791 1265 850; x_wconf 87' lang='lat' dir='ltr'><strong>‘non</strong></span> <span class='ocrx_word' id='word_1_52' title='bbox 1283 798 1299 850; x_wconf 87' lang='lat' dir='ltr'><strong>t</strong></span> 
     </span>
    </p>

    <p class='ocr_par' dir='ltr' id='par_1_3' title="bbox 98 878 1320 1479">
     <span class='ocr_line' id='line_1_7' title="bbox 98 878 1266 968; baseline 0.003 -18"><span class='ocrx_word' id='word_1_53' title='bbox 98 884 222 962; x_wconf 76' lang='lat' dir='ltr'><strong>2sunr&#39;‚</strong></span> <span class='ocrx_word' id='word_1_54' title='bbox 243 882 357 966; x_wconf 90' lang='lat' dir='ltr'><strong>inquit,</strong></span> <span class='ocrx_word' id='word_1_55' title='bbox 380 882 469 959; x_wconf 84' lang='lat' dir='ltr'><strong>‘tiro‚</strong></span> <span class='ocrx_word' id='word_1_56' title='bbox 487 878 642 962; x_wconf 86' lang='lat' dir='ltr'><strong>Labiene,</strong></span> <span class='ocrx_word' id='word_1_57' title='bbox 664 885 718 947; x_wconf 91' lang='lat' dir='ltr'><strong>sed</strong></span> <span class='ocrx_word' id='word_1_58' title='bbox 733 884 769 947; x_wconf 93' lang='lat' dir='ltr'><strong>de</strong></span> <span class='ocrx_word' id='word_1_59' title='bbox 784 884 904 968; x_wconf 87' lang='lat' dir='ltr'><strong>legione</strong></span> <span class='ocrx_word' id='word_1_60' title='bbox 918 895 946 948; x_wconf 81' lang='grc' dir='ltr'>Χ</span> <span class='ocrx_word' id='word_1_61' title='bbox 960 885 1147 950; x_wconf 87' lang='lat' dir='ltr'><strong>ueteranus&#39;.</strong></span> <span class='ocrx_word' id='word_1_62' title='bbox 1186 886 1266 953; x_wconf 79' lang='lat' dir='ltr'><strong>&#39;l&#39;um</strong></span> 
     </span>
     <span class='ocr_line' id='line_1_8' title="bbox 138 983 1265 1070; baseline 0.002 -19"><span class='ocrx_word' id='word_1_63' title='bbox 138 984 293 1051; x_wconf 83' lang='lat' dir='ltr'><strong>Labienus</strong></span> <span class='ocrx_word' id='word_1_64' title='bbox 305 992 377 1047; x_wconf 86' lang='lat' dir='ltr'><strong>‘non</strong></span> <span class='ocrx_word' id='word_1_65' title='bbox 393 983 548 1068; x_wconf 84' lang='lat' dir='ltr'><strong>agnosco&#39;,</strong></span> <span class='ocrx_word' id='word_1_66' title='bbox 559 985 668 1070; x_wconf 86' lang='lat' dir='ltr'><strong>inquit,</strong></span> <span class='ocrx_word' id='word_1_67' title='bbox 681 986 779 1070; x_wconf 87' lang='lat' dir='ltr'><strong>‘signa</strong></span> <span class='ocrx_word' id='word_1_68' title='bbox 794 986 1047 1050; x_wconf 90' lang='lat' dir='ltr'><strong>decumanornm&#39;.</strong></span> <span class='ocrx_word' id='word_1_69' title='bbox 1068 985 1145 1051; x_wconf 78' lang='lat' dir='ltr'><strong>Tum</strong></span> <span class='ocrx_word' id='word_1_70' title='bbox 1157 988 1265 1054; x_wconf 80' lang='lat' dir='ltr'><strong>miles:</strong></span> 
     </span>
     <span class='ocr_line' id='line_1_9' title="bbox 142 1086 1268 1173; baseline 0.001 -20"><span class='ocrx_word' id='word_1_71' title='bbox 142 1089 213 1153; x_wconf 89' lang='lat' dir='ltr'><strong>‘iam</strong></span> <span class='ocrx_word' id='word_1_72' title='bbox 229 1108 288 1161; x_wconf 90' lang='lat' dir='ltr'><strong>me,</strong></span> <span class='ocrx_word' id='word_1_73' title='bbox 307 1086 442 1169; x_wconf 72' lang='lat' dir='ltr'><strong>quisine,</strong></span> <span class='ocrx_word' id='word_1_74' title='bbox 458 1086 643 1171; x_wconf 73' lang='lat' dir='ltr'><strong>intelleges&#39;p</strong></span> <span class='ocrx_word' id='word_1_75' title='bbox 665 1088 753 1152; x_wconf 89' lang='lat' dir='ltr'><strong>simul</strong></span> <span class='ocrx_word' id='word_1_76' title='bbox 768 1089 915 1153; x_wconf 79' lang='lat' dir='ltr'><strong>cassidem</strong></span> <span class='ocrx_word' id='word_1_77' title='bbox 931 1090 967 1154; x_wconf 92' lang='lat' dir='ltr'><strong>de</strong></span> <span class='ocrx_word' id='word_1_78' title='bbox 983 1089 1079 1173; x_wconf 89' lang='lat' dir='ltr'><strong>capite</strong></span> <span class='ocrx_word' id='word_1_79' title='bbox 1094 1090 1213 1168; x_wconf 89' lang='lat' dir='ltr'><strong>deiecit,</strong></span> <span class='ocrx_word' id='word_1_80' title='bbox 1231 1102 1268 1155; x_wconf 92' lang='lat' dir='ltr'><strong>ut</strong></span> 
     </span>
     <span class='ocr_line' id='line_1_10' title="bbox 138 1188 1266 1275; baseline 0.003 -20"><span class='ocrx_word' id='word_1_81' title='bbox 138 1189 283 1275; x_wconf 85' lang='lat' dir='ltr'><strong>cognosci</strong></span> <span class='ocrx_word' id='word_1_82' title='bbox 297 1188 334 1251; x_wconf 94' lang='lat' dir='ltr'><strong>ab</strong></span> <span class='ocrx_word' id='word_1_83' title='bbox 350 1209 387 1252; x_wconf 88' lang='lat' dir='ltr'><strong>eo</strong></span> <span class='ocrx_word' id='word_1_84' title='bbox 403 1198 522 1272; x_wconf 88' lang='lat' dir='ltr'><strong>posset,</strong></span> <span class='ocrx_word' id='word_1_85' title='bbox 548 1199 635 1272; x_wconf 90' lang='lat' dir='ltr'><strong>atque</strong></span> <span class='ocrx_word' id='word_1_86' title='bbox 650 1190 694 1254; x_wconf 88' lang='lat' dir='ltr'><strong>ita</strong></span> <span class='ocrx_word' id='word_1_87' title='bbox 708 1191 797 1275; x_wconf 92' lang='lat' dir='ltr'><strong>pilum</strong></span> <span class='ocrx_word' id='word_1_88' title='bbox 810 1190 926 1256; x_wconf 86' lang='lat' dir='ltr'><strong>uiribus</strong></span> <span class='ocrx_word' id='word_1_89' title='bbox 942 1201 1130 1266; x_wconf 85' lang='lat' dir='ltr'><strong>contortum,</strong></span> <span class='ocrx_word' id='word_1_90' title='bbox 1150 1193 1218 1256; x_wconf 91' lang='lat' dir='ltr'><strong>dum</strong></span> <span class='ocrx_word' id='word_1_91' title='bbox 1233 1194 1266 1258; x_wconf 90' lang='lat' dir='ltr'><strong>iu</strong></span> 
     </span>
     <span class='ocr_line' id='line_1_11' title="bbox 141 1290 1320 1378; baseline 0 -20"><span class='ocrx_word' id='word_1_92' title='bbox 141 1291 311 1358; x_wconf 85' lang='lat' dir='ltr'><strong>Labienum</strong></span> <span class='ocrx_word' id='word_1_93' title='bbox 326 1290 443 1354; x_wconf 91' lang='lat' dir='ltr'><strong>mittere</strong></span> <span class='ocrx_word' id='word_1_94' title='bbox 460 1292 632 1371; x_wconf 88' lang='lat' dir='ltr'><strong>contendit,</strong></span> <span class='ocrx_word' id='word_1_95' title='bbox 658 1293 726 1375; x_wconf 93' lang='lat' dir='ltr'><strong>equi</strong></span> <span class='ocrx_word' id='word_1_96' title='bbox 742 1295 877 1378; x_wconf 90' lang='lat' dir='ltr'><strong>grauiter</strong></span> <span class='ocrx_word' id='word_1_97' title='bbox 891 1295 1018 1358; x_wconf 89' lang='lat' dir='ltr'><strong>aduerso</strong></span> <span class='ocrx_word' id='word_1_98' title='bbox 1033 1294 1146 1378; x_wconf 91' lang='lat' dir='ltr'><strong>pectori</strong></span> <span class='ocrx_word' id='word_1_99' title='bbox 1160 1296 1270 1360; x_wconf 84' lang='lat' dir='ltr'><strong>adfixit</strong></span> <span class='ocrx_word' id='word_1_100' title='bbox 1292 1305 1320 1360; x_wconf 88' lang='lat' dir='ltr'><strong>tt</strong></span> 
     </span>
     <span class='ocr_line' id='line_1_12' title="bbox 139 1390 1265 1479; baseline 0.002 -20"><span class='ocrx_word' id='word_1_101' title='bbox 139 1406 172 1459; x_wconf 90' lang='lat' dir='ltr'><strong>ct</strong></span> <span class='ocrx_word' id='word_1_102' title='bbox 193 1395 254 1459; x_wconf 84' lang='lat' dir='ltr'><strong>ait:</strong></span> <span class='ocrx_word' id='word_1_103' title='bbox 282 1390 450 1471; x_wconf 84' lang='lat' dir='ltr'><strong>‘Labiene‚</strong></span> <span class='ocrx_word' id='word_1_104' title='bbox 475 1393 668 1458; x_wconf 87' lang='lat' dir='ltr'><strong>decumanum</strong></span> <span class='ocrx_word' id='word_1_105' title='bbox 685 1395 826 1472; x_wconf 89' lang='lat' dir='ltr'><strong>militem,</strong></span> <span class='ocrx_word' id='word_1_106' title='bbox 850 1395 900 1477; x_wconf 93' lang='lat' dir='ltr'><strong>qui</strong></span> <span class='ocrx_word' id='word_1_107' title='bbox 916 1406 946 1458; x_wconf 89' lang='lat' dir='ltr'><strong>te</strong></span> <span class='ocrx_word' id='word_1_108' title='bbox 960 1396 1051 1479; x_wconf 91' lang='lat' dir='ltr'><strong>petit,</strong></span> <span class='ocrx_word' id='word_1_109' title='bbox 1076 1395 1153 1460; x_wconf 89' lang='lat' dir='ltr'><strong>scito</strong></span> <span class='ocrx_word' id='word_1_110' title='bbox 1170 1396 1265 1461; x_wconf 87' lang='lat' dir='ltr'><strong>esse’.</strong></span> 
     </span>
    </p>

    <p class='ocr_par' dir='ltr' id='par_1_4' title="bbox 105 1493 1266 1683">
     <span class='ocr_line' id='line_1_13' title="bbox 105 1493 1265 1584; baseline 0.001 -23"><span class='ocrx_word' id='word_1_111' title='bbox 105 1493 284 1584; x_wconf 83' lang='lat' dir='ltr'><strong>30mnium</strong></span> <span class='ocrx_word' id='word_1_112' title='bbox 306 1505 405 1557; x_wconf 88' lang='lat' dir='ltr'><strong>tamen</strong></span> <span class='ocrx_word' id='word_1_113' title='bbox 427 1495 516 1558; x_wconf 90' lang='lat' dir='ltr'><strong>animi</strong></span> <span class='ocrx_word' id='word_1_114' title='bbox 541 1496 574 1559; x_wconf 94' lang='lat' dir='ltr'><strong>in</strong></span> <span class='ocrx_word' id='word_1_115' title='bbox 596 1507 745 1561; x_wconf 82' lang='lat' dir='ltr'><strong>terrorem</strong></span> <span class='ocrx_word' id='word_1_116' title='bbox 768 1499 896 1561; x_wconf 90' lang='lat' dir='ltr'><strong>coniecti</strong></span> <span class='ocrx_word' id='word_1_117' title='bbox 915 1507 946 1560; x_wconf 92' lang='lat' dir='ltr'><strong>et</strong></span> <span class='ocrx_word' id='word_1_118' title='bbox 967 1497 1098 1561; x_wconf 80' lang='lat' dir='ltr'><strong>maxime</strong></span> <span class='ocrx_word' id='word_1_119' title='bbox 1113 1497 1265 1562; x_wconf 81' lang='lat' dir='ltr'><strong>tironums</strong></span> 
     </span>
     <span class='ocr_line' id='line_1_14' title="bbox 141 1594 1266 1683; baseline 0.001 -22"><span class='ocrx_word' id='word_1_120' title='bbox 141 1596 373 1681; x_wconf 90' lang='lat' dir='ltr'><strong>circumspicere</strong></span> <span class='ocrx_word' id='word_1_121' title='bbox 396 1598 474 1660; x_wconf 88' lang='lat' dir='ltr'><strong>enim</strong></span> <span class='ocrx_word' id='word_1_122' title='bbox 491 1594 655 1661; x_wconf 86' lang='lat' dir='ltr'><strong>Caesarem</strong></span> <span class='ocrx_word' id='word_1_123' title='bbox 677 1621 774 1683; x_wconf 89' lang='lat' dir='ltr'><strong>neque</strong></span> <span class='ocrx_word' id='word_1_124' title='bbox 797 1599 919 1683; x_wconf 90' lang='lat' dir='ltr'><strong>amplius</strong></span> <span class='ocrx_word' id='word_1_125' title='bbox 942 1599 1042 1661; x_wconf 86' lang='lat' dir='ltr'><strong>lacere</strong></span> <span class='ocrx_word' id='word_1_126' title='bbox 1055 1598 1115 1660; x_wconf 92' lang='lat' dir='ltr'><strong>nisi</strong></span> <span class='ocrx_word' id='word_1_127' title='bbox 1130 1597 1266 1661; x_wconf 83' lang='lat' dir='ltr'><strong>bostium</strong></span> 
     </span>
    </p>

    <p class='ocr_par' dir='ltr' id='par_1_5' title="bbox 84 1694 1320 1887">
     <span class='ocr_line' id='line_1_15' title="bbox 84 1694 1265 1782; baseline 0 -20"><span class='ocrx_word' id='word_1_128' title='bbox 84 1699 127 1770; x_wconf 81' lang='grc'><strong>17</strong></span> <span class='ocrx_word' id='word_1_129' title='bbox 141 1700 238 1763; x_wconf 91' lang='lat' dir='ltr'><strong>iacula</strong></span> <span class='ocrx_word' id='word_1_130' title='bbox 253 1699 362 1762; x_wconf 89' lang='lat' dir='ltr'><strong>uitare.</strong></span> <span class='ocrx_word' id='word_1_131' title='bbox 387 1694 505 1763; x_wconf 83' lang='lat' dir='ltr'><strong>Caesar</strong></span> <span class='ocrx_word' id='word_1_132' title='bbox 518 1699 640 1764; x_wconf 90' lang='lat' dir='ltr'><strong>interim</strong></span> <span class='ocrx_word' id='word_1_133' title='bbox 656 1703 783 1767; x_wconf 91' lang='lat' dir='ltr'><strong>consilio</strong></span> <span class='ocrx_word' id='word_1_134' title='bbox 799 1701 925 1766; x_wconf 86' lang='lat' dir='ltr'><strong>bostium</strong></span> <span class='ocrx_word' id='word_1_135' title='bbox 940 1698 1059 1782; x_wconf 83' lang='lat' dir='ltr'><strong>cognito</strong></span> <span class='ocrx_word' id='word_1_136' title='bbox 1074 1697 1157 1762; x_wconf 89' lang='lat' dir='ltr'><strong>iubet</strong></span> <span class='ocrx_word' id='word_1_137' title='bbox 1166 1699 1265 1762; x_wconf 88' lang='lat' dir='ltr'><strong>aciem</strong></span> 
     </span>
     <span class='ocr_line' id='line_1_16' title="bbox 141 1800 1320 1887; baseline 0.001 -22"><span class='ocrx_word' id='word_1_138' title='bbox 141 1800 174 1865; x_wconf 90' lang='lat' dir='ltr'><strong>in</strong></span> <span class='ocrx_word' id='word_1_139' title='bbox 195 1801 408 1885; x_wconf 79' lang='lat' dir='ltr'><strong>longitudinem</strong></span> <span class='ocrx_word' id='word_1_140' title='bbox 432 1823 517 1884; x_wconf 84' lang='lat' dir='ltr'><strong>quarn</strong></span> <span class='ocrx_word' id='word_1_141' title='bbox 541 1804 702 1867; x_wconf 85' lang='lat' dir='ltr'><strong>maximam</strong></span> <span class='ocrx_word' id='word_1_142' title='bbox 726 1804 838 1887; x_wconf 86' lang='lat' dir='ltr'><strong>porrigi</strong></span> <span class='ocrx_word' id='word_1_143' title='bbox 854 1812 884 1867; x_wconf 91' lang='lat' dir='ltr'><strong>et</strong></span> <span class='ocrx_word' id='word_1_144' title='bbox 900 1801 1023 1867; x_wconf 82' lang='lat' dir='ltr'><strong>alternis</strong></span> <span class='ocrx_word' id='word_1_145' title='bbox 1038 1800 1196 1864; x_wconf 85' lang='lat' dir='ltr'><strong>conuersis</strong></span> <span class='ocrx_word' id='word_1_146' title='bbox 1212 1821 1265 1864; x_wconf 90' lang='lat' dir='ltr'><strong>co·</strong></span> <span class='ocrx_word' id='word_1_147' title='bbox 1290 1812 1320 1866; x_wconf 82' lang='lat' dir='ltr'><strong>ts</strong></span> 
     </span>
    </p>

    <p class='ocr_par' dir='ltr' id='par_1_6' title="bbox 104 1903 1268 2296">
     <span class='ocr_line' id='line_1_17' title="bbox 104 1903 1268 1990; baseline -0.003 -20"><span class='ocrx_word' id='word_1_148' title='bbox 104 1903 295 1981; x_wconf 76' lang='lat' dir='ltr'><strong>2bortibus,</strong></span> <span class='ocrx_word' id='word_1_149' title='bbox 320 1914 354 1967; x_wconf 92' lang='lat' dir='ltr'><strong>ut</strong></span> <span class='ocrx_word' id='word_1_150' title='bbox 376 1924 435 1967; x_wconf 91' lang='lat' dir='ltr'><strong>una</strong></span> <span class='ocrx_word' id='word_1_151' title='bbox 458 1914 544 1987; x_wconf 85' lang='lat' dir='ltr'><strong>post,</strong></span> <span class='ocrx_word' id='word_1_152' title='bbox 568 1905 662 1970; x_wconf 88' lang='lat' dir='ltr'><strong>altera</strong></span> <span class='ocrx_word' id='word_1_153' title='bbox 685 1916 755 1970; x_wconf 90' lang='lat' dir='ltr'><strong>ante</strong></span> <span class='ocrx_word' id='word_1_154' title='bbox 778 1907 864 1990; x_wconf 89' lang='lat' dir='ltr'><strong>signa</strong></span> <span class='ocrx_word' id='word_1_155' title='bbox 887 1905 1041 1983; x_wconf 86' lang='lat' dir='ltr'><strong>tenderet,</strong></span> <span class='ocrx_word' id='word_1_156' title='bbox 1064 1904 1108 1967; x_wconf 91' lang='lat' dir='ltr'><strong>ita</strong></span> <span class='ocrx_word' id='word_1_157' title='bbox 1122 1923 1268 1968; x_wconf 80' lang='lat' dir='ltr'><strong>somnam</strong></span> 
     </span>
     <span class='ocr_line' id='line_1_18' title="bbox 143 2006 1268 2090; baseline -0.001 -21"><span class='ocrx_word' id='word_1_158' title='bbox 143 2006 272 2069; x_wconf 91' lang='lat' dir='ltr'><strong>bostium</strong></span> <span class='ocrx_word' id='word_1_159' title='bbox 295 2007 403 2070; x_wconf 87' lang='lat' dir='ltr'><strong>dextro</strong></span> <span class='ocrx_word' id='word_1_160' title='bbox 427 2008 609 2090; x_wconf 89' lang='lat' dir='ltr'><strong>sinistroque</strong></span> <span class='ocrx_word' id='word_1_161' title='bbox 634 2030 727 2072; x_wconf 91' lang='lat' dir='ltr'><strong>cornu</strong></span> <span class='ocrx_word' id='word_1_162' title='bbox 742 2009 869 2072; x_wconf 90' lang='lat' dir='ltr'><strong>mediam</strong></span> <span class='ocrx_word' id='word_1_163' title='bbox 884 2008 989 2071; x_wconf 90' lang='lat' dir='ltr'><strong>diuidit</strong></span> <span class='ocrx_word' id='word_1_164' title='bbox 1002 2016 1033 2070; x_wconf 93' lang='lat' dir='ltr'><strong>et</strong></span> <span class='ocrx_word' id='word_1_165' title='bbox 1048 2027 1136 2070; x_wconf 86' lang='lat' dir='ltr'><strong>unam</strong></span> <span class='ocrx_word' id='word_1_166' title='bbox 1152 2016 1268 2090; x_wconf 89' lang='lat' dir='ltr'><strong>partem</strong></span> 
     </span>
     <span class='ocr_line' id='line_1_19' title="bbox 144 2106 1266 2194; baseline -0.001 -23"><span class='ocrx_word' id='word_1_167' title='bbox 144 2107 181 2171; x_wconf 91' lang='lat' dir='ltr'><strong>ab</strong></span> <span class='ocrx_word' id='word_1_168' title='bbox 196 2110 292 2173; x_wconf 86' lang='lat' dir='ltr'><strong>altera</strong></span> <span class='ocrx_word' id='word_1_169' title='bbox 308 2109 463 2174; x_wconf 83' lang='lat' dir='ltr'><strong>exclusam</strong></span> <span class='ocrx_word' id='word_1_170' title='bbox 479 2110 627 2194; x_wconf 87' lang='lat' dir='ltr'><strong>equitibus</strong></span> <span class='ocrx_word' id='word_1_171' title='bbox 641 2110 825 2174; x_wconf 91' lang='lat' dir='ltr'><strong>intrinsecus</strong></span> <span class='ocrx_word' id='word_1_172' title='bbox 841 2112 965 2174; x_wconf 83' lang='lat' dir='ltr'><strong>adortus</strong></span> <span class='ocrx_word' id='word_1_173' title='bbox 980 2131 1046 2174; x_wconf 91' lang='lat' dir='ltr'><strong>cum</strong></span> <span class='ocrx_word' id='word_1_174' title='bbox 1057 2108 1188 2193; x_wconf 83' lang='lat' dir='ltr'><strong>peditatu</strong></span> <span class='ocrx_word' id='word_1_175' title='bbox 1197 2106 1266 2170; x_wconf 89' lang='lat' dir='ltr'><strong>telis</strong></span> 
     </span>
     <span class='ocr_line' id='line_1_20' title="bbox 145 2207 1267 2296; baseline -0.004 -20"><span class='ocrx_word' id='word_1_176' title='bbox 145 2213 290 2277; x_wconf 89' lang='lat' dir='ltr'><strong>coniectis</strong></span> <span class='ocrx_word' id='word_1_177' title='bbox 305 2212 337 2276; x_wconf 95' lang='lat' dir='ltr'><strong>in</strong></span> <span class='ocrx_word' id='word_1_178' title='bbox 354 2214 453 2296; x_wconf 85' lang='lat' dir='ltr'><strong>lugam</strong></span> <span class='ocrx_word' id='word_1_179' title='bbox 468 2213 561 2276; x_wconf 86' lang='lat' dir='ltr'><strong>uertit</strong></span> <span class='ocrx_word' id='word_1_180' title='bbox 575 2234 670 2296; x_wconf 90' lang='lat' dir='ltr'><strong>neque</strong></span> <span class='ocrx_word' id='word_1_181' title='bbox 685 2212 804 2296; x_wconf 89' lang='lat' dir='ltr'><strong>longius</strong></span> <span class='ocrx_word' id='word_1_182' title='bbox 820 2233 1000 2296; x_wconf 85' lang='lat' dir='ltr'><strong>progressus</strong></span> <span class='ocrx_word' id='word_1_183' title='bbox 1016 2211 1130 2275; x_wconf 87' lang='lat' dir='ltr'><strong>ueritus</strong></span> <span class='ocrx_word' id='word_1_184' title='bbox 1141 2207 1267 2273; x_wconf 84' lang='lat' dir='ltr'><strong>insidias</strong></span> 
     </span>
    </p>
   </div>
   <div class='ocr_carea' id='block_1_3' title="bbox 84 2305 1318 2501">
    <p class='ocr_par' dir='ltr' id='par_1_7' title="bbox 84 2305 1318 2501">
     <span class='ocr_line' id='line_1_21' title="bbox 84 2305 1318 2400; baseline -0.006 -18"><span class='ocrx_word' id='word_1_185' title='bbox 84 2320 86 2325; x_wconf 82' lang='grc'><strong>’</strong></span> <span class='ocrx_word' id='word_1_186' title='bbox 142 2338 177 2382; x_wconf 87' lang='lat' dir='ltr'><strong>se</strong></span> <span class='ocrx_word' id='word_1_187' title='bbox 192 2318 230 2380; x_wconf 91' lang='lat' dir='ltr'><strong>ad</strong></span> <span class='ocrx_word' id='word_1_188' title='bbox 244 2337 315 2381; x_wconf 89' lang='lat' dir='ltr'><strong>suos</strong></span> <span class='ocrx_word' id='word_1_189' title='bbox 330 2317 448 2400; x_wconf 88' lang='lat' dir='ltr'><strong>recipit.</strong></span> <span class='ocrx_word' id='word_1_190' title='bbox 479 2311 561 2378; x_wconf 90' lang='lat' dir='ltr'><strong>ldcm</strong></span> <span class='ocrx_word' id='word_1_191' title='bbox 577 2315 672 2379; x_wconf 89' lang='lat' dir='ltr'><strong>altera</strong></span> <span class='ocrx_word' id='word_1_192' title='bbox 688 2336 757 2400; x_wconf 92' lang='lat' dir='ltr'><strong>pars</strong></span> <span class='ocrx_word' id='word_1_193' title='bbox 773 2316 902 2398; x_wconf 88' lang='lat' dir='ltr'><strong>equitum</strong></span> <span class='ocrx_word' id='word_1_194' title='bbox 919 2315 1107 2398; x_wconf 86' lang='lat' dir='ltr'><strong>peditumque</strong></span> <span class='ocrx_word' id='word_1_195' title='bbox 1122 2305 1266 2376; x_wconf 85' lang='lat' dir='ltr'><strong>Caesaris</strong></span> <span class='ocrx_word' id='word_1_196' title='bbox 1285 2319 1318 2374; x_wconf 76' lang='lat' dir='ltr'><strong>tt</strong></span> 
     </span>
     <span class='ocr_line' id='line_1_22' title="bbox 109 2414 1267 2501; baseline -0.006 -18"><span class='ocrx_word' id='word_1_197' title='bbox 109 2418 129 2482; x_wconf 85' lang='lat'><strong>3</strong></span> <span class='ocrx_word' id='word_1_198' title='bbox 144 2420 226 2483; x_wconf 81' lang='lat' dir='ltr'><strong>iacit.</strong></span> <span class='ocrx_word' id='word_1_199' title='bbox 259 2416 316 2480; x_wconf 90' lang='lat' dir='ltr'><strong>llis</strong></span> <span class='ocrx_word' id='word_1_200' title='bbox 337 2418 426 2480; x_wconf 91' lang='lat' dir='ltr'><strong>rebus</strong></span> <span class='ocrx_word' id='word_1_201' title='bbox 450 2417 543 2500; x_wconf 87' lang='lat' dir='ltr'><strong>gestis</strong></span> <span class='ocrx_word' id='word_1_202' title='bbox 566 2438 600 2480; x_wconf 88' lang='lat' dir='ltr'><strong>ac</strong></span> <span class='ocrx_word' id='word_1_203' title='bbox 616 2417 719 2501; x_wconf 92' lang='lat' dir='ltr'><strong>procul</strong></span> <span class='ocrx_word' id='word_1_204' title='bbox 735 2418 869 2481; x_wconf 84' lang='lat' dir='ltr'><strong>hostibus</strong></span> <span class='ocrx_word' id='word_1_205' title='bbox 884 2417 1014 2500; x_wconf 85' lang='lat' dir='ltr'><strong>repulsis</strong></span> <span class='ocrx_word' id='word_1_206' title='bbox 1029 2414 1267 2491; x_wconf 84' lang='lat' dir='ltr'><strong>conuulneratis·</strong></span> 
     </span>
    </p>
   </div>
   <div class='ocr_carea' id='block_1_4' title="bbox 87 2515 1322 3216">
    <p class='ocr_par' dir='ltr' id='par_1_8' title="bbox 87 2515 1322 3216">
     <span class='ocr_line' id='line_1_23' title="bbox 143 2515 1264 2601; baseline -0.004 -19"><span class='ocrx_word' id='word_1_207' title='bbox 143 2539 201 2600; x_wconf 92' lang='lat' dir='ltr'><strong>que</strong></span> <span class='ocrx_word' id='word_1_208' title='bbox 223 2520 261 2581; x_wconf 87' lang='lat' dir='ltr'><strong>ad</strong></span> <span class='ocrx_word' id='word_1_209' title='bbox 275 2539 330 2581; x_wconf 89' lang='lat' dir='ltr'><strong>sua</strong></span> <span class='ocrx_word' id='word_1_210' title='bbox 345 2518 493 2601; x_wconf 88' lang='lat' dir='ltr'><strong>praesidia</strong></span> <span class='ocrx_word' id='word_1_211' title='bbox 509 2539 597 2594; x_wconf 89' lang='lat' dir='ltr'><strong>sese,</strong></span> <span class='ocrx_word' id='word_1_212' title='bbox 622 2519 701 2583; x_wconf 89' lang='lat' dir='ltr'><strong>sicut</strong></span> <span class='ocrx_word' id='word_1_213' title='bbox 716 2532 782 2584; x_wconf 89' lang='lat' dir='ltr'><strong>erat</strong></span> <span class='ocrx_word' id='word_1_214' title='bbox 797 2521 980 2594; x_wconf 84' lang='lat' dir='ltr'><strong>instructus,</strong></span> <span class='ocrx_word' id='word_1_215' title='bbox 1004 2518 1143 2601; x_wconf 90' lang='lat' dir='ltr'><strong>recipere</strong></span> <span class='ocrx_word' id='word_1_216' title='bbox 1157 2515 1264 2598; x_wconf 86' lang='lat' dir='ltr'><strong>coepit.</strong></span> 
     </span>
     <span class='ocr_line' id='line_1_24' title="bbox 87 2616 1268 2703; baseline -0.003 -18"><span class='ocrx_word' id='word_1_217' title='bbox 87 2619 131 2692; x_wconf 86' lang='lat'><strong>18</strong></span> <span class='ocrx_word' id='word_1_218' title='bbox 146 2619 269 2684; x_wconf 88' lang='lat' dir='ltr'><strong>luterim</strong></span> <span class='ocrx_word' id='word_1_219' title='bbox 285 2617 331 2683; x_wconf 89' lang='grc' dir='ltr'><strong>Μ.</strong></span> <span class='ocrx_word' id='word_1_220' title='bbox 349 2616 488 2702; x_wconf 81' lang='lat' dir='ltr'><strong>Petreius</strong></span> <span class='ocrx_word' id='word_1_221' title='bbox 504 2630 534 2683; x_wconf 89' lang='lat' dir='ltr'><strong>et</strong></span> <span class='ocrx_word' id='word_1_222' title='bbox 550 2616 609 2683; x_wconf 87' lang='lat' dir='ltr'><strong>Cu.</strong></span> <span class='ocrx_word' id='word_1_223' title='bbox 627 2617 699 2683; x_wconf 91' lang='lat' dir='ltr'><strong>Piso</strong></span> <span class='ocrx_word' id='word_1_224' title='bbox 722 2643 788 2685; x_wconf 88' lang='lat' dir='ltr'><strong>cum</strong></span> <span class='ocrx_word' id='word_1_225' title='bbox 805 2621 952 2703; x_wconf 87' lang='lat' dir='ltr'><strong>equitibus</strong></span> <span class='ocrx_word' id='word_1_226' title='bbox 967 2618 1109 2684; x_wconf 87' lang='lat' dir='ltr'><strong>Numidis</strong></span> <span class='ocrx_word' id='word_1_227' title='bbox 1122 2628 1191 2683; x_wconf 83' lang='lat' dir='ltr'><strong>rano</strong></span> <span class='ocrx_word' id='word_1_228' title='bbox 1207 2618 1268 2682; x_wconf 88' lang='lat' dir='ltr'><strong>ele·</strong></span> 
     </span>
     <span class='ocr_line' id='line_1_25' title="bbox 145 2719 1271 2809; baseline -0.004 -22"><span class='ocrx_word' id='word_1_229' title='bbox 145 2723 201 2787; x_wconf 90' lang='lat' dir='ltr'><strong>etis</strong></span> <span class='ocrx_word' id='word_1_230' title='bbox 221 2721 410 2808; x_wconf 88' lang='lat' dir='ltr'><strong>peditatuque</strong></span> <span class='ocrx_word' id='word_1_231' title='bbox 426 2723 557 2787; x_wconf 90' lang='lat' dir='ltr'><strong>eiusdem</strong></span> <span class='ocrx_word' id='word_1_232' title='bbox 572 2725 694 2808; x_wconf 88' lang='lat' dir='ltr'><strong>generis</strong></span> <span class='ocrx_word' id='word_1_233' title='bbox 710 2724 786 2788; x_wconf 87' lang='lat' dir='ltr'><strong>satis</strong></span> <span class='ocrx_word' id='word_1_234' title='bbox 802 2725 909 2809; x_wconf 90' lang='lat' dir='ltr'><strong>grandi</strong></span> <span class='ocrx_word' id='word_1_235' title='bbox 924 2744 965 2788; x_wconf 83' lang='lat' dir='ltr'><strong>ex</strong></span> <span class='ocrx_word' id='word_1_236' title='bbox 979 2725 1088 2788; x_wconf 89' lang='lat' dir='ltr'><strong>itinere</strong></span> <span class='ocrx_word' id='word_1_237' title='bbox 1103 2732 1187 2786; x_wconf 89' lang='lat' dir='ltr'><strong>recta</strong></span> <span class='ocrx_word' id='word_1_238' title='bbox 1200 2719 1271 2784; x_wconf 90' lang='lat' dir='ltr'><strong>sub-</strong></span> 
     </span>
     <span class='ocr_line' id='line_1_26' title="bbox 108 2824 1322 2907; baseline -0.007 -14"><span class='ocrx_word' id='word_1_239' title='bbox 108 2826 221 2893; x_wconf 80' lang='lat' dir='ltr'><strong>2sidio</strong></span> <span class='ocrx_word' id='word_1_240' title='bbox 244 2824 308 2889; x_wconf 91' lang='lat' dir='ltr'><strong>suis</strong></span> <span class='ocrx_word' id='word_1_241' title='bbox 332 2836 504 2889; x_wconf 90' lang='lat' dir='ltr'><strong>occurrunt.</strong></span> <span class='ocrx_word' id='word_1_242' title='bbox 535 2824 635 2907; x_wconf 79' lang='lat' dir='ltr'><strong>Atque</strong></span> <span class='ocrx_word' id='word_1_243' title='bbox 660 2827 761 2889; x_wconf 90' lang='lat' dir='ltr'><strong>hostes</strong></span> <span class='ocrx_word' id='word_1_244' title='bbox 783 2827 846 2888; x_wconf 92' lang='lat' dir='ltr'><strong>suis</strong></span> <span class='ocrx_word' id='word_1_245' title='bbox 868 2848 908 2889; x_wconf 81' lang='lat' dir='ltr'><strong>cx</strong></span> <span class='ocrx_word' id='word_1_246' title='bbox 932 2838 1048 2890; x_wconf 91' lang='lat' dir='ltr'><strong>terrore</strong></span> <span class='ocrx_word' id='word_1_247' title='bbox 1062 2824 1188 2888; x_wconf 84' lang='lat' dir='ltr'><strong>firmatis</strong></span> <span class='ocrx_word' id='word_1_248' title='bbox 1203 2843 1269 2886; x_wconf 93' lang='lat' dir='ltr'><strong>rur·</strong></span> <span class='ocrx_word' id='word_1_249' title='bbox 1290 2828 1322 2886; x_wconf 72' lang='lat' dir='ltr'><strong>tt</strong></span> 
     </span>
     <span class='ocr_line' id='line_1_27' title="bbox 146 2924 1270 3012; baseline -0.005 -19"><span class='ocrx_word' id='word_1_250' title='bbox 146 2950 255 3012; x_wconf 88' lang='lat' dir='ltr'><strong>susque</strong></span> <span class='ocrx_word' id='word_1_251' title='bbox 270 2928 425 2993; x_wconf 80' lang='lat' dir='ltr'><strong>renouatio</strong></span> <span class='ocrx_word' id='word_1_252' title='bbox 441 2927 548 2991; x_wconf 89' lang='lat' dir='ltr'><strong>animis</strong></span> <span class='ocrx_word' id='word_1_253' title='bbox 564 2927 747 3011; x_wconf 87' lang='lat' dir='ltr'><strong>legionarios</strong></span> <span class='ocrx_word' id='word_1_254' title='bbox 761 2930 916 2992; x_wconf 87' lang='lat' dir='ltr'><strong>conuersis</strong></span> <span class='ocrx_word' id='word_1_255' title='bbox 931 2928 1075 3012; x_wconf 86' lang='lat' dir='ltr'><strong>equitibus</strong></span> <span class='ocrx_word' id='word_1_256' title='bbox 1086 2924 1270 3007; x_wconf 84' lang='lat' dir='ltr'><strong>recipientes</strong></span> 
     </span>
     <span class='ocr_line' id='line_1_28' title="bbox 144 3027 1270 3115; baseline -0.004 -23"><span class='ocrx_word' id='word_1_257' title='bbox 144 3031 325 3094; x_wconf 88' lang='lat' dir='ltr'><strong>nouissimos</strong></span> <span class='ocrx_word' id='word_1_258' title='bbox 349 3030 462 3094; x_wconf 89' lang='lat' dir='ltr'><strong>adoriri</strong></span> <span class='ocrx_word' id='word_1_259' title='bbox 485 3041 515 3092; x_wconf 91' lang='lat' dir='ltr'><strong>ct</strong></span> <span class='ocrx_word' id='word_1_260' title='bbox 529 3031 661 3114; x_wconf 86' lang='lat' dir='ltr'><strong>inpedire</strong></span> <span class='ocrx_word' id='word_1_261' title='bbox 677 3042 859 3115; x_wconf 86' lang='lat' dir='ltr'><strong>coeperunt,</strong></span> <span class='ocrx_word' id='word_1_262' title='bbox 884 3054 942 3113; x_wconf 92' lang='lat' dir='ltr'><strong>quo</strong></span> <span class='ocrx_word' id='word_1_263' title='bbox 957 3031 1054 3095; x_wconf 87' lang='lat' dir='ltr'><strong>miuus</strong></span> <span class='ocrx_word' id='word_1_264' title='bbox 1069 3027 1100 3090; x_wconf 86' lang='lat' dir='ltr'><strong>in</strong></span> <span class='ocrx_word' id='word_1_265' title='bbox 1114 3036 1219 3089; x_wconf 86' lang='lat' dir='ltr'><strong>castra</strong></span> <span class='ocrx_word' id='word_1_266' title='bbox 1235 3046 1270 3088; x_wconf 92' lang='lat' dir='ltr'><strong>se</strong></span> 
     </span>
     <span class='ocr_line' id='line_1_29' title="bbox 111 3128 1273 3216; baseline -0.006 -18"><span class='ocrx_word' id='word_1_267' title='bbox 111 3131 325 3214; x_wconf 75' lang='lat' dir='ltr'><strong>draeiperent.</strong></span> <span class='ocrx_word' id='word_1_268' title='bbox 357 3131 424 3196; x_wconf 82' lang='lat' dir='ltr'><strong>ldae</strong></span> <span class='ocrx_word' id='word_1_269' title='bbox 446 3153 480 3197; x_wconf 88' lang='lat' dir='ltr'><strong>re</strong></span> <span class='ocrx_word' id='word_1_270' title='bbox 499 3133 708 3198; x_wconf 88' lang='lat' dir='ltr'><strong>animaduersa</strong></span> <span class='ocrx_word' id='word_1_271' title='bbox 731 3130 847 3198; x_wconf 89' lang='lat' dir='ltr'><strong>Caesar</strong></span> <span class='ocrx_word' id='word_1_272' title='bbox 870 3135 954 3197; x_wconf 89' lang='lat' dir='ltr'><strong>iubet</strong></span> <span class='ocrx_word' id='word_1_273' title='bbox 973 3133 1059 3216; x_wconf 83' lang='lat' dir='ltr'><strong>signa</strong></span> <span class='ocrx_word' id='word_1_274' title='bbox 1081 3128 1220 3194; x_wconf 89' lang='lat' dir='ltr'><strong>conuerti</strong></span> <span class='ocrx_word' id='word_1_275' title='bbox 1241 3141 1273 3193; x_wconf 91' lang='lat' dir='ltr'><strong>ct</strong></span> 
     </span>
    </p>
   </div>
   <div class='ocr_carea' id='block_1_5' title="bbox 146 3338 1277 4344">
    <p class='ocr_par' dir='ltr' id='par_1_9' title="bbox 146 3338 1277 4344">
     <span class='ocr_line' id='line_1_30' title="bbox 253 3338 1159 3407; baseline -0.004 -16"><span class='ocrx_word' id='word_1_276' title='bbox 253 3338 270 3391; x_wconf 84' lang='lat'>2</span> <span class='ocrx_word' id='word_1_277' title='bbox 284 3353 463 3403; x_wconf 88' lang='lat' dir='ltr'><strong>nonnunquam</strong></span> <span class='ocrx_word' id='word_1_278' title='bbox 477 3340 490 3406; x_wconf 95' lang='lat'>(</span> <span class='ocrx_word' id='word_1_279' title='bbox 507 3343 527 3405; x_wconf 91' lang='lat'><strong>).</strong></span> <span class='ocrx_word' id='word_1_280' title='bbox 656 3342 671 3392; x_wconf 82' lang='lat'><strong>3</strong></span> <span class='ocrx_word' id='word_1_281' title='bbox 685 3341 800 3407; x_wconf 87' lang='lat' dir='ltr'><strong>apellare</strong></span> <span class='ocrx_word' id='word_1_282' title='bbox 814 3357 840 3390; x_wconf 85' lang='lat' dir='ltr'><strong>a.</strong></span> <span class='ocrx_word' id='word_1_283' title='bbox 962 3338 1024 3390; x_wconf 81' lang='lat' dir='ltr'><strong>ieris</strong></span> <span class='ocrx_word' id='word_1_284' title='bbox 1038 3338 1121 3389; x_wconf 90' lang='lat' dir='ltr'><strong>oculis</strong></span> <span class='ocrx_word' id='word_1_285' title='bbox 1135 3338 1159 3387; x_wconf 85' lang='lat' dir='ltr'><strong>lt.</strong></span> 
     </span>
     <span class='ocr_line' id='line_1_31' title="bbox 148 3412 1270 3471; baseline -0.008 0"><span class='ocrx_word' id='word_1_286' title='bbox 148 3417 350 3471; x_wconf 79' lang='lat' dir='ltr'><strong>lmcberculem</strong></span> <span class='ocrx_word' id='word_1_287' title='bbox 364 3432 379 3465; x_wconf 84' lang='lat' dir='ltr'><strong>a</strong></span> <span class='ocrx_word' id='word_1_288' title='bbox 395 3417 419 3466; x_wconf 87' lang='lat' dir='ltr'><strong>b.</strong></span> <span class='ocrx_word' id='word_1_289' title='bbox 538 3419 553 3471; x_wconf 85' lang='grc'><strong>7</strong></span> <span class='ocrx_word' id='word_1_290' title='bbox 567 3419 757 3471; x_wconf 85' lang='lat' dir='ltr'><strong>decimanorum</strong></span> <span class='ocrx_word' id='word_1_291' title='bbox 773 3420 797 3469; x_wconf 90' lang='lat' dir='ltr'><strong>b.</strong></span> <span class='ocrx_word' id='word_1_292' title='bbox 911 3425 964 3467; x_wconf 85' lang='lat' dir='ltr'><strong>turn</strong></span> <span class='ocrx_word' id='word_1_293' title='bbox 978 3417 1016 3467; x_wconf 86' lang='lat' dir='ltr'><strong>ait</strong></span> <span class='ocrx_word' id='word_1_294' title='bbox 1028 3416 1102 3467; x_wconf 88' lang='lat' dir='ltr'><strong>miles</strong></span> <span class='ocrx_word' id='word_1_295' title='bbox 1115 3431 1132 3465; x_wconf 83' lang='lat' dir='ltr'><strong>a</strong></span> <span class='ocrx_word' id='word_1_296' title='bbox 1147 3415 1221 3465; x_wconf 68' lang='lat' dir='ltr'><strong>‘mss</strong></span> <span class='ocrx_word' id='word_1_297' title='bbox 1236 3412 1270 3463; x_wconf 80' lang='lat' dir='ltr'><strong>l’.</strong></span> 
     </span>
     <span class='ocr_line' id='line_1_32' title="bbox 254 3492 1271 3565; baseline -0.005 -19"><span class='ocrx_word' id='word_1_298' title='bbox 254 3496 270 3546; x_wconf 88' lang='lat'><em>8</em></span> <span class='ocrx_word' id='word_1_299' title='bbox 284 3494 328 3559; x_wconf 91' lang='lat' dir='ltr'><strong>qui</strong></span> <span class='ocrx_word' id='word_1_300' title='bbox 343 3495 415 3544; x_wconf 70' lang='lat' dir='ltr'><strong>‘mss</strong></span> <span class='ocrx_word' id='word_1_301' title='bbox 430 3495 465 3560; x_wconf 80' lang='lat' dir='ltr'><strong>l&#39;,</strong></span> <span class='ocrx_word' id='word_1_302' title='bbox 479 3497 537 3562; x_wconf 89' lang='lat' dir='ltr'><strong>quis</strong></span> <span class='ocrx_word' id='word_1_303' title='bbox 551 3498 590 3563; x_wconf 83' lang='lat' dir='ltr'><strong>(a)</strong></span> <span class='ocrx_word' id='word_1_304' title='bbox 604 3500 713 3565; x_wconf 79' lang='lat' dir='ltr'><strong>reliqui.</strong></span> <span class='ocrx_word' id='word_1_305' title='bbox 859 3497 976 3560; x_wconf 83' lang='lat' dir='ltr'><strong>intellige</strong></span> <span class='ocrx_word' id='word_1_306' title='bbox 990 3498 1015 3548; x_wconf 90' lang='lat' dir='ltr'><strong>b.</strong></span> <span class='ocrx_word' id='word_1_307' title='bbox 1154 3493 1234 3544; x_wconf 85' lang='lat' dir='ltr'><strong>eiecit</strong></span> <span class='ocrx_word' id='word_1_308' title='bbox 1246 3492 1271 3541; x_wconf 85' lang='lat' dir='ltr'><strong>b.</strong></span> 
     </span>
     <span class='ocr_line' id='line_1_33' title="bbox 256 3571 1271 3634; baseline -0.004 -12"><span class='ocrx_word' id='word_1_309' title='bbox 256 3571 432 3623; x_wconf 83' lang='lat' dir='ltr'><strong>ldaddxita.</strong></span> <span class='ocrx_word' id='word_1_310' title='bbox 539 3576 611 3626; x_wconf 87' lang='lat' dir='ltr'><strong>llet</strong></span> <span class='ocrx_word' id='word_1_311' title='bbox 623 3577 725 3632; x_wconf 88' lang='lat' dir='ltr'><strong>aitom.</strong></span> <span class='ocrx_word' id='word_1_312' title='bbox 741 3592 765 3626; x_wconf 89' lang='lat' dir='ltr'><strong>c.</strong></span> <span class='ocrx_word' id='word_1_313' title='bbox 882 3574 1045 3624; x_wconf 88' lang='lat' dir='ltr'><strong>decimanum</strong></span> <span class='ocrx_word' id='word_1_314' title='bbox 1059 3574 1083 3634; x_wconf 85' lang='lat' dir='ltr'><strong>b,</strong></span> <span class='ocrx_word' id='word_1_315' title='bbox 1096 3572 1232 3623; x_wconf 84' lang='lat' dir='ltr'><strong>decumum</strong></span> <span class='ocrx_word' id='word_1_316' title='bbox 1244 3582 1271 3619; x_wconf 82' lang='lat' dir='ltr'><strong>a.</strong></span> 
     </span>
     <span class='ocr_line' id='line_1_34' title="bbox 255 3650 1273 3718; baseline -0.005 -16"><span class='ocrx_word' id='word_1_317' title='bbox 255 3651 286 3702; x_wconf 80' lang='lat' dir='ltr'><strong>lt</strong></span> <span class='ocrx_word' id='word_1_318' title='bbox 300 3651 462 3714; x_wconf 74' lang='lat' dir='ltr'><strong>longitudine</strong></span> <span class='ocrx_word' id='word_1_319' title='bbox 475 3668 550 3718; x_wconf 90' lang='lat' dir='ltr'><strong>quam</strong></span> <span class='ocrx_word' id='word_1_320' title='bbox 563 3654 703 3703; x_wconf 78' lang='lat' dir='ltr'><strong>maximae</strong></span> <span class='ocrx_word' id='word_1_321' title='bbox 718 3653 790 3703; x_wconf 71' lang='lat' dir='ltr'><strong>‘mss</strong></span> <span class='ocrx_word' id='word_1_322' title='bbox 806 3652 839 3704; x_wconf 70' lang='grc' dir='ltr'><strong>δ’.</strong></span> <span class='ocrx_word' id='word_1_323' title='bbox 977 3651 1008 3702; x_wconf 85' lang='lat' dir='ltr'><strong>lb</strong></span> <span class='ocrx_word' id='word_1_324' title='bbox 1022 3651 1106 3701; x_wconf 88' lang='lat' dir='ltr'><strong>altera</strong></span> <span class='ocrx_word' id='word_1_325' title='bbox 1120 3650 1273 3702; x_wconf 82' lang='lat' dir='ltr'><strong>Abloncur·</strong></span> 
     </span>
     <span class='ocr_line' id='line_1_35' title="bbox 148 3728 1163 3795; baseline -0.006 -12"><span class='ocrx_word' id='word_1_326' title='bbox 148 3737 212 3795; x_wconf 78' lang='lat' dir='ltr'><strong>tius,</strong></span> <span class='ocrx_word' id='word_1_327' title='bbox 228 3731 337 3782; x_wconf 86' lang='lat' dir='ltr'><strong>alterum</strong></span> <span class='ocrx_word' id='word_1_328' title='bbox 350 3729 428 3779; x_wconf 86' lang='lat' dir='ltr'><strong>codd.</strong></span> <span class='ocrx_word' id='word_1_329' title='bbox 443 3729 475 3779; x_wconf 85' lang='grc' dir='ltr'><strong>Ρ.</strong></span> <span class='ocrx_word' id='word_1_330' title='bbox 490 3729 550 3782; x_wconf 72' lang='lat' dir='ltr'><strong>tut.</strong></span> <span class='ocrx_word' id='word_1_331' title='bbox 677 3744 772 3779; x_wconf 86' lang='lat' dir='ltr'><strong>corona</strong></span> <span class='ocrx_word' id='word_1_332' title='bbox 785 3746 811 3779; x_wconf 85' lang='lat' dir='ltr'><strong>a.</strong></span> <span class='ocrx_word' id='word_1_333' title='bbox 941 3728 973 3781; x_wconf 85' lang='lat' dir='ltr'><strong>ta</strong></span> <span class='ocrx_word' id='word_1_334' title='bbox 986 3728 1122 3778; x_wconf 70' lang='lat' dir='ltr'><strong>adortatus</strong></span> <span class='ocrx_word' id='word_1_335' title='bbox 1135 3742 1163 3777; x_wconf 84' lang='lat' dir='ltr'><strong>a.</strong></span> 
     </span>
     <span class='ocr_line' id='line_1_36' title="bbox 149 3805 1161 3873; baseline -0.003 -14"><span class='ocrx_word' id='word_1_336' title='bbox 149 3807 180 3859; x_wconf 81' lang='lat' dir='ltr'><strong>ta</strong></span> <span class='ocrx_word' id='word_1_337' title='bbox 194 3809 325 3857; x_wconf 86' lang='lat' dir='ltr'><strong>conuertit</strong></span> <span class='ocrx_word' id='word_1_338' title='bbox 338 3808 363 3856; x_wconf 90' lang='lat' dir='ltr'><strong>b.</strong></span> <span class='ocrx_word' id='word_1_339' title='bbox 476 3805 509 3860; x_wconf 78' lang='lat'><strong>2⁰</strong></span> <span class='ocrx_word' id='word_1_340' title='bbox 522 3807 621 3872; x_wconf 87' lang='lat' dir='ltr'><strong>recepit</strong></span> <span class='ocrx_word' id='word_1_341' title='bbox 635 3808 658 3856; x_wconf 92' lang='lat' dir='ltr'><strong>b.</strong></span> <span class='ocrx_word' id='word_1_342' title='bbox 770 3805 851 3873; x_wconf 89' lang='lat' dir='ltr'><strong>idom]</strong></span> <span class='ocrx_word' id='word_1_343' title='bbox 866 3806 902 3856; x_wconf 88' lang='lat' dir='ltr'><strong>ita</strong></span> <span class='ocrx_word' id='word_1_344' title='bbox 917 3808 942 3856; x_wconf 93' lang='lat' dir='ltr'><strong>b.</strong></span> <span class='ocrx_word' id='word_1_345' title='bbox 1014 3807 1044 3861; x_wconf 79' lang='lat'><strong>21</strong></span> <span class='ocrx_word' id='word_1_346' title='bbox 1061 3807 1123 3857; x_wconf 85' lang='lat' dir='ltr'><strong>lecit</strong></span> <span class='ocrx_word' id='word_1_347' title='bbox 1137 3807 1161 3856; x_wconf 91' lang='lat' dir='ltr'><strong>b.</strong></span> 
     </span>
     <span class='ocr_line' id='line_1_37' title="bbox 147 3883 1273 3951; baseline -0.004 -12"><span class='ocrx_word' id='word_1_348' title='bbox 147 3884 181 3939; x_wconf 75' lang='lat'><strong>23</strong></span> <span class='ocrx_word' id='word_1_349' title='bbox 191 3883 251 3948; x_wconf 77' lang='lat' dir='ltr'><strong>Cn]</strong></span> <span class='ocrx_word' id='word_1_350' title='bbox 265 3884 299 3935; x_wconf 86' lang='lat' dir='ltr'><strong>ld.</strong></span> <span class='ocrx_word' id='word_1_351' title='bbox 314 3886 338 3934; x_wconf 85' lang='lat' dir='ltr'><strong>b.</strong></span> <span class='ocrx_word' id='word_1_352' title='bbox 444 3884 506 3949; x_wconf 81' lang='lat' dir='ltr'><strong>aroc]</strong></span> <span class='ocrx_word' id='word_1_353' title='bbox 521 3901 565 3935; x_wconf 86' lang='lat' dir='ltr'><strong>ecc</strong></span> <span class='ocrx_word' id='word_1_354' title='bbox 579 3901 595 3934; x_wconf 90' lang='lat' dir='ltr'><strong>a</strong></span> <span class='ocrx_word' id='word_1_355' title='bbox 610 3886 673 3935; x_wconf 83' lang='lat' dir='ltr'><strong>‘mci</strong></span> <span class='ocrx_word' id='word_1_356' title='bbox 683 3902 783 3951; x_wconf 84' lang='lat' dir='ltr'><strong>omnes,</strong></span> <span class='ocrx_word' id='word_1_357' title='bbox 799 3891 856 3936; x_wconf 79' lang='lat' dir='ltr'><strong>ruisi</strong></span> <span class='ocrx_word' id='word_1_358' title='bbox 867 3884 941 3950; x_wconf 86' lang='lat' dir='ltr'><strong>quod</strong></span> <span class='ocrx_word' id='word_1_359' title='bbox 953 3886 1080 3936; x_wconf 74' lang='lat' dir='ltr'><strong>contrella·</strong></span> <span class='ocrx_word' id='word_1_360' title='bbox 1088 3890 1198 3950; x_wconf 80' lang='lat' dir='ltr'><strong>portant</strong></span> <span class='ocrx_word' id='word_1_361' title='bbox 1208 3888 1273 3935; x_wconf 78' lang='lat' dir='ltr'><strong>ants</strong></span> 
     </span>
     <span class='ocr_line' id='line_1_38' title="bbox 148 3961 1272 4029; baseline -0.004 -13"><span class='ocrx_word' id='word_1_362' title='bbox 148 3961 287 4029; x_wconf 85' lang='lat' dir='ltr'><strong>equitibus&#39;</strong></span> <span class='ocrx_word' id='word_1_363' title='bbox 300 3962 386 4025; x_wconf 77' lang='lat' dir='ltr'><strong>(idfit</strong></span> <span class='ocrx_word' id='word_1_364' title='bbox 399 3967 426 4012; x_wconf 81' lang='lat' dir='ltr'><strong>in</strong></span> <span class='ocrx_word' id='word_1_365' title='bbox 440 3963 499 4013; x_wconf 84' lang='lat' dir='ltr'><strong>edd.</strong></span> <span class='ocrx_word' id='word_1_366' title='bbox 514 3968 577 4014; x_wconf 80' lang='lat' dir='ltr'><strong>anto</strong></span> <span class='ocrx_word' id='word_1_367' title='bbox 590 3963 675 4028; x_wconf 58' lang='grc' dir='ltr'>Αἶά),</span> <span class='ocrx_word' id='word_1_368' title='bbox 691 3979 744 4016; x_wconf 88' lang='lat' dir='ltr'><strong>om.</strong></span> <span class='ocrx_word' id='word_1_369' title='bbox 758 3982 787 4027; x_wconf 88' lang='lat' dir='ltr'><strong>c,·</strong></span> <span class='ocrx_word' id='word_1_370' title='bbox 802 3980 835 4015; x_wconf 84' lang='lat' dir='ltr'><strong>uc</strong></span> <span class='ocrx_word' id='word_1_371' title='bbox 848 3963 934 4014; x_wconf 82' lang='lat' dir='ltr'><strong>Aldus</strong></span> <span class='ocrx_word' id='word_1_372' title='bbox 947 3969 973 4014; x_wconf 87' lang='lat' dir='ltr'><strong>et</strong></span> <span class='ocrx_word' id='word_1_373' title='bbox 985 3979 1059 4028; x_wconf 84' lang='lat' dir='ltr'><strong>seqq.</strong></span> <span class='ocrx_word' id='word_1_374' title='bbox 1074 3962 1139 4013; x_wconf 70' lang='grc' dir='ltr'><strong>ΓΜ.</strong></span> <span class='ocrx_word' id='word_1_375' title='bbox 1153 3979 1175 4013; x_wconf 88' lang='lat' dir='ltr'><strong>c.</strong></span> <span class='ocrx_word' id='word_1_376' title='bbox 1193 3962 1236 4025; x_wconf 82' lang='lat' dir='ltr'><strong>ta,</strong></span> <span class='ocrx_word' id='word_1_377' title='bbox 1245 3961 1272 4013; x_wconf 76' lang='lat' dir='ltr'><strong>b.</strong></span> 
     </span>
     <span class='ocr_line' id='line_1_39' title="bbox 257 4040 1273 4109; baseline 0.001 -18"><span class='ocrx_word' id='word_1_378' title='bbox 257 4040 349 4091; x_wconf 87' lang='lat' dir='ltr'><strong>electis</strong></span> <span class='ocrx_word' id='word_1_379' title='bbox 362 4056 413 4092; x_wconf 90' lang='lat' dir='ltr'><strong>om.</strong></span> <span class='ocrx_word' id='word_1_380' title='bbox 431 4044 456 4093; x_wconf 89' lang='lat' dir='ltr'><strong>b.</strong></span> <span class='ocrx_word' id='word_1_381' title='bbox 578 4044 613 4098; x_wconf 72' lang='lat' dir='ltr'><strong>at</strong></span> <span class='ocrx_word' id='word_1_382' title='bbox 626 4044 741 4094; x_wconf 85' lang='lat' dir='ltr'><strong>eiusdem</strong></span> <span class='ocrx_word' id='word_1_383' title='bbox 754 4044 857 4109; x_wconf 79' lang='lat' dir='ltr'><strong>generis</strong></span> <span class='ocrx_word' id='word_1_384' title='bbox 870 4058 923 4094; x_wconf 86' lang='lat' dir='ltr'><strong>om.</strong></span> <span class='ocrx_word' id='word_1_385' title='bbox 940 4044 964 4092; x_wconf 92' lang='lat' dir='ltr'><strong>b.</strong></span> <span class='ocrx_word' id='word_1_386' title='bbox 1088 4049 1162 4093; x_wconf 88' lang='lat' dir='ltr'><strong>recta</strong></span> <span class='ocrx_word' id='word_1_387' title='bbox 1174 4041 1273 4106; x_wconf 80' lang='lat' dir='ltr'><strong>Aldus,</strong></span> 
     </span>
     <span class='ocr_line' id='line_1_40' title="bbox 150 4116 1277 4186; baseline -0.005 -12"><span class='ocrx_word' id='word_1_388' title='bbox 150 4127 221 4173; x_wconf 88' lang='lat' dir='ltr'><strong>recto</strong></span> <span class='ocrx_word' id='word_1_389' title='bbox 234 4135 251 4169; x_wconf 89' lang='grc' dir='ltr'><em>α</em></span> <span class='ocrx_word' id='word_1_390' title='bbox 265 4120 339 4168; x_wconf 78' lang='lat' dir='ltr'><strong>‘sn-ss.</strong></span> <span class='ocrx_word' id='word_1_391' title='bbox 355 4116 389 4168; x_wconf 81' lang='lat'><strong>5’.</strong></span> <span class='ocrx_word' id='word_1_392' title='bbox 505 4121 538 4174; x_wconf 77' lang='lat'><strong>25</strong></span> <span class='ocrx_word' id='word_1_393' title='bbox 553 4128 724 4171; x_wconf 87' lang='lat' dir='ltr'><strong>occurrerunt</strong></span> <span class='ocrx_word' id='word_1_394' title='bbox 737 4122 761 4170; x_wconf 90' lang='lat' dir='ltr'><strong>b.</strong></span> <span class='ocrx_word' id='word_1_395' title='bbox 875 4127 952 4186; x_wconf 88' lang='lat' dir='ltr'><strong>atque</strong></span> <span class='ocrx_word' id='word_1_396' title='bbox 966 4120 1054 4170; x_wconf 80' lang='lat' dir='ltr'><strong>bootes</strong></span> <span class='ocrx_word' id='word_1_397' title='bbox 1069 4122 1083 4170; x_wconf 87' lang='lat'><strong>5</strong></span> <span class='ocrx_word' id='word_1_398' title='bbox 1096 4118 1175 4183; x_wconf 74' lang='lat' dir='ltr'><strong>decc,</strong></span> <span class='ocrx_word' id='word_1_399' title='bbox 1191 4126 1221 4170; x_wconf 92' lang='lat' dir='ltr'><strong>at</strong></span> <span class='ocrx_word' id='word_1_400' title='bbox 1232 4135 1277 4169; x_wconf 87' lang='lat' dir='ltr'><strong>co·</strong></span> 
     </span>
     <span class='ocr_line' id='line_1_41' title="bbox 147 4197 1275 4267; baseline -0.005 -14"><span class='ocrx_word' id='word_1_401' title='bbox 147 4203 233 4253; x_wconf 79' lang='lat' dir='ltr'><strong>borres</strong></span> <span class='ocrx_word' id='word_1_402' title='bbox 247 4215 263 4249; x_wconf 85' lang='lat' dir='ltr'><strong>a</strong></span> <span class='ocrx_word' id='word_1_403' title='bbox 276 4199 300 4249; x_wconf 84' lang='lat' dir='ltr'><strong>b.</strong></span> <span class='ocrx_word' id='word_1_404' title='bbox 435 4197 468 4247; x_wconf 71' lang='grc'><strong>26</strong></span> <span class='ocrx_word' id='word_1_405' title='bbox 482 4200 637 4267; x_wconf 84' lang='lat' dir='ltr'><strong>recipientes</strong></span> <span class='ocrx_word' id='word_1_406' title='bbox 649 4216 666 4250; x_wconf 87' lang='lat' dir='ltr'><strong>a</strong></span> <span class='ocrx_word' id='word_1_407' title='bbox 681 4202 752 4250; x_wconf 74' lang='lat' dir='ltr'><strong>‘mss</strong></span> <span class='ocrx_word' id='word_1_408' title='bbox 763 4199 904 4266; x_wconf 80' lang='lat' dir='ltr'><strong>pleriquc’,</strong></span> <span class='ocrx_word' id='word_1_409' title='bbox 916 4214 945 4251; x_wconf 86' lang='lat' dir='ltr'><strong>se</strong></span> <span class='ocrx_word' id='word_1_410' title='bbox 959 4198 1116 4265; x_wconf 82' lang='lat' dir='ltr'><strong>recipientes</strong></span> <span class='ocrx_word' id='word_1_411' title='bbox 1128 4197 1160 4248; x_wconf 83' lang='lat' dir='ltr'><strong>P.</strong></span> <span class='ocrx_word' id='word_1_412' title='bbox 1174 4197 1275 4249; x_wconf 82' lang='lat' dir='ltr'><strong>Monu-</strong></span> 
     </span>
     <span class='ocr_line' id='line_1_42' title="bbox 146 4272 783 4344; baseline -0.009 -12"><span class='ocrx_word' id='word_1_413' title='bbox 146 4283 203 4332; x_wconf 78' lang='lat' dir='ltr'><strong>tr&#39;us</strong></span> <span class='ocrx_word' id='word_1_414' title='bbox 216 4294 244 4330; x_wconf 85' lang='lat' dir='ltr'><strong>rt.</strong></span> <span class='ocrx_word' id='word_1_415' title='bbox 349 4274 381 4330; x_wconf 79' lang='lat'><strong>27</strong></span> <span class='ocrx_word' id='word_1_416' title='bbox 395 4272 481 4325; x_wconf 84' lang='lat' dir='ltr'><strong>adorti</strong></span> <span class='ocrx_word' id='word_1_417' title='bbox 496 4275 520 4325; x_wconf 87' lang='lat' dir='ltr'><strong>b.</strong></span> <span class='ocrx_word' id='word_1_418' title='bbox 627 4276 744 4344; x_wconf 87' lang='lat' dir='ltr'><strong>inpedire</strong></span> <span class='ocrx_word' id='word_1_419' title='bbox 757 4291 783 4326; x_wconf 86' lang='lat' dir='ltr'><strong>a.</strong></span> 
     </span>
    </p>
   </div>
   <div class='ocr_carea' id='block_1_6' title="bbox 0 0 1350 4688">
    <p class='ocr_par' dir='ltr' id='par_1_10' title="bbox 0 0 1350 4688">
     <span class='ocr_line' id='line_1_43' title="bbox 0 0 1350 4688; baseline 0 2"><span class='ocrx_word' id='word_1_420' title='bbox 0 0 1350 4688; x_wconf 95' lang='lat' dir='ltr'><strong> </strong></span> 
     </span>
    </p>
   </div>
  </div>
 </body>
</html>
