2692 4688
62 240 128 310 6⁰8
490 225 548 293 DE
571 224 715 295 BELLO
739 223 872 294 ClVlLI

124 407 236 477 notorii
257 403 393 485 belloque
415 422 473 464 una
495 422 561 464 cum
577 401 649 485 ipsis
664 400 872 464 interfuissent
887 398 1116 482 sententiasque
1132 401 1169 464 de
1185 401 1250 465 sin·

122 512 202 599 gulis
219 510 346 583 terrent,
361 502 535 586 quiRomae
551 503 768 566 remansissent
782 503 889 585 quique
904 502 985 566 intra
1000 502 1149 586 praesidia
1160 499 1251 567 Pom·

89 614 173 699 dpei
190 612 316 674 luissent
331 624 427 688 neque
443 625 563 691 operam
581 605 611 668 in
627 625 661 669 re
677 604 796 667 militari
813 605 1053 687 praestitissent:
1076 625 1166 668 unam
1183 606 1249 671 lore

125 713 278 788 tabellam,
291 708 340 792 qui
358 707 526 771 liberandos
542 707 623 771 omni
638 706 769 791 periculo
785 718 963 785 conserente
979 706 1117 786 alteram,
1132 709 1182 791 qui
1200 730 1250 772 ea·

90 817 111 882 5
126 815 197 902 pitis
212 815 407 888 damnarent3
422 811 552 888 tertiam,
562 809 613 892 qui
628 809 752 893 pecunia
767 810 940 873 multarent.
965 807 1125 874 Postremo
1141 831 1247 876 omnes
1269 826 1285 876 t

125 929 179 983 aut
201 918 238 980 de
254 913 417 979 bonoribus
433 912 496 975 suis
512 922 566 975 aut
580 912 616 974 de
632 911 771 995 praemiis
787 912 930 995 pecuniae
945 921 999 976 aut
1014 912 1049 975 de
1065 932 1249 996 persequen-

126 1020 172 1084 dis
195 1016 359 1081 inimicitiis
380 1013 510 1098 agebant
532 1034 605 1087 neo,
627 1012 733 1095 quibus
755 1014 922 1078 rationibus
942 1034 1088 1098 superare
1111 1026 1246 1099 possent,

126 1121 191 1200 sed,
209 1117 451 1202 quemadmodum
468 1114 512 1179 uti
529 1114 655 1178 uictoria
670 1115 826 1193 deberent,
843 1117 1028 1200 cogitabant.

70 1223 119 1295 84
212 1220 260 1285 Re
283 1219 479 1284 frumentaria
501 1228 678 1302 praeparata
698 1218 939 1302 confirmatisque
961 1217 1103 1282 militibus
1126 1231 1156 1284 et
1170 1221 1248 1284 satis

125 1325 216 1408 longo
232 1323 329 1407 spatio
345 1320 487 1404 temporis
503 1317 748 1404 aDyrrbacbinis
765 1323 887 1406 proeliis
903 1321 1086 1395 intermisso,
1098 1343 1155 1404 quo
1171 1323 1247 1386 satis
1271 1332 1302 1386 tt

129 1436 316 1513 perspectum
333 1423 443 1487 babere
459 1422 581 1486 militnm
598 1424 726 1486 animum
743 1423 908 1502 uideretur,
920 1423 1119 1507 temptandum
1130 1419 1249 1489 Caesar

128 1526 334 1600 existimauit,
359 1526 496 1607 quidnam
511 1522 673 1608 Pompeius
693 1527 837 1610 propositi
859 1538 911 1591 aut
931 1525 1093 1590 uoluntatis
1109 1526 1144 1588 nd
1162 1526 1248 1590 dimi·

92 1629 253 1700 2candum
274 1625 409 1690 baberet.
445 1622 550 1708 ltaque
578 1647 619 1691 ex
642 1629 751 1692 castris
774 1628 942 1692 exereitum
964 1627 1068 1689 eduxit
1090 1627 1246 1709 aciemque

128 1729 287 1803 instruxit,
306 1728 400 1812 primo
415 1727 478 1791 suis
493 1727 569 1792 locis
580 1730 724 1814 pauloque
739 1751 754 1793 a
771 1730 878 1793 castris
890 1726 1011 1813 Pompei
1023 1727 1153 1812 longius,
1171 1748 1245 1791 con·

129 1831 293 1898 liuentibus
309 1851 382 1895 nero
399 1829 514 1904 diebus,
535 1840 568 1894 ut
583 1833 814 1915 progrederetur
829 1853 847 1895 a
863 1832 970 1896 eastris
985 1831 1046 1894 suis
1061 1829 1247 1912 collibusque
1272 1842 1304 1895 ts

128 1933 319 2019 Pompeianis
335 1933 429 1996 aciem
444 1932 607 1997 subiceret.
633 1931 785 2015 Quaeres
800 1936 831 1997 in
846 1935 911 1999 dies
923 1932 1170 1998 confirmatiorem
1182 1932 1248 1997 eius

94 2038 114 2102 3
130 2037 295 2102 exereitum
311 2034 469 2099 efficiebat.
495 2031 641 2119 Superius
656 2047 756 2101 tamen
772 2037 940 2101 institutum
952 2037 983 2099 in
996 2035 1156 2118 equitibus,
1170 2034 1248 2119 qnod

131 2137 420 2212 demonstrauimus,
443 2137 604 2217 seruabat,
628 2149 680 2218 ut,
704 2140 844 2223 quoniam
860 2159 984 2203 numero
999 2138 1100 2201 multis
1116 2136 1246 2222 partibus

131 2253 212 2308 esset
226 2240 361 2318 interior,
373 2240 580 2304 adulescentes
595 2252 685 2325 atque
701 2243 858 2327 expeditos
873 2262 913 2306 ex
928 2241 1133 2324 antesignanis
1144 2238 1246 2303 electis

132 2343 272 2430 [milites]
288 2343 324 2405 ad
340 2342 546 2425 pernicitatem
562 2344 654 2407 armis
669 2344 750 2407 inter
765 2345 880 2426 equites
896 2341 1038 2427 proeliari
1053 2341 1180 2420 iuberet,
1197 2339 1246 2424 qui
1267 2350 1301 2406 2⁰

131 2447 280 2509 cotidiana
301 2444 515 2508 consuetudine
537 2466 621 2508 usum
639 2467 755 2529 quoque
771 2447 834 2510 eius
849 2447 970 2528 generis
986 2445 1166 2529 proeliorum
1181 2464 1248 2527 per·

94 2547 115 2611 4
131 2548 275 2630 ciperent.
299 2543 356 2608 His
372 2557 438 2609 erat
452 2546 542 2610 rebus
558 2549 708 2626 ellectum,
724 2558 757 2610 ut
772 2548 902 2629 equitum
919 2547 999 2610 mille
1015 2546 1103 2610 etiam
1120 2545 1247 2630 apertio·

130 2649 213 2717 tibus
230 2647 304 2712 loeis
318 2656 365 2710 Vll
380 2648 492 2712 milium
508 2647 757 2734 Pompeianorum
773 2650 925 2734 inpetum,
944 2671 1010 2712 oum
1026 2649 1147 2710 adesset
1161 2667 1246 2724 usus,

131 2752 281 2817 sustinere
303 2752 449 2815 auderent
471 2771 567 2837 neque
582 2773 763 2835 magnopere
778 2773 880 2815 eornm
895 2750 1082 2814 multitudine
1098 2759 1250 2811 terreren-

95 2852 116 2919 5
132 2867 191 2920 tur.
215 2852 355 2937 Namque
371 2854 459 2918 etiam
476 2875 528 2938 per
543 2875 595 2917 eos
611 2853 673 2916 dies
688 2855 831 2938 proelium
847 2850 1008 2916 secundum
1024 2859 1163 2932 equestre
1179 2850 1252 2912 lecit
1273 2859 1308 2913 2⁸

131 2969 220 3040 atque
235 2978 327 3020 unum
342 2954 537 3040 Allobrogem
553 2978 594 3021 ex
608 2955 736 3033 duobus,
753 2976 826 3038 qnos
841 2954 1007 3037 perfugisse
1023 2953 1058 3015 ad
1074 2947 1247 3032 Pompeium
1336 3022 1342 3031 ἱ

74 3057 221 3143 85supra
238 3059 410 3136 docuimus,
427 3081 494 3124 cunr
510 3059 683 3143 quibusdam
698 3056 862 3123 interfecit.
893 3053 1065 3140 Pompeius,
1082 3051 1131 3136 qni
1146 3061 1250 3115 eastra

128 3161 162 3225 in
178 3161 255 3224 colle
270 3160 417 3239 babebat,
434 3163 472 3226 ad
487 3164 603 3226 infimas
618 3162 735 3226 radices
751 3161 861 3224 moritis
878 3159 971 3223 aciem
985 3154 1155 3223 instruebat
1170 3174 1249 3217 sem·

131 3282 195 3345 per,
213 3271 246 3325 ut
261 3261 436 3341 uidebatur,
454 3276 628 3348 expectans,
645 3264 674 3327 si
687 3263 799 3345 iniquis
815 3264 890 3327 locis
905 3257 1022 3325 Caesar
1037 3280 1070 3323 se
1085 3257 1246 3322 subiceret.

93 3363 115 3429 2
132 3360 248 3428 Caesar
268 3363 348 3426 nulla
366 3366 483 3431 ratione
499 3368 535 3431 ad
551 3387 677 3451 pugnam
694 3365 762 3429 elici
778 3387 867 3449 posse
881 3363 1055 3447 Pompeium
1071 3360 1249 3425 existimans
1272 3370 1308 3422 ao

235 3518 252 3571 2
265 3516 369 3585 Pompei
382 3535 409 3570 o.
532 3525 546 3574 5
561 3524 731 3590 dampnarent
743 3537 769 3572 a.
891 3520 905 3570 7
920 3518 1063 3570 inimicitiis
1076 3533 1123 3580 ne,
1138 3516 1249 3567 inimicis

130 3593 180 3658 (b).
296 3610 367 3647 nea.
491 3600 667 3665 deompnrnta
683 3599 708 3649 b.
816 3597 847 3648 to
861 3596 1002 3647 intermissi
1015 3611 1040 3644 α.
1150 3592 1177 3643 ll
1193 3607 1250 3658 per·

130 3673 226 3739 spectio
239 3678 302 3725 orate
315 3689 387 3726 corr.
401 3691 428 3726 a.
561 3678 672 3727 animum
685 3691 738 3726 om.
752 3690 769 3724 a
784 3675 856 3724 ‘mem
871 3673 906 3724 3’.
1042 3670 1141 3719 Caesar
1153 3685 1205 3718 om.
1221 3685 1247 3717 n.

239 3752 270 3802 ll
283 3754 364 3819 primo
377 3769 423 3816 ao,
439 3753 546 3819 primum
559 3770 586 3804 u.
691 3751 795 3818 Pompei
808 3767 834 3801 a.
943 3750 974 3802 lb
983 3746 1185 3799 confirmationis
1198 3761 1214 3794 a
1224 3747 1247 3795 b.

238 3831 270 3880 19
283 3831 466 3882 adulescentes
480 3849 506 3882 a.
612 3848 644 3882 es
657 3849 710 3883 om.
725 3832 750 3881 b.
857 3825 1100 3887 electissimo,
1115 3825 1248 3875 electore.

237 3907 271 3959 20
285 3907 403 3974 [milites]
419 3910 448 3959 P.
465 3911 523 3962 les.
664 3910 736 3960 iubet
748 3923 765 3958 n
779 3913 853 3957 ‘mss
869 3907 902 3958 l'.
1059 3906 1092 3957 22
1105 3903 1212 3952 effoetus
1225 3905 1249 3951 t.

239 3985 352 4047 equiturn
365 3987 405 4034 ab
418 3989 433 4038 l
446 3986 524 4048 dete,
540 3987 641 4052 equites
655 4003 682 4037 n.
788 3986 866 4035 etiam
881 3983 1054 4050 apertioribus
1068 3996 1095 4042 o,
1112 3981 1250 4047 apertiori-

120 4060 343 4127 ,secretaneus
448 4063 604 4116 tanaitica.
710 4065 823 4131 inpetum
837 4079 863 4113 n.
970 4063 1141 4114 tbuneuma.

130 4138 163 4192 27
177 4139 219 4202 (μή
233 4139 281 4199 ⁰1²,
296 4139 356 4202 quia
370 4155 397 4188 a.
519 4144 553 4194 28
566 4142 644 4209 colla]
658 4153 744 4196 monta
759 4145 783 4193 b.
906 4142 938 4196 29
952 4148 1108 4208 exspectans
1122 4157 1138 4191 a
1153 4140 1247 4199 ‘mes.',

131 4224 253 4284 spectans
267 4217 297 4268 P.
312 4217 455 4269 Mauritius
469 4235 485 4269 a
499 4220 569 4286 (exp.
583 4230 622 4287 a).
744 4223 777 4275 30
788 4221 888 4274 Caesar
900 4235 978 4270 orna
988 4221 1012 4269 b.
1148 4217 1208 4282 eligi
1222 4230 1249 4267 o.

238 4293 413 4362 Pompeiane.
