2684 4694
505 195 786 263 -9-

89 369 178 432 deros
194 365 225 430 in
240 364 368 432 Wacbl.
386 365 457 450 phil.
484 367 506 429 l.
531 388 579 446 c.‚
604 389 672 432 cnm
693 369 725 432 in
747 368 856 453 optimo
879 368 980 434 codice
996 367 1211 456 bongarsiano

88 471 183 553 primo
199 470 341 553 scriptum
357 468 398 531 sit
414 471 677 554 ‘comparentibus
685 471 707 550 '‚
729 472 761 534 in
776 471 897 553 reliquis
912 472 999 535 bouis
1015 484 1047 537 et
1062 472 1211 557 plerisque

88 572 289 637 deterioribus
314 573 598 654 ‘comparantibus'.
638 572 694 637 His
715 573 808 656 igitur
826 573 928 638 uerbis
944 573 969 638 si
986 576 1110 639 credere
1124 575 1209 655 licet,

88 674 474 739 omniacommentariornru
484 669 949 760 Caesarianorumsupplemeuta
962 676 999 740 ab
1016 698 1075 740 nno
1091 677 1212 740 eodem·

87 797 143 865 qne
160 777 278 841 bomine
294 778 404 859 scripta
419 787 499 839 sunt.
540 772 634 841 Cuius
649 799 759 841 nomen
774 777 801 841 si
817 777 1004 861 quaerimus,
1028 779 1211 844 incudinum

49 896 57 913 ⁹
88 880 204 963 quidem
221 875 475 943 caesarianorum
494 880 607 944 maiore
628 891 713 963 parte
729 879 934 944 oblitteratum
949 879 1209 964 deprehendimus.

86 980 166 1045 Nam
182 982 259 1065 quod
274 991 401 1044 octauus
416 983 650 1045 commentarius
664 981 791 1045 debello
806 979 924 1046 Gallico
938 982 969 1045 in
983 983 1065 1046 calce
1078 980 1213 1048 Parisini

87 1086 173 1169 primi
188 1095 220 1149 et
232 1080 485 1148 Vratislanieusis
506 1086 613 1167 primi,
637 1083 810 1166 quibuscum
826 1083 1011 1150 Vossiauum
1034 1084 1160 1168 primum
1180 1094 1212 1148 et

86 1185 316 1270 Egmondanum
338 1186 509 1250 consentire
530 1207 572 1250 ex
594 1190 772 1270 cognatione
796 1189 902 1251 borum
925 1187 1060 1251 codicum
1076 1195 1212 1250 statuen-

87 1291 156 1353 dum
171 1300 233 1368 cst,
256 1289 328 1352 item
342 1288 451 1351 bellum
468 1287 709 1352 Alexandrinum
725 1300 756 1352 et
771 1287 945 1353 Africanum
961 1290 992 1353 in
1007 1286 1147 1353 Parisino
1162 1308 1212 1352 se-

20 1393 33 1403 '
89 1391 202 1467 cundo,
227 1391 264 1454 de
286 1412 344 1473 quo
368 1390 432 1454 solo
449 1410 491 1454 ex
506 1376 658 1454 codicibus
674 1390 731 1454 fide
747 1392 844 1474 dignis
859 1392 890 1454 in
907 1393 961 1456 bac
977 1401 1060 1477 parte
1077 1401 1208 1469 constat,

88 1491 166 1557 Gaio
182 1489 310 1557 Caesari
325 1491 517 1570 tribuuntur,
539 1493 664 1555 eandem
688 1493 749 1556 uim
771 1494 861 1557 babet
882 1504 971 1577 atque
987 1494 1013 1557 si
1029 1492 1102 1558 nibil
1116 1493 1148 1556 iu
1164 1493 1212 1557 bis

89 1597 239 1660 codicibus
255 1597 290 1659 de
306 1595 438 1658 auctoris
454 1595 576 1658 nomine
590 1597 779 1673 traderetur,
804 1596 834 1658 id
858 1598 934 1679 quod
956 1595 1086 1659 debello
1102 1594 1214 1679 Hispa·

89 1699 186 1762 nicusi
207 1698 237 1761 in
257 1696 398 1761 Parisino
420 1697 551 1760 secundo
580 1708 612 1761 et
635 1699 864 1764 Vindoboneusi
894 1699 989 1782 primo
1017 1699 1210 1762 factumest.

87 1800 167 1865 Nam
189 1811 242 1864 aut
263 1801 416 1865 inuentum
440 1800 471 1862 in
494 1802 660 1883 exemplari
682 1822 792 1865 nomeu
812 1810 957 1864 mutatum
979 1800 1145 1863 alibrariis
1161 1811 1213 1864 aut

88 1903 169 1968 nullo
184 1903 308 1966 inuento
323 1902 372 1977 id,
389 1903 466 1984 quod
482 1903 519 1965 iis
535 1902 690 1987 placebat,
709 1905 836 1987 positum
853 1924 921 1968 esse
936 1916 1065 1987 apparet.
1095 1900 1212 1967 Verum

88 2006 121 2068 in
136 2002 276 2068 Parisino
299 2005 430 2066 secundo
451 2012 576 2067 ocuuus
598 2005 674 2068 liber
695 2006 731 2069 de
753 2005 831 2069 bello
847 2003 964 2070 Gallico
985 2005 1071 2069 initio
1094 2005 1212 2087 quidem

90 2107 223 2189 ineptum
241 2126 348 2168 nomeu
373 2103 432 2167 ‘A.
457 2103 549 2167 Hirtii
571 2104 707 2172 Pausae’
723 2108 898 2192 inscriptum
915 2106 1022 2182 babet,
1039 2106 1116 2188 qnod
1131 2106 1211 2169 idem

89 2209 157 2273 bdic
172 2208 251 2272 libro
266 2206 496 2291 Oudendorpius
517 2209 727 2296 nescioquam
748 2220 832 2273 recte
853 2210 884 2272 in
908 2207 1123 2271 uetustioribus
1144 2208 1211 2294 qui·

88 2311 211 2375 busdam
227 2310 379 2375 codicibus
394 2311 555 2393 ascriptum
573 2332 640 2376 esse
655 2314 767 2390 relert,
790 2312 888 2376 sedin
905 2312 964 2375 line
980 2312 1045 2375 eius
1061 2329 1212 2373 commen-

90 2415 157 2477 tarii
174 2414 205 2477 in
221 2413 271 2478 illo
287 2414 388 2477 codice
402 2413 444 2476 A.
463 2411 553 2486 Hirtii
569 2436 676 2478 nomen
694 2414 814 2499 legitur,
840 2415 993 2496 eidemque
1009 2412 1120 2477 bomini
1135 2412 1161 2477 is
1176 2412 1213 2477 li-

89 2516 146 2579 ber
165 2515 198 2578 in
212 2513 422 2599 bongarsianu
445 2516 541 2600 primo
562 2528 593 2581 et
614 2513 810 2599 Scaligerano
831 2517 982 2580 tribuitur.
1021 2513 1088 2579 Hoc
1110 2526 1210 2579 autem

90 2619 293 2682 testimonium
316 2619 449 2682 codicum
465 2620 603 2682 diuersae
619 2619 766 2702 originis,
783 2630 816 2681 ut
831 2619 909 2683 inira
925 2620 1111 2696 uidebimus,
1136 2617 1213 2701 opti·

90 2742 204 2784 morum
220 2722 414 2784 confirmatur
434 2742 450 2785 a
467 2718 633 2799 Suetonio,
657 2721 705 2804 qui
729 2721 783 2784 uit.
803 2718 895 2785 Caes.
920 2744 947 2784 c.
965 2720 1007 2784 56
1022 2720 1152 2785 Hirtium
1176 2720 1213 2784 dc

92 2819 234 2887 Caesaris
251 2824 472 2887 commentariis
488 2824 661 2907 praedicare
676 2823 730 2900 ait,
748 2823 870 2906 quaein
886 2824 973 2908 epist.
991 2825 1027 2887 ad
1044 2820 1129 2885 Balb.
1145 2821 1176 2904 ᾗ.
1192 2820 1214 2885 5

92 2926 203 3008 scripta
224 2938 305 2991 sunt.
351 2924 456 3009 Itaque
479 2947 545 2989 cum
568 2936 694 2988 ocuuus
717 2926 795 2988 liber
816 2928 853 2990 de
873 2925 903 2989 b.
929 2923 1009 2988 Gall.
1027 2923 1120 2988 Hirtii
1145 2941 1214 2986 esse

93 3028 309 3093 existimandus
331 3030 388 3107 sit,
412 3029 438 3091 si
462 3028 489 3091 is
510 3047 584 3092 uere
606 3027 642 3090 de
665 3048 699 3092 se
721 3048 776 3106 ea,
800 3050 876 3114 quae
898 3048 986 3111 supra
1008 3048 1049 3091 ex
1069 3027 1157 3109 epist.
1174 3025 1213 3089 ad

91 3126 180 3194 Balb.
193 3132 292 3214 posui,
309 3131 423 3208 retulit,
440 3131 531 3193 etiam
543 3129 723 3213 reliquorum
736 3129 824 3194 trium
836 3130 1116 3194 commentariorum
1133 3127 1212 3192 idem

91 3243 196 3296 auctor
210 3233 306 3296 uideri
323 3233 451 3296 debebit.
484 3231 531 3296 Dc
555 3253 613 3316 qua
634 3244 732 3296 umen
754 3254 789 3297 re
810 3233 868 3298 iam
883 3232 1013 3317 antiquis
1029 3230 1214 3316 temporibus

92 3335 306 3398 dubitationem
330 3334 442 3398 illatam
467 3356 538 3400 esse
559 3337 681 3400 scimus.
727 3335 809 3400 Idem
833 3338 911 3400 enim
935 3333 1100 3400 Suetonius
1124 3333 1213 3418 paulo

93 3448 161 3500 anto
176 3439 213 3500 de
229 3433 373 3502 Caesaris
395 3440 617 3503 commentariis
638 3439 713 3503 baec
728 3439 849 3502 scribit:
884 3438 1039 3521 ‘Reliquit
1061 3447 1092 3500 et
1110 3455 1213 3499 rerum

92 3559 212 3602 suarum
234 3541 463 3604 commentarios
487 3538 594 3605 Gallici
622 3543 779 3625 ciuilisque
809 3541 878 3605 belli
901 3539 1086 3624 Pompeiani.
1132 3537 1214 3602 Nam

92 3641 295 3705 Alexandrini
315 3640 469 3726 Africique
499 3655 530 3707 et
551 3642 762 3729 Hispaniensis
791 3644 925 3709 incertus
947 3653 1139 3707 auctorest:
1164 3639 1214 3705 alii

94 3739 220 3826 Oppium
236 3753 361 3826 putant,
384 3744 433 3809 alii
449 3745 598 3824 Hirtium,
623 3748 673 3830 qni
696 3748 784 3812 etiam
801 3745 911 3811 Gallici
932 3746 1003 3809 betti
1018 3744 1214 3809 nouissimum

93 3846 359 3928 imperfectumque
374 3847 481 3912 librum
497 3850 711 3934 suppleuerit'.
744 3849 828 3913 Haec
851 3849 944 3913 uerba
967 3868 1041 3911 caue
1063 3848 1106 3909 ita
1120 3847 1215 3909 iuter·

93 3948 233 4031 preteris,
252 3960 285 4012 ut
299 3950 493 4015 coniunctiuo
510 3952 715 4039 ‘suppleuerit’
731 3952 895 4037 significari
910 3961 997 4033 putes
1011 3950 1100 4014 etiam
1113 3948 1214 4013 octaui

92 4050 162 4113 libri
185 4051 271 4114 deb.
296 4049 378 4116 Gall.
402 4054 548 4118 incertum
578 4066 731 4119 auctorem
753 4053 898 4121 Suetonio
921 4055 1018 4116 uisum
1042 4074 1121 4117 esse.
1168 4048 1215 4114 lta

94 4153 172 4216 enim
187 4154 288 4239 inepte
303 4157 390 4239 paulo
406 4166 475 4240 post
493 4157 587 4220 uerba
603 4180 643 4221 ex
657 4159 744 4243 epist.
770 4162 807 4224 ad
822 4159 910 4224 Balb.
928 4156 1020 4221 Hirtii
1045 4176 1112 4218 esse
1134 4155 1214 4217 dice-

93 4265 159 4320 ret:
182 4269 213 4322 et
227 4259 301 4324 siin
315 4259 367 4325 illa
380 4260 531 4326 sententia
547 4260 664 4345 luisset,
681 4273 820 4328 octauum
838 4261 947 4328 librum
962 4257 1151 4324 adiunxisset
1165 4274 1215 4320 re·
