2692 4688
481 152 804 220 ...200-

81 330 167 414 plane
184 341 264 394 esset
279 329 431 406 subiecta,
456 349 516 393 non
541 336 659 412 poterat
680 326 717 390 ael
741 334 842 411 partes
858 317 958 387 Cassii
972 322 1113 407 pertineto
1130 322 1202 389 elici.

80 429 178 497 Recte
199 430 332 496 lurinius
354 431 524 496 emendauit
554 430 767 513 ‘adiungitque
789 428 816 490 ci
837 424 965 510 legioni,
990 447 1077 510 quam
1100 446 1205 490 seeum

81 535 260 612 adduxerat,
278 535 444 619 complures
460 533 599 597 cobortes
618 531 793 595 auxiliarios
810 528 1035 613 Hispanornm'.

166 633 204 700 C.
222 634 276 716 63,
294 635 313 701 5
329 639 423 700 edunt
443 634 534 700 ‘Non
551 645 663 697 tantum
687 633 811 697 indutiis
827 633 931 707 laetis,
956 631 1007 693 sed
1030 649 1124 712 prope
1145 628 1210 695 iam.

82 739 244 804 constituta
268 761 358 826 opera
379 760 444 802 oum
471 736 704 822 complanarcut'
728 747 799 800 cett.
835 733 948 799 Verum
965 744 996 796 et
1011 733 1209 799 uehementes·

82 840 261 904 inconcinna
277 851 324 906 est
339 843 412 907 baec
428 841 574 904 orationis
591 842 698 915 forma,
716 859 815 921 neque
831 836 945 921 ‘prope'
961 835 1028 919 quid
1044 834 1102 899 sibi
1117 835 1204 915 nolit,

81 942 276 1027 intellegitur,
294 966 389 1026 neque
405 943 568 1006 constituta
583 962 675 1025 opera
689 953 773 1004 recte
788 940 936 1003 dicuntur.
959 936 1212 1022 ltaquesuppleto·

81 1046 225 1109 uocabulo
241 1047 285 1110 sie
300 1046 490 1110 scribendum
506 1043 621 1107 iudico:
649 1039 740 1106 ‘Non
755 1053 869 1105 tuntum
885 1040 1007 1103 indutiis
1024 1040 1128 1113 lactis,
1150 1039 1209 1105 setl

82 1168 172 1230 prope
192 1148 250 1212 iam
262 1170 347 1235 poce
369 1148 531 1212 constituta
555 1165 644 1230 opera
667 1166 732 1208 cum
750 1141 997 1227 complanarent‘.
1030 1140 1208 1211 Desiderari

82 1248 191 1331 aliquid
207 1249 264 1313 iam
283 1249 412 1315 lucinius
427 1258 586 1326 senserat,
615 1246 668 1311 sed
683 1245 781 1310 minos
795 1244 990 1329 probabiliter
1013 1247 1209 1313 ‘constitutis

81 1351 228 1415 omnibus'
244 1353 385 1416 coniecit.

169 1449 207 1515 C.
232 1450 294 1528 66,
318 1451 339 1515 6
363 1455 408 1518 sie
423 1455 539 1517 editur:
567 1452 724 1516 ‘Fratrem
748 1461 847 1514 autem
871 1448 1092 1514 Ariobarzanis
1113 1451 1209 1517 Aria·

82 1555 201 1631 rathen,
220 1575 284 1617 eum
297 1554 373 1619 bene
386 1556 509 1619 meritus
523 1566 646 1638 uterque
662 1575 764 1617 eorum
780 1553 815 1614 de
832 1551 984 1635 republica
992 1563 1086 1631 esset,
1104 1574 1142 1617 ue
1153 1565 1212 1621 ut

83 1657 168 1740 regni
192 1658 343 1722 hereditas
365 1657 548 1721 Ariarathen
571 1658 759 1732 sollicitaret,
777 1664 828 1716 aot
843 1654 929 1716 beros
951 1655 1037 1736 regni
1061 1665 1207 1737 memrot,

82 1757 281 1824 Ariobarzani
298 1759 446 1840 attribuit,
470 1761 518 1844 qni
535 1759 588 1822 snb
605 1759 670 1822 eius
686 1756 810 1843 imperio
826 1777 862 1817 ac
878 1753 994 1817 dicione
1009 1757 1112 1820 esset'.
1144 1752 1210 1825 Sed

84 1880 179 1943 noque
195 1861 268 1925 baec
284 1863 324 1925 ita
341 1873 426 1947 gesta
442 1873 532 1940 sunt,
560 1883 657 1945 neque
680 1861 768 1925 lucres
790 1863 874 1945 regni
891 1873 1007 1924 terrere
1023 1858 1209 1925 Ariarathen

84 1964 190 2046 potuit,
208 1965 256 2048 qui
273 1964 338 2048 ipse
351 1976 418 2029 erat
431 1965 482 2028 ille
498 1965 597 2029 heres.
623 1961 656 2027 Si
673 1965 738 2048 quis
754 1975 851 2028 autem
868 1962 1003 2044 intellegi
1020 1982 1109 2045 posse
1125 1973 1210 2046 putat

84 2064 221 2129 heredem
237 2067 322 2150 regni
339 2068 487 2132 terruisse
503 2067 744 2146 Ariobarzanen,
762 2067 818 2129 boe
833 2066 920 2130 aliter
935 2064 1000 2128 lieri
1015 2085 1075 2127 non
1091 2075 1207 2148 potest,

85 2166 143 2232 nisi
166 2169 315 2233 scribatur
339 2181 409 2233 ‘aot
429 2171 491 2255 ipse
513 2169 602 2232 lueres
624 2169 710 2252 regni
731 2169 880 2233 terreret'.
910 2166 1003 2250 Atqui
1020 2166 1051 2229 in
1068 2166 1210 2231 omnibu

83 2271 169 2334 codd.
188 2282 307 2354 praeter
328 2272 401 2335 duos
422 2272 588 2336 deteriores
611 2273 720 2357 legitur
743 2271 845 2333 ‘fratri
867 2281 966 2333 autem
987 2268 1211 2335 Ariobarzanis

83 2373 259 2437 Ariaratbi'.
291 2372 396 2456 Itaque
421 2376 513 2438 lorma
538 2374 701 2452 orationis,
726 2394 801 2457 quae
817 2374 943 2450 luisset,
966 2369 1098 2435 lorinius
1118 2372 1209 2449 uitlit,

83 2477 131 2557 qui
148 2476 220 2537 bace
235 2475 277 2537 ita
294 2475 511 2541 constituebat:
538 2475 659 2540 ‘Fratri
680 2488 778 2540 autem
802 2474 1021 2541 Ariobarzanis
1037 2474 1208 2557 Ariaratbi,

85 2598 150 2639 eom
160 2575 660 2664 benemeritosuterqoecorumde
670 2577 820 2662 republica
829 2587 927 2655 esset,
945 2599 983 2640 ne
999 2577 1143 2663 antregni
1154 2577 1210 2643 be-

83 2677 1208 2763 reditasAriarathensollicitaret,antherosregniterreretAriobarzauoo,

82 2781 267 2845 Armeniam
276 2781 577 2859 nrinoromattribuit,
588 2781 794 2865 quiaesubeius
803 2782 970 2866 imperioac
979 2782 1209 2847 dicioneesset'.

81 2882 182 2967 Atque
191 2877 257 2947 Cic.
274 2881 352 2947 Pbil.
370 2880 411 2957 ll,
428 2881 481 2961 37,
499 2883 541 2947 llA
557 2883 638 2946 etde
654 2885 715 2946 diu.
733 2881 759 2956 l,
779 2881 830 2961 15,
848 2883 889 2946 27
906 2895 937 2947 et
959 2881 1001 2961 ll,
1019 2882 1071 2962 37,
1090 2882 1132 2947 79
1149 2883 1213 2949 Ar·

83 2985 209 3047 meniam
226 2987 370 3050 minorem
386 2985 532 3051 Deiotaro
548 2987 711 3070 ademptam
729 2986 844 3049 scribit.
870 2983 930 3049 Sed
948 2986 1116 3050 accuratius
1130 2982 1212 3053 Cas-

83 3087 147 3150 sios
162 3084 221 3150 Dio
237 3086 326 3167 XLI,
351 3088 393 3153 63
409 3099 439 3154 et
453 3085 559 3164 XLII,
583 3087 626 3152 48
641 3099 754 3171 partem
773 3099 884 3150 tantum
902 3087 1065 3151 Armeniae
1081 3087 1211 3153 minon's

83 3191 211 3254 ablatam
235 3212 303 3254 esse
319 3190 464 3255 Deiotaro
486 3194 580 3255 relcrt
602 3211 698 3272 neque
720 3210 784 3253 eam
802 3191 955 3253 Ariaratlri
972 3190 1131 3269 tributam,
1155 3191 1212 3257 aed

84 3292 298 3355 Ariobarzani.
329 3290 434 3376 ltaque
456 3304 574 3356 retenta
597 3293 683 3356 codd.
701 3291 849 3375 scriptura
872 3292 946 3356 baec
969 3292 1061 3355 uerba
1082 3291 1212 3359 inbono

82 3395 199 3457 modom
217 3393 377 3477 supplenda
386 3405 473 3457 sunt:
494 3394 608 3458 ‘Fratri
618 3407 716 3458 autem
727 3395 1122 3473 AriobarzanisAriaratbi,
1140 3416 1211 3461 eum

82 3496 160 3558 bene
174 3496 299 3558 meritus
315 3507 441 3581 uterque
456 3518 559 3561 eorum
577 3499 613 3561 de
629 3497 778 3581 republica
794 3506 887 3573 esset,
905 3518 943 3559 ne
959 3510 1012 3560 aut
1027 3499 1111 3582 regni
1121 3500 1212 3566 bere·

83 3598 160 3660 ditos
168 3596 350 3661 Ariarathen
359 3599 546 3677 sollicitaret,
560 3600 708 3663 antheros
717 3601 804 3684 regni
813 3610 940 3663 terreret
949 3600 1209 3683 Ariobarzanen,

78 3711 202 3785 portem
211 3697 383 3762 Armeniae
398 3705 688 3766 aaa'nora'aceaeescit
704 3724 831 3789 eumque
840 3702 1040 3765 Ariobarzani
1057 3705 1208 3785 attribuit,

83 3802 131 3883 qui
148 3801 202 3864 sub
218 3801 283 3863 eius
298 3801 423 3884 imperio
439 3825 474 3867 ao
489 3805 606 3867 dicione
622 3803 725 3868 esset'.
757 3803 803 3868 lta
825 3805 903 3869 enim
921 3816 951 3868 et
966 3826 1055 3868 eausa
1073 3807 1211 3875 derectos

84 3913 219 3986 apparet,
237 3913 268 3966 et
282 3901 354 3965 baec
371 3906 517 3982 narratio,
536 3909 592 3972 nisi
609 3909 685 3990 qnod
702 3909 788 3991 paulo
804 3908 1036 3985 estaceuratior,
1055 3929 1121 3971 eum
1131 3906 1212 3975 cas-

82 4007 129 4070 sio
144 4001 242 4066 Dione
259 4005 412 4067 certauerit.
441 4004 550 4089 Neque
573 4031 648 4091 quae
664 4006 731 4073 Cic.
750 4012 785 4073 al
800 4011 866 4074 Att.
885 4007 978 4086 Xlll,
1004 4010 1036 4088 2,
1061 4009 1083 4072 2
1103 4012 1212 4079 scribit

83 4106 287 4184 ‘Ariarathes,
304 4106 520 4172 Ariobarzanis
536 4110 625 4188 lilius,
645 4110 770 4176 Romam
786 4113 881 4175 uenit.
900 4111 984 4189 Vult,
1013 4112 1134 4196 opinor,
1160 4134 1212 4179 re·

82 4203 305 4295 gnum'aliquotl
322 4228 422 4273 emere
444 4229 461 4270 a
485 4204 630 4275 Caesare.
662 4211 741 4278 Nam
757 4214 903 4297 quomodo
919 4236 999 4278 nune
1014 4225 1080 4295 est,
1105 4216 1212 4300 petlom
