2692 4688
230 191 232 195 ’
341 218 602 289 enarramus.
617 222 688 289 uu.
706 222 763 289 uu
776 221 1009 290 auauoma
1227 222 1294 297 raa

566 415 783 459 crumentum.

202 494 269 560 Cio.
288 497 380 560 Brut.
398 495 460 574 72,
483 494 564 559 253:
597 492 658 577 Qui
678 497 769 559 etiam
790 496 821 560 iu
837 497 976 561 maximis
992 499 1236 580 occupationibus

115 600 152 660 ad
168 608 198 660 te
213 598 329 680 ipsum,
347 598 443 679 inquit
458 600 489 662 in
504 620 552 662 me
567 599 704 675 intuens,
723 601 760 662 dc
775 600 892 663 ratione
907 598 1018 663 Latine
1032 600 1170 681 loquendi
1186 623 1236 665 ao·

115 699 304 762 curatissime
319 702 475 784 scripserit
490 701 644 784 primoque
658 700 690 764 in
704 701 780 765 libro
792 702 904 766 dixerit
917 701 1076 765 uerborum
1089 702 1237 767 delectum

34 854 36 859 ,
79 814 94 864 t
119 801 266 883 originem
282 822 350 866 esse
366 803 552 885 eloquentiae
568 804 774 886 tribueritque,
791 805 831 867 mi
848 803 954 881 Brute,
974 804 1041 867 buin
1057 814 1171 881 nostro,
1190 804 1240 887 qui

115 923 163 964 me
186 904 223 966 de
245 904 297 967 illo
320 905 424 968 maluit
438 925 524 986 quam
540 926 574 968 se
590 906 708 985 dicere,
733 906 850 969 laudem
866 906 1047 990 singularem
1064 909 1148 989 (uam
1163 907 1240 971 scri·

115 1006 175 1088 psit
190 1005 237 1067 bis
253 1006 365 1084 uerbis,
381 1028 446 1071 curu
464 1007 542 1071 bunc
558 1007 676 1070 nomine
692 1020 775 1096 esset
788 1010 918 1072 affatus:
939 1008 998 1072 ‘Ae
1012 1009 1050 1084 si,
1061 1018 1094 1071 ut
1108 1009 1241 1092 cogitata
1271 1054 1274 1062 Α

116 1107 270 1192 praeclare
296 1109 394 1191 eloqui
417 1120 559 1192 possent,
583 1110 719 1174 nonnulli
741 1111 839 1174 studio
862 1121 893 1175 et
915 1131 970 1173 usu
991 1109 1237 1190 elaboraueruut,

116 1210 203 1273 cuius
218 1221 248 1273 te
264 1230 358 1302 paene
374 1212 534 1295 principem
552 1212 655 1296 copiae
670 1222 760 1294 atquc
774 1213 962 1276 inuentorem
974 1212 1051 1274 bene
1067 1212 1103 1275 de
1118 1214 1239 1277 nomine

61 1323 94 1376 to
116 1333 151 1375 ac
168 1313 314 1395 dignitate
330 1313 427 1395 populi
437 1312 565 1376 Romani
581 1314 718 1377 meritum
735 1334 803 1377 esse
819 1314 994 1377 existimare
1006 1312 1238 1396 debemus-pa

119 1415 196 1477 bunc
212 1414 328 1477 lacilem
346 1424 377 1477 et
391 1415 572 1479 cotidianum
589 1417 711 1480 nouisse
725 1438 896 1480 sermonem
912 1437 990 1479 nunc
1006 1436 1060 1499 pro
1074 1415 1181 1480 relicto
1195 1426 1242 1481 eet

117 1517 295 1581 babeuilum.

207 1618 288 1683 Geli.
307 1620 336 1698 I,
356 1616 413 1683 10:
440 1616 527 1700 Quod
543 1641 559 1683 a
576 1616 613 1684 C.
629 1615 764 1684 Caesare
786 1621 817 1684 iu
841 1620 935 1703 primo
957 1620 993 1683 tle
1009 1619 1148 1702 analogia
1163 1617 1240 1684 libro

119 1721 263 1804 scriptum
280 1734 345 1799 est,
368 1723 446 1786 babe
462 1744 582 1806 semper
596 1724 627 1785 in
643 1724 784 1785 memoria
800 1733 888 1805 atque
904 1723 934 1784 in
951 1733 1092 1806 pectore,
1118 1731 1152 1784 ut
1167 1731 1240 1787 tam-

63 1832 94 1885 tt
117 1844 203 1905 quam
219 1824 372 1906 scopulum
389 1824 433 1885 sic
451 1824 547 1905 lugias
562 1824 726 1887 inauditum
743 1835 833 1905 atque
848 1823 982 1887 insolens
999 1823 1135 1913 uerbum.

203 1925 312 2008 Pomp.
330 1946 437 1986 comm.
456 1935 518 1986 art.
535 1923 619 1986 Don.
632 1946 668 2008 p.
681 1924 747 1989 230
756 1925 873 1989 amun
898 1925 1048 2009 Analogia
1063 1935 1110 1988 est
1125 1944 1242 2007 compa·

118 2026 208 2089 ratio.
234 2023 285 2088 Fit
300 2036 369 2089 octo
385 2024 492 2087 modis.
516 2023 562 2089 Vt
575 2025 638 2087 sint
650 2046 708 2088 sex
725 2027 793 2089 illae
809 2037 921 2108 partes,
940 2050 1016 2110 quae
1032 2027 1172 2092 accidunt
1187 2048 1241 2091 no·

119 2129 204 2193 mini.
229 2124 295 2191 Sex
316 2139 415 2190 autem
430 2127 570 2189 accidunt
584 2127 698 2190 nomini
713 2129 789 2191 ista:
807 2128 955 2209 qualitas,
978 2131 1172 2213 comparatio,
1189 2149 1241 2212 ge·

119 2252 189 2309 nus,
208 2249 363 2302 numerus,
380 2229 487 2312 ligura,
499 2249 599 2293 casus.
624 2227 706 2293 Eone
721 2250 779 2293 sex
794 2241 907 2314 partes.
931 2229 1043 2293 Exitus
1058 2229 1242 2314 syllabarum

61 2343 96 2398 to
118 2344 151 2394 ut
172 2333 213 2395 sit
234 2331 352 2395 similis.
378 2328 454 2393 Puta
477 2331 549 2394 illud
572 2333 605 2396 in
621 2352 655 2397 ua
671 2334 737 2396 exit
752 2343 783 2396 et
796 2333 868 2397 illud
884 2333 915 2395 in
932 2353 979 2395 ua.
1003 2329 1241 2395 Penultimarum

119 2434 199 2496 ratio
223 2444 256 2496 nt
276 2434 316 2496 sit
331 2433 455 2510 similis,
480 2443 514 2496 ut
528 2445 580 2498 aut
596 2435 716 2500 uocales
732 2434 867 2520 syllabae
882 2433 945 2498 siut
959 2445 1011 2498 aut
1025 2444 1239 2499 consonantes.

229 2640 242 2691 l
257 2640 370 2690 Praeter
382 2656 413 2691 ea
420 2675 431 2701 ,
448 2656 517 2706 puae
530 2644 559 2691 in
567 2643 745 2707 praefatione
754 2643 947 2706 poeitajlrieee
958 2647 1074 2707 apparet
1081 2679 1089 2704 ,
1103 2645 1245 2693 nominato
1267 2691 1269 2696 .

117 2720 209 2783 primo
229 2717 300 2768 libro
319 2717 351 2767 tle
369 2718 499 2783 analogia
513 2733 582 2767 unua
595 2717 671 2767 iocur
682 2717 715 2767 de
728 2718 848 2780 litteris,
868 2719 942 2769 ulter
955 2719 987 2769 eie
999 2717 1139 2767 uocabulis
1147 2754 1155 2781 ,
1177 2733 1246 2782 puae

122 2794 289 2858 singularem
302 2800 351 2846 uui
362 2796 495 2862 pluralem
509 2811 651 2847 numerum
663 2801 831 2862 respuerent,
845 2800 964 2858 citatur‚·
974 2813 1043 2861 puae
1055 2797 1193 2861 appellato
1205 2812 1247 2845 ee-

121 2872 207 2923 cundo
221 2874 289 2925 libro
299 2878 492 2941 proferuntur,
505 2879 596 2926 omnia
608 2873 646 2926 ad
657 2875 867 2925 declinationem
878 2877 1029 2940 pertinent.
1044 2874 1140 2938 ltapue
1153 2889 1189 2924 en
1200 2877 1246 2937 iia,

120 2966 190 3016 puae
207 2967 243 3000 ere
255 2952 335 3002 libris
348 2952 379 3002 de
391 2953 524 3018 analogia
536 2952 697 3003 eitubontur
712 2965 823 3001 nurnero
836 2950 904 3002 libri
915 2966 969 3001 non
981 2949 1103 3000 indicato
1117 2955 1169 3000 aut
1181 2950 1248 3000 Cae·

121 3031 180 3078 euri
192 3030 390 3092 tribuebantur,
406 3034 445 3078 ita
459 3035 492 3079 ut
502 3045 538 3079 aa
550 3029 629 3079 libris
641 3029 674 3080 de
685 3029 815 3094 analogia
828 3028 970 3093 desumpta
984 3043 1041 3077 esre
1048 3027 1193 3092 probabile
1206 3031 1248 3079 ui·

122 3105 247 3165 deretur,
262 3107 354 3154 omniu
367 3103 404 3152 uel
415 3104 627 3154 declinationem
636 3106 807 3170 pertinentia
821 3107 849 3153 in
863 3103 1007 3153 secundum
1022 3102 1121 3153 librum
1135 3103 1248 3169 contuli,

123 3181 237 3246 reliquo,
253 3180 284 3230 tle
296 3183 356 3245 ipra
369 3181 512 3245 anologio,
526 3181 559 3231 de
572 3181 674 3231 litteris
686 3186 714 3231 et
725 3180 848 3248 syllabis,
866 3180 899 3230 de
912 3180 1089 3248 etymologia,
1103 3197 1172 3247 quoe
1184 3185 1249 3231 ante

121 3262 200 3313 iilum
212 3262 301 3311 locum
313 3260 346 3310 de
358 3274 470 3310 nurnero
484 3264 606 3310 traetm
619 3275 677 3310 esee
688 3274 795 3310 necesse
807 3263 858 3322 eet,
869 3261 960 3324 primo
975 3257 1045 3310 libro
1059 3261 1157 3311 tribui.
1172 3260 1247 3311 Ceto·

121 3357 184 3395 rara
192 3340 284 3406 sanila
303 3345 421 3408 apparet
436 3338 509 3389 color
524 3339 681 3389 Ciceronem
689 3376 698 3403 ,
714 3336 934 3404 Quintilianum,
951 3336 1070 3388 Gellium
1087 3355 1118 3390 ea
1130 3339 1246 3403 referre,

122 3438 191 3488 puae
205 3423 260 3485 ipsi
271 3422 299 3468 ia
315 3419 442 3469 Caesaris
454 3418 533 3468 libria
547 3417 687 3482 legerunt,
702 3417 820 3480 reliquos
834 3430 865 3464 ca
872 3453 881 3478 ,
895 3429 964 3480 puae
976 3415 1117 3480 afferunt,
1137 3416 1171 3464 ab
1183 3413 1249 3463 alite

122 3498 304 3562 scriptoribus
316 3498 460 3560 accepisse,
476 3497 526 3559 qui
536 3509 570 3543 ne
582 3496 639 3559 ipsi
650 3492 758 3557 puidam
772 3506 863 3541 omnes
877 3493 1006 3542 Caesarie
1019 3492 1101 3541 libror
1113 3490 1246 3543 uiderint.

121 3579 266 3642 Pompeius
279 3589 343 3624 uero
356 3577 383 3624 ei
395 3588 464 3638 quaa
477 3573 583 3623 directa
595 3574 722 3624 oratione
732 3573 828 3636 ponit,
847 3585 878 3619 eu
891 3586 944 3621 uon
958 3572 1000 3618 ita
1012 3571 1117 3634 scriptu
1130 3571 1246 3631 inuenit,

122 3658 171 3709 eerl
181 3672 230 3707 ruo
242 3669 317 3706 more
328 3657 384 3719 ipre
396 3656 426 3701 in
436 3652 627 3718 aamsormam
636 3649 751 3715 redegit.
857 3645 1160 3714 traiecturumque
1171 3644 1247 3696 codd.

231 3728 456 3797 ainqcitAutcur
468 3730 497 3778 in
510 3728 665 3778 Ciceronem
679 3725 793 3777 intuens.
900 3722 984 3774 5bnic
996 3717 1098 3785 nostro]
1106 3720 1245 3793 Ciceroni.

231 3808 285 3860 lut
296 3807 541 3872 tagomorstntanr·
553 3805 595 3856 5³.
607 3804 650 3855 68.
660 3804 703 3866 70,
716 3818 771 3854 om.
785 3800 897 3865 reliqui.
1005 3797 1032 3849 ll
1045 3798 1129 3848 uerba
1138 3796 1249 3849 bunc-

99 3945 101 3954 ¹
123 3886 268 3938 babendum
281 3900 330 3934 cur
338 3885 432 3934 Attico
441 3883 588 3934 tribuenda
596 3887 694 3946 errent,
703 3880 767 3931 diui
774 3883 802 3928 ia
810 3876 915 3929 annali.
926 3881 1002 3929 critt.
1011 3876 1135 3929 Berolia.
1144 3891 1170 3928 a.
1181 3876 1247 3932 teta

123 3982 160 4017 m.
171 3963 278 4028 Augp.
287 3963 349 4014 lli.
368 3961 497 4013 Relictum
509 3961 586 4026 dieii,
595 3961 627 4010 de
640 3975 692 4026 pua
705 3973 783 4009 namo
797 3956 1012 4023 uerbumsaoere
1024 3960 1250 4023 operaepretium

123 4043 209 4106 ducit,
219 4043 285 4105 quia
293 4044 387 4089 notum
395 4040 520 4089 omnibus
528 4043 724 4102 etpcreuerum
733 4039 782 4085 eet.
883 4032 921 4086 ’13
931 4033 975 4100 ej.
986 4033 1109 4086 Macrob·
1119 4034 1178 4085 Sat.
1188 4033 1211 4099 1,
1221 4035 1248 4086 i.

234 4118 265 4170 17
279 4123 337 4166 octo
350 4113 446 4180 modis]
459 4115 500 4165 Ar
510 4113 636 4179 deinceps
648 4127 745 4163 nouem
757 4114 951 4161 enumerantur
957 4129 966 4173 ;
980 4125 1016 4160 eu
1028 4111 1126 4175 quibua
1134 4109 1249 4177 Sergius

122 4212 153 4261 p.
169 4194 234 4248 teta
247 4195 277 4245 P.
293 4193 373 4257 illud,
384 4200 412 4243 ut
425 4191 607 4256 temperarint
619 4187 713 4242 almilia
728 4191 768 4255 (p.
779 4185 839 4249 75⁴,
852 4187 885 4251 l),
896 4191 991 4252 utpote
1002 4186 1091 4237 simili
1102 4185 1255 4233 critalant

126 4274 344 4340 comprehensum
357 4276 428 4322 recta
441 4273 555 4322 omittit.
665 4264 696 4320 l'l
709 4270 737 4317 et
750 4265 784 4320 lb
796 4264 927 4319 necisum
937 4279 1004 4331 ego,
1013 4261 1156 4313 aeneum
1164 4253 1233 4304 eeu„

159 4369 249 4425 Caesar,
259 4368 294 4414 eei.
310 4367 420 4429 Nipperd.
1096 4335 1145 4398 kz
