2684 4694
53 188 121 262 710
569 182 783 254 CAESARIS

204 359 332 424 ctam.
344 378 381 444 p.
400 354 460 423 101
477 360 537 423 P.:
563 355 681 423 Caesar
702 357 893 443 epistolarum
908 358 946 422 ad
961 354 1152 425 Ciceronem
1170 361 1250 428 ‘Ne-

115 459 196 548 que’,
212 460 322 543 iuquit,
340 469 408 543 ‘pro
423 470 510 524 cauto
525 481 562 524 sc
577 460 719 543 diligente
734 480 768 524 se
782 461 892 524 castris
907 459 1082 526 contiuuit'.

611 567 657 638 (u.
675 558 745 645 ab.)

204 664 270 729 Cic.
288 664 333 728 ad
345 662 419 727 Au.
440 662 476 726 V
474 662 521 741 ΙΙ,
540 662 578 741 l,
595 661 634 726 3:
661 661 714 727 Me
728 675 826 728 autem
844 674 970 746 uterque
985 677 1128 732 numerat
1142 689 1244 747 suum,

116 766 175 830 nisi
199 766 277 830 leste
298 765 416 829 simulat
436 766 522 828 alter.
544 763 625 828 Nam
643 762 801 849 Pompeius
822 786 884 828 uon
905 766 1038 832 dubitata
1063 789 1139 833 uere
1163 771 1242 835 enim
1263 784 1277 833 t

116 867 230 932 iudicat
252 884 307 945 ea,
332 887 408 949 quae
430 867 466 929 de
488 866 639 951 republica
662 886 741 930 nune
763 867 893 945 sentiat,
919 867 989 930 mibi
1006 870 1095 932 ualde
1108 871 1244 955 probari.

118 966 284 1052 Vtriusque
299 979 397 1031 autem
413 968 513 1051 accepi
530 967 674 1031 eiusmodi
686 968 802 1031 litteras
815 969 919 1031 eodem
934 979 1079 1052 tempore,
1090 993 1152 1055 quo
1162 983 1242 1050 tuas,

118 1081 150 1135 ut
160 1081 268 1135 neuter
277 1090 451 1153 quemquam
464 1069 592 1132 omnium
605 1070 698 1154 pluris
711 1071 812 1132 lacere
823 1089 910 1151 quam
924 1090 973 1133 me
989 1071 1157 1137 uideretur.
1175 1075 1194 1157 5
1202 1073 1224 1138 7
1234 1098 1242 1136 =

117 1170 283 1236 Gratulans
299 1173 369 1236 mibi
380 1169 498 1236 Caesar
510 1172 548 1236 de
563 1171 778 1256 supplicatione
794 1170 957 1254 triumphat
971 1173 1007 1236 de
1019 1171 1243 1239 sententiaCa·

117 1273 198 1337 tonis
214 1295 270 1338 nec
285 1275 400 1353 scribit,
418 1274 485 1358 quid
501 1273 552 1336 ille
566 1272 736 1336 sententiae
752 1270 876 1350 dixerit,
893 1273 948 1337 sed
962 1284 1078 1339 uotum
1094 1277 1243 1360 supplica·
1265 1287 1293 1340 lt

117 1372 228 1439 tionem
244 1396 312 1439 cum
329 1376 398 1440 mibi
415 1397 475 1440 non
492 1375 675 1439 decreuisse.
691 1372 734 1452 2,
750 1372 790 1438 7:
809 1369 926 1438 Caesar
940 1375 978 1438 iis
992 1376 1114 1456 litteris,
1131 1378 1243 1461 quibus

117 1477 189 1539 mibi
204 1477 373 1561 gratulatur
387 1488 417 1541 et
430 1477 529 1540 omnia
540 1476 707 1560 pollicetur,
718 1475 864 1559 quomodo
876 1473 1133 1543 exultatCatonis
1148 1480 1181 1544 in
1197 1502 1245 1546 me

116 1576 313 1661 ingratissimi
329 1579 459 1642 iniuriat

202 1676 288 1742 Idem
303 1680 378 1743 idid.
395 1679 428 1757 3,
448 1677 486 1741 11
499 1704 507 1743 =
532 1676 586 1744 llle
602 1680 674 1744 mibi
690 1680 807 1746 litteras
821 1677 941 1744 blandas
955 1678 1057 1743 mittit.

610 1785 656 1864 (a.
675 1780 746 1862 49.)
1267 1795 1296 1848 ts

133 1903 136 1908 ·
205 1882 407 1947 croadam
420 1883 562 1963 Wrat,
574 1883 613 1947 3:
638 1880 707 1967 lpse
723 1904 771 1948 me
787 1879 904 1949 Caesar
918 1885 953 1947 ud
969 1904 1071 1967 pacem
1087 1885 1241 1951 bortatur.

118 1980 179 2049 Sed
195 1985 380 2067 antiquiores
397 1986 528 2065 litterae,
547 2007 633 2069 quam
649 2005 739 2049 ruere
754 1986 865 2070 coepit.

203 2085 289 2150 Idem
304 2086 380 2152 itit.
397 2087 452 2168 23,
469 2088 508 2152 3:
534 2085 678 2153 Caesaris
693 2085 858 2151 litterarum
875 2087 1044 2171 exemplum
1060 2089 1112 2152 tibi
1127 2092 1205 2154 misi.

101 2189 111 2211 ‘'
203 2188 381 2254 Idemiba‘d.
401 2189 612 2269 V111‚2‚1=
643 2187 710 2274 Ego
733 2190 769 2252 ad
786 2184 950 2254 Caesarem
973 2210 1051 2253 unas
1066 2186 1167 2274 Capua
1191 2190 1241 2254 lit·

117 2301 199 2356 teras
215 2291 293 2370 dedi,
304 2293 408 2375 quibus
424 2294 460 2357 ad
477 2313 513 2356 ea
529 2291 683 2375 rescripsi,
694 2308 769 2371 quae
784 2309 898 2353 meeum
914 2290 966 2353 ille
977 2291 1013 2353 de
1026 2291 1240 2374 gladiatoribus
1262 2302 1293 2356 tt

117 2394 179 2458 suis
196 2404 311 2478 egerat.
329 2396 452 2458 Alteras
468 2395 570 2457 eodem
587 2393 635 2456 die
650 2392 797 2472 dcdi,quo
813 2392 866 2454 has
882 2390 920 2455 ad
936 2400 977 2455 te.
995 2390 1068 2456 Non
1084 2393 1167 2478 potui
1183 2415 1242 2457 nou

117 2494 201 2571 dare,
219 2515 285 2555 cum
301 2504 333 2557 et
346 2495 410 2578 ipse
425 2496 462 2558 ad
477 2515 524 2557 me
540 2494 711 2578 scripsisset
729 2504 759 2555 et
772 2489 896 2557 bathus.

203 2592 301 2657 Idem.
313 2591 389 2655 ibid.
403 2592 455 2672 ll,
468 2596 506 2658 5:
532 2591 619 2676 Quod
636 2594 768 2682 quaeris,
784 2595 852 2677 quid
865 2594 982 2660 Caesar
996 2598 1034 2660 ad
1050 2618 1097 2660 me
1112 2599 1242 2683 scripse·

118 2695 171 2775 rit,
187 2695 264 2777 quod
280 2714 388 2778 saepe,
406 2698 607 2781 gratissimum
624 2697 680 2760 sibi
697 2717 777 2775 esse,
795 2697 871 2779 quod
885 2700 1031 2780 quierim,
1049 2710 1195 2782 oratque,
1211 2702 1243 2764 in

119 2819 157 2862 eo
172 2809 205 2861 ut
220 2816 422 2882 perseuerem.
446 2797 558 2865 Balbus
575 2800 672 2863 minor
686 2798 760 2862 baec
776 2800 878 2862 eadem
892 2802 1044 2866 mandata.
1071 2801 1191 2866 Bulbus
1202 2802 1246 2866 cd
1264 2812 1293 2864 ts

123 2899 192 2967 Ct'c.
209 2898 284 2963 iliu.
304 2895 344 2962 15
354 2895 401 2973 A,
415 2899 454 2963 32
479 2899 565 2965 Balbi
581 2903 638 2965 mei
654 2900 755 2983 tuique
770 2900 900 2964 aduentu
916 2902 1095 2966 delectatum
1112 2913 1140 2965 te
1155 2905 1243 2967 ualde

118 3002 246 3085 gaudeo.
285 2997 316 3063 ls
340 3022 540 3086 quaecumque
563 3003 614 3066 tibi
638 3003 673 3064 de
696 2997 831 3065 Caesare
853 3001 948 3083 dixit,
972 3025 1104 3087 quaeque
1126 2999 1245 3067 Caesar

118 3103 251 3186 scripsit,
269 3102 344 3181 scio,
362 3125 395 3169 re
412 3106 464 3169 tibi
481 3105 628 3189 probabit,
642 3123 842 3188 quaecumque
858 3105 980 3170 fortuna
995 3106 1061 3170 eius
1076 3105 1178 3186 luerit,
1190 3126 1244 3169 ue·

84 3204 86 3209 ’
118 3203 238 3268 rissime
254 3204 423 3287 scripsisse.

206 3300 273 3366 Cic.
291 3305 334 3366 ud
345 3307 415 3370 Aet.
427 3307 580 3387 IX,6A:
608 3306 737 3376 ‘Caesar
752 3313 823 3397 imp.
835 3334 861 3376 s.
873 3311 902 3375 d.
914 3307 1058 3375 Ciceroni
1072 3311 1144 3394 imp.
1164 3305 1243 3372 Cum
1264 3318 1295 3372 tt

119 3402 264 3471 Furnium
281 3417 415 3470 nostrum
433 3420 548 3475 tautum
565 3413 718 3495 uidissem,
735 3435 833 3498 neque
848 3412 928 3498 loqui
943 3432 1040 3493 neque
1055 3411 1161 3475 audire
1176 3431 1243 3474 meo

119 3509 273 3572 commodo
289 3510 471 3592 potuissem,
499 3534 691 3598 properarem
707 3527 796 3600 atque
812 3536 911 3580 essem
926 3513 958 3576 iu
972 3513 1082 3577 itinere
1097 3512 1244 3597 praemis·

119 3609 161 3674 sis
177 3611 235 3675 iam
252 3611 437 3696 legionibus,
455 3617 621 3698 praeterire
635 3630 734 3680 tamen
750 3638 810 3679 uun
825 3616 928 3700 potui,
946 3616 1016 3699 quin
1032 3624 1063 3677 et
1077 3613 1244 3678 scriberem

118 3712 155 3775 ad
177 3723 207 3777 te
223 3723 253 3777 et
273 3713 356 3777 illum
373 3718 518 3780 mitterem
534 3719 706 3803 gratiasque
721 3740 862 3804 agerem3
887 3719 945 3783 etsi
961 3717 1016 3782 hoc
1030 3726 1060 3781 et
1076 3715 1132 3778 lcei
1147 3734 1245 3801 saepe

224 3852 242 3903 2
254 3853 393 3920 continuit]
409 3855 438 3920 Q.
454 3856 558 3906 Cicero.
574 3857 683 3921 Scripta
698 3858 769 3906 euim
781 3858 848 3907 bueo
863 3857 994 3907 uideatur
1004 3853 1036 3906 aa
1046 3854 1081 3902 s‘r's
1089 3890 1098 3917 ,
1112 3866 1185 3918 quos
1198 3851 1247 3903 tttt

117 3926 247 3978 accidisse
258 3931 362 3982 Caesar
375 3935 399 3982 b.
411 3933 483 3984 Gall.
495 3933 540 3997 Vt,
551 3933 583 3985 36
597 3949 654 3999 sqq.
664 3939 772 3984 nonai.
878 3933 910 3985 ¹8
918 3933 951 3984 t.
960 3932 1082 3984 Caesaris
1091 3929 1241 3982 Medieeus.

224 4006 259 4061 2⁰
271 4009 303 4059 de
316 4010 505 4072 gladiatoribus
520 4009 584 4075 suls]
601 4013 646 4076 ty.
663 4011 742 4062 Cuss-
758 4013 781 4061 d.
796 4013 849 4061 ctu.
865 4011 886 4074 l,
903 4011 945 4071 ll,
960 4013 984 4063 l.
1087 4007 1244 4075 discripsit

116 4081 263 4137 Medicum.
367 4087 400 4140 26
409 4094 434 4136 te
448 4101 501 4137 um,
513 4089 757 4152 supellectitem.
863 4088 958 4142 tracto
972 4105 1000 4139 re
1009 4086 1164 4150 Victorius,-
1173 4086 1243 4136 scire

117 4161 264 4227 bledr'esats,
277 4165 299 4214 si
313 4178 341 4214 re
354 4178 450 4228 margo
465 4166 626 4217 Cratandri.
743 4165 881 4217 uerissime
894 4164 1046 4229 Manutius,
1062 4164 1132 4216 uelis
1145 4179 1245 4217 summe
1267 4226 1269 4231 ¹

117 4237 262 4290 Medicam.
367 4240 400 4293 tt
414 4247 441 4291 et
454 4239 518 4308 ieci]
533 4242 620 4293 sd'ecit
633 4243 781 4308 Mediems,
794 4243 845 4295 ssd
853 4259 925 4295 corr.
941 4246 969 4294 in
981 4256 1072 4308 marg.
