2692 4688
540 179 861 246 -btt—

139 357 219 422 saris
234 349 400 419 exercitum
415 353 523 418 itinere
539 352 751 440 prohiberent,
774 354 832 438 ipsi
858 353 924 418 sine
946 352 1078 439 periculo
1100 353 1264 424 aetimare

139 458 258 524 lberam
274 457 374 541 copias
391 455 601 521 traducerent'.

125 563 129 570 '
224 558 264 626 C.
281 557 324 624 79
338 558 381 621 iu.
400 578 440 622 ex
455 553 611 622 Ciacconii
626 560 799 625 coniectura
814 560 929 626 editur:
949 560 1132 647 ‘Expeditae
1154 562 1264 627 cobor-

141 677 187 729 tes
202 662 395 727 nouissimum
411 682 518 744 agmen
534 661 711 726 claudebant
724 663 894 747 pluriesque
909 666 939 728 in
955 665 1030 728 locis
1045 665 1263 748 campestribus

140 764 366 844 subsistebaut'3
383 763 414 828 iu
431 764 517 827 codd.
536 765 673 829 omnibus
689 766 830 850 scriptum
846 777 893 829 est
908 767 1099 853 ‘pluresque'.
1123 765 1168 830 Ae
1183 768 1264 853 ‘pln-

139 872 210 935 ries’
226 869 367 934 Latinum
384 867 557 930 uocabulum
576 888 643 931 esse
658 879 742 932 recte
757 865 911 933 Gerardus
926 867 1056 934 loannes
1078 869 1209 936 Vossius
1225 871 1265 938 dc

140 973 222 1037 uitiis
244 992 336 1035 serm.
354 966 380 1045 l,
399 989 427 1031 ο.
444 967 486 1032 25
509 980 540 1032 et
562 989 629 1033 euru
653 981 776 1034 secutus
798 965 1005 1054 Elb'erlingius
1027 972 1149 1037 obsera.
1173 974 1261 1039 critt.

139 1098 169 1162 p.
187 1074 450 1157 tetragonorum,
475 1072 612 1154 idemque
632 1083 717 1136 recte
738 1074 862 1153 statuit,
884 1073 911 1137 si
933 1075 1065 1139 maxime
1080 1075 1109 1138 id
1124 1076 1195 1142 inde
1210 1076 1264 1141 de-

139 1179 218 1243 lendi
235 1186 346 1263 posset,
365 1176 440 1259 quod
457 1172 573 1238 Gellius
590 1172 630 1252 V,
646 1173 685 1238 21
703 1186 735 1239 et
748 1173 869 1239 Nonius
885 1197 914 1260 p.
931 1174 974 1239 87
987 1173 1087 1241 Mero.
1105 1198 1146 1242 ex
1161 1175 1265 1244 Hauti

137 1279 234 1347 Persa
250 1277 323 1360 (IV,
340 1275 373 1353 3,
389 1275 443 1352 65)
460 1287 491 1340 et
506 1271 622 1341 Catone
640 1278 853 1363 ‘compluries'‚
877 1278 930 1342 sed
945 1288 979 1341 ut
993 1280 1089 1342 minus
1104 1281 1262 1360 usitatum,

139 1392 298 1458 annotant,
314 1391 413 1443 tamen
429 1391 488 1443 tam
504 1381 691 1462 antiquorum
708 1379 885 1463 scriptorum
901 1401 986 1444 usum
1004 1380 1077 1445 nibil
1093 1381 1129 1445 ad
1145 1377 1264 1449 Caesa·

138 1506 201 1550 rem
218 1483 380 1569 pertinere.
406 1478 493 1561 Quod
509 1492 608 1545 autem
623 1482 718 1565 ipsum
736 1482 867 1566 ‘pluries’
883 1483 1021 1547 nonnulli
1035 1482 1102 1548 loco
1116 1481 1263 1550 Tretettii

137 1585 283 1650 Pollionis
303 1586 334 1649 in
360 1580 508 1647 Gallionis
530 1603 557 1646 ο.
577 1582 593 1646 1
611 1583 791 1663 defendunt,
813 1582 854 1648 ibi
877 1585 948 1666 quin
965 1585 1099 1669 ‘pluries’
1121 1607 1228 1653 errore
1241 1608 1264 1654 ι

136 1686 313 1753 Boxbornio
330 1688 439 1752 editum
454 1686 513 1761 sit,
538 1708 598 1750 non
620 1685 732 1751 dubito.
770 1683 805 1749 ln
828 1687 895 1751 aliis
917 1689 1159 1774 exenplaribus,
1181 1710 1262 1775 quac

138 1790 343 1878 Elberliugins
358 1790 510 1875 inspexit,
527 1799 560 1852 et
574 1810 627 1868 eo,
645 1789 720 1872 quod
737 1787 837 1873 Lugd.
853 1786 925 1854 Bal..
943 1811 972 1854 a.
992 1791 1070 1856 1671
1088 1792 1125 1856 ad
1141 1788 1263 1859 Salma-

137 1896 253 1960 sianum
276 1914 454 1978 expressum
477 1902 543 1970 est,
567 1892 641 1956 baec
661 1891 817 1978 leguntur:
838 1889 991 1958 ‘Gallieno
1011 1893 1103 1980 igitur
1116 1904 1149 1959 ct
1163 1892 1260 1962 Volu-

138 2000 223 2062 siano
238 1995 408 2061 coosulibus
423 1992 599 2059 Macrianus
615 2003 643 2058 et
659 1991 786 2060 Ballista
799 1996 830 2059 in
847 2016 939 2060 unum
955 2003 1085 2070 cudunt,
1102 1999 1259 2065 exercitat

136 2101 279 2184 reliquias
302 2107 471 2162 conuocant
492 2108 542 2175 et,
566 2117 632 2161 cnm
653 2093 822 2161 Romanum
844 2097 876 2161 in
898 2099 1014 2163 oriente
1030 2109 1151 2163 nummi
1164 2101 1260 2187 impe-

135 2204 226 2282 rium,
244 2222 329 2286 quem
346 2203 483 2265 lacerent
497 2200 724 2282 imperatorem,
747 2201 904 2285 requirunt
919 2198 1058 2266 Gallieno
1080 2215 1140 2267 tam
1155 2204 1262 2290 negte-

135 2318 244 2395 genter
258 2326 292 2369 se
306 2314 425 2387 agente,
444 2313 477 2366 ut
491 2301 556 2365 eius
571 2321 609 2365 ne
625 2302 736 2366 mentio
752 2304 867 2387 quidem
884 2305 960 2389 apud
976 2305 1143 2369 exercitum
1156 2308 1257 2374 lieret.

136 2408 276 2492 Denique
291 2428 357 2470 cum
373 2404 484 2490 plureis
499 2405 564 2468 eius
579 2404 624 2467 rei
640 2425 731 2468 causa
746 2407 972 2482 conuenissent,
995 2408 1117 2491 placuit,
1142 2419 1175 2473 ut
1190 2407 1260 2476 tta-

137 2510 270 2574 crianum
294 2528 359 2571 cum
381 2508 450 2570 filiis
472 2507 534 2570 suis
554 2507 764 2592 imperatorem
787 2508 944 2575 dicereut’.
981 2510 1186 2577 Accusatinus
1205 2513 1259 2579 illc

138 2610 272 2696 ‘plureis'
296 2609 417 2679 tolerari
439 2619 551 2694 potest:
582 2607 619 2671 ob
640 2611 797 2693 sequeutia
820 2613 1020 2676 nominatiuus
1043 2614 1258 2697 praeferendus

135 2713 265 2779 uidetur.
296 2709 358 2778 Sed
372 2713 448 2797 apud
464 2707 626 2775 Caesarem
642 2722 725 2776 reete
740 2711 873 2779 lorinius
888 2716 920 2778 in
935 2716 1062 2779 addend.
1080 2737 1110 2801 p.
1127 2714 1192 2782 570
1206 2737 1259 2781 co·

136 2818 234 2881 dicum
250 2816 427 2902 scripturam
444 2814 587 2880 detenuit.
617 2812 725 2881 Plures
746 2830 881 2902 apertum
897 2829 945 2882 est
959 2819 1098 2883 cobortes
1118 2820 1189 2884 dici.
1219 2817 1259 2885 In

136 2919 352 3006 campestribus
367 2931 467 2984 autem
482 2918 557 2982 locis
572 2919 667 2982 maior
681 2931 748 2983 erat
763 2920 807 2984 uis
824 2922 973 3003 equitatus
989 2917 1187 3001 Caesariani,
1205 2922 1258 3006 qui

135 3024 330 3087 nouissimum
347 3045 453 3108 agmen
469 3020 620 3106 carpebat.
642 3019 747 3107 Itaque
763 3023 930 3087 buiusmodi
945 3024 1018 3088 locis
1034 3025 1135 3108 plures
1148 3024 1258 3089 cobur-

135 3137 192 3205 tes,
210 3148 296 3209 quan
311 3127 343 3190 in
359 3126 523 3190 nouissimo
538 3125 658 3208 agmine
673 3144 741 3191 esse
757 3137 950 3204 consuerant,
961 3126 1179 3205 subsistebant,
1196 3147 1257 3211 qun

135 3228 248 3290 maiore
271 3229 421 3310 praesidio
443 3228 558 3313 equites
578 3229 616 3292 ad
638 3228 784 3311 reliquum
808 3230 974 3292 exercitum
995 3228 1116 3293 iuterim
1132 3250 1257 3316 progre-

135 3330 263 3395 dientem
286 3331 443 3413 peruenire
466 3351 592 3415 eumque
613 3330 690 3393 male
711 3328 820 3394 babere
843 3329 1047 3414 prohiberent.
1083 3328 1170 3395 Nihil
1191 3341 1259 3396 erat

134 3433 236 3519 igitur,
254 3452 346 3514 quare
362 3429 566 3517 Elberlingins
584 3431 782 3514 ‘equitesque'
798 3432 952 3516 corrigere
968 3443 1138 3517 temptaret.

219 3530 259 3598 C.
283 3531 337 3612 80,
361 3532 382 3597 1
405 3533 477 3599 haee
492 3535 523 3598 in
539 3535 625 3598 codd.
646 3534 759 3616 scripta
780 3543 866 3595 sunt:
894 3531 983 3616 ‘Qua
998 3555 1033 3599 re
1047 3533 1257 3601 animaduersa

133 3632 251 3702 Caesar
263 3636 376 3702 relictis
391 3636 559 3720 legionibus
576 3636 778 3719 subsequitur,
795 3636 1172 3721 praesidioinrpedimentis
1184 3659 1256 3722 pau·

133 3762 184 3805 uas
200 3741 340 3805 cobortes
355 3739 517 3823 relinquit'.
541 3738 677 3804 Relictas
693 3737 825 3823 legiones
838 3736 1066 3824 Oudendorpius
1078 3741 1257 3805 diciexisti·

132 3843 251 3920 mabat,
275 3842 351 3924 quod
375 3861 429 3904 eae
451 3842 580 3906 dimissis
595 3841 745 3926 equitibus
760 3841 790 3904 in
806 3841 915 3906 eastris
929 3844 1159 3908 remansissent.
1192 3840 1255 3909 Sed

132 3944 163 4007 in
186 3944 240 4007 bac
256 3943 401 4007 orationis
419 3944 512 4006 forma
528 3943 620 4007 uerba
632 3943 685 4007 illa
699 3943 789 4007 aliter
802 3943 937 4030 intellegi
952 3966 1012 4010 non
1028 3956 1170 4030 possunt,
1194 3944 1255 4009 uisi

133 4057 166 4109 ut
186 4042 302 4108 Caesar
317 4043 450 4129 legiones
466 4043 634 4126 reliquisse,
652 4047 715 4129 ipse
730 4046 909 4110 subsecutus
924 4068 991 4111 esse
1008 4049 1135 4113 dicatur.
1166 4044 1256 4131 Quot

132 4158 237 4212 contro
253 4156 317 4209 est:
341 4168 409 4209 cum
424 4144 495 4229 ipsis
511 4146 589 4208 eninr
605 4148 772 4231 legionibus
788 4150 940 4232 proiectus
956 4162 1021 4227 est,
1046 4154 1113 4234 quia
1137 4151 1255 4234 equites

133 4247 289 4335 pabulandi
319 4268 410 4311 causa
439 4246 551 4312 dimissi
574 4248 675 4313 statim
697 4250 888 4316 aduersarios
908 4252 994 4335 sequi
1018 4273 1078 4317 uon
1101 4265 1252 4339 poteraut.
