2692 4688
53 169 117 240 376
449 168 508 236 llll
529 165 675 237 tutuo
696 167 890 238 satureo

75 341 97 407 u
112 343 257 427 spieatur.
289 338 366 404 Erat
380 342 479 426 magni
495 341 617 426 periculi
632 363 683 406 rea
698 340 824 409 tantulis
839 339 932 425 copiis
949 338 1049 423 iniquo
1064 339 1132 404 loco
1148 340 1235 405 dimi·

113 464 204 525 care3
220 455 295 523 tum,
313 444 451 527 quoniam
467 444 623 508 obsidione
638 444 796 508 liberatum
806 438 985 507 Ciceronem
994 442 1120 520 sciebat,
1138 463 1233 526 aequo

113 546 213 611 animo
228 545 437 611 remittendum
454 546 490 610 de
505 548 660 611 celeritate
675 546 894 611 existumabat:
912 545 1048 609 consedit
1069 555 1125 622 et,
1146 566 1233 629 quarn

75 648 294 733 7aequissimo
309 648 378 712 loco
393 658 510 732 potest,
533 659 636 713 castra
658 649 822 712 communit
842 659 931 731 atque
953 648 1044 726 baec,
1067 647 1124 711 etsi
1146 658 1234 712 erant

112 752 222 836 exigua
238 771 352 835 perse,
369 750 422 814 uix
437 750 586 814 hominum
604 750 714 814 milium
736 761 848 835 septem
864 749 1042 835 praesertim
1058 750 1150 813 nullis
1164 770 1229 812 cum
1252 764 1268 814 t

111 854 334 939 inpedimentis,
353 864 451 917 tamen
467 854 614 938 augustiis
630 854 758 932 uiarum,
776 874 863 936 quam
881 853 1011 916 maxime
1027 862 1142 936 potest,
1161 874 1234 916 con·

111 957 215 1035 trahit,
233 977 270 1020 eo
286 956 426 1035 consilio,
444 966 476 1018 ut
491 956 519 1019 iu
534 977 678 1020 summam
695 956 944 1040 contemptionem
961 953 1096 1018 hostibus
1116 954 1230 1019 ueniat.

76 1055 236 1126 81nterim
258 1057 497 1143 speculatoribus
522 1058 553 1121 in
576 1077 679 1121 omnes
701 1068 802 1141 partes
826 1057 957 1121 dimissis
980 1056 1139 1140 explorat,
1173 1078 1232 1141 qno

55 1161 102 1234 bb
116 1160 356 1227 commodissime
370 1160 479 1225 itinere
492 1160 598 1225 uallem
608 1161 738 1225 transire
745 1160 850 1245 possit.
878 1158 926 1222 Eo
941 1159 988 1222 die
1004 1159 1234 1243 paruuliseqne·

113 1264 227 1329 stribns
242 1262 364 1348 proeliis
386 1263 422 1326 ad
445 1284 551 1346 aquam
576 1263 661 1326 laetis
686 1264 805 1346 utrique
820 1282 889 1327 sese
904 1281 958 1325 suo
973 1261 1042 1324 loeo
1057 1261 1231 1326 continente
1258 1274 1289 1327 tt

76 1364 205 1446 tuerit,
222 1367 299 1450 quod
315 1366 475 1449 ampliores
491 1365 604 1449 copias,
623 1385 697 1447 qnae
714 1365 843 1428 nondum
859 1375 1076 1442 conuenerant,
1092 1375 1233 1448 experta·

76 1467 203 1548 3bant3
227 1467 363 1546 Caesar,
387 1469 413 1530 si
440 1469 516 1529 torte
532 1467 648 1530 timoris
664 1466 854 1530 simulatione
869 1468 971 1531 hostes
987 1467 1017 1529 in
1032 1486 1118 1530 sunm
1134 1467 1232 1530 locum

112 1572 223 1636 elicere
238 1580 357 1654 posset,
381 1581 414 1633 ut
430 1570 505 1633 oltra
521 1568 628 1632 uallem
646 1588 699 1652 pro
715 1569 823 1633 castris
839 1569 950 1653 proelio
967 1569 1183 1644 contenderet,
1204 1570 1233 1633 si

111 1672 141 1737 id
156 1673 274 1737 efficere
289 1693 348 1735 non
365 1681 484 1754 posset,
509 1681 543 1734 ut
564 1672 730 1755 exploratis
752 1671 910 1735 itineribus
933 1671 1048 1735 minore
1069 1693 1137 1735 cum
1153 1671 1232 1755 peri·

76 1776 180 1841 douln
195 1775 303 1839 uallem
319 1773 475 1857 riuumque
490 1773 647 1837 transiret.
686 1771 786 1837 Prima
803 1774 869 1838 luce
886 1774 1012 1838 bostium
1029 1773 1180 1857 equitatus
1195 1774 1233 1838 ad
1256 1786 1288 1838 ts

76 1874 96 1941 b
112 1878 214 1942 eastra
229 1876 346 1941 aceedit
360 1876 563 1960 proeliumque
578 1897 644 1939 oum
661 1876 772 1940 nostris
789 1877 937 1960 equitibus
952 1877 1121 1940 committit.
1153 1873 1233 1943 Cae·

111 2001 164 2045 aar
178 1979 316 2043 consulto
331 1977 447 2061 equites
470 1980 578 2043 cedere
598 1998 691 2062 seque
706 1979 736 2042 in
753 1990 849 2043 castra
865 1981 1001 2064 recipere
1015 1979 1118 2058 iubet,
1142 1979 1232 2044 simul

112 2102 153 2149 ex
168 2081 305 2145 omnibus
328 2079 462 2166 partibus
485 2091 586 2145 castra
600 2082 707 2145 altiore
723 2082 801 2146 uallo
816 2083 924 2145 muniri
940 2093 1100 2166 portasque
1115 2080 1232 2146 obstrui

111 2192 202 2268 atque
217 2184 249 2248 in
265 2184 311 2249 bis
327 2183 569 2248 administrandis
583 2185 673 2250 rebus
689 2205 775 2268 quam
792 2186 922 2248 maxime
932 2183 1106 2249 concursari
1121 2195 1153 2248 et
1163 2205 1230 2248 cum

54 2285 95 2358 51
110 2286 298 2353 simulatione
314 2287 363 2372 agi
380 2287 496 2351 timoris
512 2287 604 2351 iubet.
647 2285 764 2369 Quibus
780 2287 916 2351 omnibus
931 2286 1022 2351 rebus
1036 2286 1137 2350 bostes
1151 2284 1231 2349 inui-
1252 2298 1289 2353 td

74 2387 97 2454 2
112 2390 166 2455 tati
182 2390 281 2474 copias
298 2389 457 2452 traducunt
472 2391 624 2473 aciemque
640 2391 740 2473 iniquo
756 2391 821 2453 loco
837 2391 1035 2467 constituunt,
1053 2389 1165 2453 noenia
1178 2409 1232 2453 ne·

111 2512 147 2554 ro
162 2492 252 2555 ctiam
269 2492 304 2553 de
327 2490 406 2553 uallo
429 2491 562 2555 deductis
578 2493 699 2577 propius
715 2492 861 2557 accedunt
875 2503 907 2555 et
921 2493 979 2555 tela
996 2492 1077 2555 intra
1091 2493 1232 2557 munitio·

76 2590 178 2656 3ncm
194 2612 235 2654 ex
257 2591 394 2655 omnibus
417 2593 549 2676 partibus
571 2595 725 2659 coniciunt
744 2594 1002 2679 praeconibusque
1017 2594 1231 2659 circummissis

111 2693 299 2780 pronuntiari
314 2694 428 2774 iubent,
446 2716 500 2759 seu
516 2697 582 2780 quis
593 2694 699 2761 Gallus
715 2718 769 2762 seu
783 2695 938 2761 Romanus
954 2698 1028 2761 uelit
1041 2707 1112 2761 ante
1127 2698 1230 2762 boram

110 2794 231 2861 tertiam
247 2798 284 2861 ad
300 2818 335 2862 sc
351 2799 501 2876 transire,
525 2798 591 2863 siue
614 2801 747 2883 periculo
763 2800 873 2879 licere3
898 2811 966 2884 post
986 2798 1016 2862 id
1039 2809 1157 2885 tempus
1173 2820 1232 2864 non
1253 2811 1287 2867 ts

74 2896 177 2965 llere
192 2911 392 2984 potestatem:
416 2923 452 2966 ae
473 2901 518 2965 sie
540 2912 661 2965 nostros
677 2912 939 2988 contempserunt,
962 2913 996 2966 nt
1015 2901 1178 2966 obstructis
1198 2903 1232 2967 in

52 3080 57 3088 .
111 3003 241 3087 speciem
257 3004 352 3088 portis
367 3002 494 3089 siugulis
509 3003 664 3069 ordinibus
680 3006 844 3090 cespitum,
862 3005 939 3088 quod
954 3025 991 3069 ea
1006 3025 1067 3068 non
1081 3024 1170 3089 posse
1184 3006 1231 3069 in·

222 3227 232 3279 l
250 3230 358 3280 tantulis
371 3230 452 3296 copiis
467 3230 523 3281 AB
532 3231 554 3283 C
569 3230 744 3297 ‘cataripua',
763 3248 820 3282 cnm
835 3232 914 3282 tantis
928 3230 1011 3297 copiis
1031 3229 1122 3281 bede.

110 3305 128 3359 2
141 3309 194 3354 tum
206 3305 232 3354 A
238 3304 284 3369 (B)
293 3304 344 3355 01)
352 3342 360 3367 ‚
376 3312 437 3355 tnnc
451 3307 520 3357 bea.
683 3323 765 3374 nequo
779 3309 862 3359 animo
876 3310 900 3360 B
906 3326 919 3358 a
932 3308 988 3373 (bic
1001 3306 1080 3374 equo)
1092 3305 1153 3359 add.
1167 3311 1233 3358 nata

110 3380 215 3445 Sentig.
227 3385 340 3445 praeter
351 3380 481 3447 saeptas.
496 3400 601 3448 omnes,
623 3399 703 3453 eoque
724 3387 825 3438 omnino
839 3386 934 3453 Stepb.
949 3385 1023 3437 Scal.
1038 3390 1065 3436 at
1077 3402 1094 3437 u
1107 3401 1169 3437 eum
1181 3387 1233 3439 tao

110 3461 307 3510 annotatione:
330 3459 394 3523 ‘pre
407 3476 487 3526 eoque
502 3466 530 3512 io
542 3479 606 3513 mss.
619 3464 749 3530 plurimis
761 3470 802 3516 est
814 3481 947 3533 aequoque
961 3465 1007 3516 uad
1019 3481 1147 3532 equoque.
1171 3466 1234 3517 Ani-

109 3551 151 3586 sao
164 3539 247 3585 atium
261 3535 338 3601 tegas
350 3539 378 3586 in
391 3537 497 3590 houna.
510 3539 615 3593 Duker.
629 3542 718 3595 Ooeon.
733 3550 760 3594 at
771 3544 857 3608 nla‘a‘e¹‚·
870 3561 940 3611 quas
952 3549 1019 3610 quin
1031 3549 1134 3596 erroris
1148 3551 1176 3597 at
1188 3562 1233 3597 aa·

108 3610 266 3677 [legontius
280 3611 365 3677 pleon
383 3618 453 3679 mot,
474 3619 545 3667 midi
561 3616 672 3670 dubium
688 3634 742 3669 aon
761 3625 810 3670 est.
836 3619 877 3673 Νι
890 3626 953 3672 unte
966 3621 1086 3672 consedit
1097 3620 1233 3675 desidem

111 3688 208 3754 itaque,
222 3689 259 3756 os.
274 3691 334 3743 bor.
349 3708 443 3747 comm.
458 3694 486 3757 l,
500 3696 544 3759 ts,
560 3694 584 3749 1.
690 3697 705 3748 ³
718 3698 895 3750 existumabat
907 3700 942 3751 A.
1046 3703 1162 3766 lpoteat
1175 3701 1233 3754 loeo

109 3766 211 3816 aurbu.
317 3768 575 3836 binpedimentisB.
680 3775 804 3829 tamenin
819 3777 992 3838 angustiisll.
1099 3776 1234 3829 bromma-

110 3840 217 3895 dlssimo
230 3844 276 3892 ba.
381 3846 466 3896 ualles
479 3846 502 3899 B
516 3848 590 3899 ‘msa
607 3846 658 3902 tt'.
746 3851 830 3917 possit
843 3853 921 3919 A(1t)
932 3854 979 3904 Cr
992 3854 1065 3904 ‘mem
1081 3854 1161 3920 laage
1169 3854 1235 3920 plu·

110 3923 178 3971 rtmr'
188 3926 215 3970 et
228 3925 327 3985 optimi
333 3921 350 3985 ’,
365 3930 454 3988 posset
467 3941 490 3974 a.
608 3927 638 3983 ld
652 3944 680 3980 se
692 3928 718 3979 ia
733 3944 779 3980 sno
792 3929 850 3980 loco
865 3930 890 3980 b.
1014 3930 1043 3981 ll
1059 3932 1235 3997 expectabant

110 4000 144 4050 B.
250 4000 586 4067 lladicer01fieribcda.
692 4008 877 4058 cnmomba.
1001 4008 1236 4074 lbaeqnitstusat

111 4074 144 4128 lb
156 4076 303 4142 seqnitibus
315 4082 343 4126 at
356 4078 387 4128 11
400 4079 517 4143 aequites
531 4081 564 4131 15.
655 4083 686 4136 ld
699 4082 798 4134 munire
813 4084 838 4133 b.
926 4084 959 4136 2⁰
974 4085 1014 4149 egi
1027 4084 1129 4139 timeris
1138 4086 1163 4138 B
1172 4085 1233 4139 add.

110 4158 173 4205 aare
188 4153 298 4217 dream,
312 4155 412 4205 timoris
425 4158 466 4220 agi
482 4158 579 4210 Groeu.
594 4176 622 4212 u.
778 4163 811 4217 2⁴
826 4177 872 4212 sea
887 4162 944 4228 quis
957 4162 1124 4217 Romaanus.

111 4232 144 4286 tt
157 4247 188 4284 ea
203 4232 300 4297 bede,
315 4247 360 4284 cas
374 4234 437 4288 Bet
450 4236 560 4304 reliqui.
