2692 4688
29 188 96 259 tto
430 183 489 253 [tlt
510 183 657 257 numo
679 184 869 261 amuco

91 370 268 438 sereretur,
296 357 419 440 nequid
434 357 612 424 erudelitate
626 367 752 425 naturae
767 359 923 427 uideretur
937 360 1074 445 asperius
1089 363 1212 439 nonne,

93 483 190 548 aeque
204 460 321 527 exitum
334 459 528 525 aemiliorum
543 480 665 527 suorum
680 461 951 542 animaduerteret,
978 463 1006 529 si
1027 462 1080 529 tali
1096 464 1214 531 radone

93 564 222 634 damma
236 563 269 627 in
282 559 357 627 louis
372 560 474 646 plures
488 562 614 629 oonsilio
627 563 775 643 inissent,
799 567 938 649 exemplo
959 565 1095 651 supplieii
1117 567 1216 633 deter-

92 666 204 735 reatos
219 665 350 748 reliquos
366 664 561 733 existimauit.
592 661 697 749 ltaque
720 666 874 746 omnibus,
898 668 948 752 qui
969 688 1055 733 arma
1070 668 1214 748 tulerant,

93 787 201 837 mnus
214 767 360 852 praeridit
375 766 524 850 uitamque
538 767 708 847 noncessit,
724 789 783 853 quo
798 770 937 836 testatior
951 782 1033 837 esset
1048 791 1145 854 poena
1158 771 1214 837 im·
1235 784 1252 836 t

58 871 80 939 Β
95 870 266 958 proborum
297 867 451 954 Drappes,
467 890 556 953 quem
570 881 687 955 oaptum
701 889 773 936 esse
786 892 806 936 a
821 867 952 939 Caninio
966 873 1072 952 dorni,
1088 873 1155 937 siae
1169 873 1217 939 in·

95 973 242 1058 mgnum
263 981 296 1038 et
315 972 420 1037 dolore
438 970 627 1037 uinculorum
641 973 708 1037 siue
722 972 1135 1060 timoreprauioriaaupplieii
1143 995 1217 1059 pau·

61 1072 141 1144 sets
156 1074 262 1143 diebus
277 1073 344 1141 oibo
358 1094 393 1139 sa
407 1073 552 1139 abstimit
565 1084 656 1161 atque
671 1075 714 1141 ita
727 1076 854 1141 interiit.
880 1075 995 1143 Eodem
1010 1074 1215 1169 temporebu-

95 1177 220 1255 olerius,
238 1196 324 1260 quom
339 1175 510 1260 pmlugisse
525 1197 567 1242 ex
581 1177 695 1260 proelio
709 1178 830 1262 scripsi,
847 1198 913 1242 eum
929 1179 961 1244 in
977 1189 1217 1264 potestatemue·

59 1310 68 1327 =
96 1280 194 1351 airam
206 1276 371 1364 Epasnacti
390 1277 524 1344 Aruerni
546 1279 667 1362 (erebro
687 1279 767 1344 enim
789 1281 939 1344 mumudb
960 1280 1035 1345 loeis
1056 1280 1218 1345 multorum
1241 1288 1274 1343 to

97 1381 166 1453 idei
180 1380 437 1459 seeommittebat,
446 1381 525 1462 quod
534 1401 678 1463 nusquam
686 1380 1217 1464 bouussinoperiouloeonmorsm·

96 1482 326 1561 muidebatnr,
344 1480 623 1559 eumsibioonsqius
632 1491 726 1559 esset,
736 1502 823 1564 quam
838 1482 991 1546 inimicum
1005 1481 1129 1547 deberet
1137 1481 1218 1547 Cae·

96 1603 196 1655 uren
216 1583 362 1664 babere),
384 1581 464 1647 buno
484 1580 676 1664 Epasnaotua
693 1581 873 1662 Murenae,
896 1582 1093 1649 amicissimus
1117 1583 1217 1666 populi

97 1683 247 1763 Romani,
264 1684 331 1748 siue
346 1682 532 1753 dubitatione
545 1682 607 1747 ulla
621 1682 754 1747 alnetum
768 1683 807 1748 ad
821 1679 986 1751 Caesarem
1001 1683 1137 1749 deduxit.

42 1787 87 1858 lb
188 1783 343 1853 Labienus
357 1785 478 1851 interim
498 1785 532 1849 in
544 1782 690 1851 Treueris
711 1796 851 1868 equestre
865 1786 1012 1868 proelium
1025 1787 1098 1851 lauit
1112 1804 1220 1850 seeun-
1243 1796 1277 1850 ta

100 1888 169 1955 dum
191 1888 439 1972 conpluribusque
452 1885 600 1952 Treueris
620 1887 789 1953 interiectis
808 1897 840 1952 et
854 1884 1036 1963 Germanis,
1059 1888 1110 1970 qui
1130 1886 1220 1951 nullis

99 1989 246 2057 aduersus
261 1988 416 2057 Romanos
430 1987 545 2055 auxilie
560 1989 761 2073 denegabant,
778 1989 928 2074 principes
943 2010 1047 2056 eorum
1056 1989 1220 2054 ainosred-

63 2090 157 2178 2iqit
169 2092 201 2157 in
216 2111 302 2159 ruam
315 2101 495 2177 potestatam
509 2100 600 2174 atque
614 2092 645 2156 in
661 2091 709 2157 bis
723 2089 835 2157 Sarum
850 2090 1025 2170 Haeduum,
1049 2090 1099 2174 qui
1113 2101 1146 2154 et
1159 2090 1220 2154 uir·

94 2193 174 2267 tofis
188 2205 220 2261 ot
234 2192 354 2280 penoris
370 2213 515 2259 summam
530 2193 715 2259 nobilitatem
731 2193 859 2258 babebat
872 2194 1013 2277 solusque
1030 2215 1072 2257 ex
1086 2191 1220 2258 Haeduis

43 2294 184 2369 stetit
200 2307 318 2382 tempus
331 2302 537 2381 permanserat
558 2295 591 2361 in
612 2297 715 2363 armis.
752 2294 799 2360 lia
814 2317 847 2360 re
862 2297 983 2379 eognita
997 2291 1133 2373 Caesar,
1155 2313 1222 2357 eum
1243 2303 1278 2358 td

99 2398 134 2465 iu
155 2398 291 2463 omnibus
312 2397 446 2481 partibus
469 2395 585 2463 Galliae
608 2398 685 2463 bene
705 2418 756 2462 rea
784 2399 851 2481 geri
880 2398 998 2463 uideret
1016 2397 1221 2479 iudicaretque

101 2499 307 2584 asperioribus
322 2500 447 2563 aestiuis
463 2497 592 2564 Galliam
607 2501 753 2565 deuictam
769 2501 981 2584 subactamque
997 2520 1080 2578 esse,
1095 2498 1221 2581 Aquita-

103 2602 182 2669 niam
199 2621 358 2684 nurnquam
373 2601 506 2680 adisset,
529 2621 583 2685 per
604 2600 744 2667 Publium
767 2598 912 2668 Crassum
934 2603 1059 2686 quadam
1081 2610 1222 2684 exparte

209 2859 228 2915 2
240 2857 344 2911 eonsilii
356 2859 396 2910 sni
411 2858 456 2910 be.
574 2860 590 2914 1
603 2858 714 2912 consilia
726 2859 839 2911 inissent
851 2858 875 2909 B
889 2856 1009 2919 ‘reema
1021 2853 1151 2907 rebellare
1163 2867 1221 2907 eoe-

102 2938 229 3007 piseente
243 2938 332 2990 Onon.
346 2941 374 2990 ot
381 2953 435 3005 pra
446 2952 507 2991 aar.
522 2936 586 2989 leet.
601 2954 625 2990 e.
729 2938 744 2988 5
758 2938 889 3002 uitamque
898 2935 922 2985 B
932 2930 1067 2998 ‘reliquit
1080 2931 1161 2981 ultera
1176 2928 1221 2978 be.

104 3018 233 3073 meos.-
247 3014 347 3069 Caerar
359 3024 444 3069 eutem
457 3016 584 3079 omuibus,
598 3016 642 3082 qui
655 3029 726 3066 arma
739 3016 865 3077 tulerant,
878 3026 968 3064 manns
980 3010 1090 3063 sustulit
1102 3014 1129 3060 et
1141 3007 1222 3057 uitam

101 3094 219 3163 reliquit,
234 3110 283 3161 qno
297 3095 420 3147 testatior
431 3101 504 3146 assat
515 3095 594 3146 etiam
607 3095 720 3162 porteris
733 3107 815 3161 poena
827 3091 1012 3161 improborum.
1126 3087 1142 3138 b
1156 3085 1223 3137 indi·

103 3171 204 3238 ‘ritate
216 3170 428 3234 senators,
444 3170 622 3235 indignatione
635 3169 654 3222 d
665 3169 738 3222 And.
754 3169 844 3221 Onon.
967 3165 983 3218 7
996 3171 1023 3219 el
1036 3162 1125 3214 dolore
1139 3177 1192 3214 ont.
1206 3175 1224 3212 ιι

103 3247 226 3301 iedrA.
331 3249 420 3316 paneis
433 3248 524 3301 diebus
537 3264 591 3302 orn.
606 3250 631 3301 b.
735 3249 752 3302 e
765 3249 822 3299 elbo
835 3263 864 3298 aa
873 3246 898 3298 Β
907 3244 1043 3312 ‘rele'qar'’‚
1056 3259 1085 3294 se
1099 3243 1158 3294 elbo
1171 3257 1185 3292 e
1197 3246 1226 3292 et

102 3325 316 3379 notrannus.
419 3327 577 3393 terseripsi
590 3325 626 3377 Β.
732 3325 764 3378 10
777 3325 884 3377 mutatis
898 3326 923 3377 b.
1041 3321 1221 3376 locrenses.

212 3404 243 3456 lt
256 3403 383 3456 Treueris
394 3404 428 3469 B,
442 3421 495 3456 non
508 3404 613 3456 Treuir.
717 3404 783 3456 lacit
795 3402 1051 3456 secundumll‘srsr.
1064 3399 1167 3465 mulli',
1182 3414 1223 3452 se·

104 3481 216 3532 aradum
229 3481 294 3532 iaeit
305 3496 334 3531 ιι.
439 3482 471 3534 lb
484 3480 660 3548 aomplurlbns
672 3488 699 3532 et
711 3478 793 3533 Troe.
807 3489 835 3532 et
847 3478 984 3531 Germania
998 3478 1146 3531 interiectis
1161 3479 1222 3541 bet,

103 3560 155 3625 ςιιι
165 3558 242 3608 etiam
254 3573 305 3622 pro
315 3562 410 3624 priore
422 3565 460 3624 et,
474 3575 488 3610 e
500 3559 598 3628 (coepi.
613 3564 642 3611 et
652 3557 779 3612 'l'raaaris
790 3559 837 3622 Β).
961 3558 1041 3611 nullia
1053 3558 1079 3610 Β
1092 3556 1225 3623 ‘rels'qae‘’,

104 3634 171 3689 ualil
183 3634 228 3686 be.
241 3634 305 3687 th.
318 3634 388 3703 Nep.
404 3635 497 3689 roem.
511 3637 538 3702 l,
554 3638 578 3690 l.
686 3636 717 3690 17
731 3636 895 3700 denegabant
906 3649 943 3687 m.
954 3649 999 3701 pr.
1012 3632 1047 3685 B.
1156 3633 1226 3684 retii·

104 3712 144 3779 eit
154 3713 183 3766 lu
194 3727 267 3767 suam
280 3721 435 3783 potestatem
449 3715 602 3778 scum
616 3715 643 3767 in
655 3730 730 3767 anam
742 3713 845 3780 redegit
856 3720 1011 3782 potestatem
1024 3725 1057 3773 u,
1070 3709 1120 3761 aad
1131 3711 1227 3778 redigit

105 3794 179 3845 ‘aare
192 3797 248 3844 met
255 3798 369 3859 praeter
386 3792 462 3845 bed’
475 3800 503 3846 et
517 3794 652 3861 ‘plerique
671 3793 795 3846 ordinem
806 3797 918 3845 mutant
930 3789 1025 3857 redigit
1036 3788 1064 3841 iu
1076 3803 1149 3840 ruam
1163 3789 1226 3856 pot'

214 3870 246 3923 18
258 3871 336 3923 bisB
349 3869 408 3922 edd.
423 3874 486 3923 enta
497 3870 573 3935 Ald,
587 3871 620 3921 lis
631 3869 721 3922 Aldus
732 3885 761 3922 ιι.
917 3869 1043 3921 uirtutem
1056 3866 1117 3918 BC.

87 3945 137 4001 ,31
152 3944 178 3997 lu
191 3959 245 3996 om.
259 3947 285 3997 b.
435 3945 553 4013 partibus
567 3943 804 4012 (tellumonem.
818 3950 882 3999 urata
894 3961 923 4010 ιι,
939 3943 1042 3996 Galliae
1056 3941 1174 4011 partibus
1185 3937 1228 4006 (ι)

105 4027 135 4077 el
144 4025 205 4074 eine
216 4025 396 4076 annotatione
408 4037 436 4073 ιι.
540 4024 598 4087 pari
610 4023 634 4075 B
648 4023 723 4076 ‘rnen
737 4023 788 4090 ll',
801 4030 891 4087 restas
903 4037 953 4074 ιιι.
1059 4019 1093 4076 22
1105 4014 1226 4081 aestiuis]

105 4100 183 4159 bellis
194 4100 230 4152 Β.
335 4100 519 4165 subactamque
532 4100 556 4151 B
571 4100 706 4168 ‘reliqui’,
722 4107 750 4154 et
761 4101 894 4152 subnotare
908 4100 1003 4155 bede.
1108 4096 1141 4153 2³
1156 4111 1229 4148 num·

106 4191 183 4247 quan
193 4177 226 4241 Β,
241 4191 295 4228 non
309 4190 387 4242 nnoq.
492 4175 592 4229 adisset
604 4175 628 4227 Β
642 4174 778 4242 ‘raliqat',
793 4177 849 4244 lpse
863 4176 963 4228 adisset
975 4193 989 4227 e
1001 4175 1073 4229 And.
1091 4173 1178 4226 Onon.
1192 4173 1227 4223 A.

215 4270 262 4323 per
274 4252 450 4322 B‘plarr'qaa’,
465 4254 512 4305 red
525 4269 573 4322 par
584 4270 633 4306 ιιι.
750 4253 868 4308 Publium
882 4254 914 4319 B,
929 4253 958 4306 P.
972 4271 1000 4305 ιι.
