2692 4688
82 185 147 255 ⁷28
473 172 604 242 BELLl
629 167 929 238 lllSl’ANlllNSlS

143 367 210 420 cum
233 353 354 438 propios
373 349 573 425 emersisset,
597 345 635 409 oli
650 343 805 428 oppidanis
820 354 868 408 est
887 343 1017 408 oeoisus.
1047 339 1168 410 Eodem
1182 357 1273 414 noete
1321 354 1324 369 “

143 455 299 540 transfuga
315 452 465 518 nuntiauit
478 447 652 534 Pompeium
669 457 701 512 et
713 444 882 511 Labienum
898 445 935 510 de
948 445 1136 532 iugulatioue
1151 450 1273 536 oppida.

86 560 130 631 19
146 579 252 623 norum
268 555 440 640 indignatos
454 572 534 618 esse.
563 549 677 636 vigilia
691 550 823 614 secunda
837 559 960 634 propter
980 550 1205 619 multitudinem
1226 562 1273 621 te·

143 663 240 727 lorum
256 659 348 723 turris
364 657 476 740 lignea,
493 675 569 738 quae
584 664 688 718 nostra
704 651 823 730 fuisset,
839 649 875 715 ab
890 651 949 716 iuro
964 652 1073 719 uitium
1089 655 1162 720 feeit
1177 678 1273 742 usquo

95 763 130 829 d
144 763 182 827 ad
204 760 369 825 tabulatum
390 758 553 823 seeundum
584 766 615 820 et
637 755 768 819 tertium.
807 751 922 818 Eodem
946 765 1082 840 tempure
1103 771 1161 843 pro'
1181 773 1305 827 munet

145 873 315 948 pugnarunt
330 861 476 926 acerrimo
491 870 523 922 et
538 858 641 923 turrim
658 868 790 921 uosurm
805 867 839 919 ut
852 857 1040 940 superiorem
1055 860 1272 945 incenderunt,

110 962 258 1031 dideirco
280 965 357 1046 qnod
381 973 502 1027 uentum
527 960 665 1051 oppidani
687 958 850 1024 secundum
874 958 1055 1026 habuerunt.
1094 961 1273 1053 Insequenti

144 1068 212 1132 lnoo
226 1065 453 1130 materfamilias
467 1066 503 1128 de
518 1083 604 1127 muro
619 1083 653 1126 so
668 1062 789 1140 deiecit,
805 1062 843 1125 ad
858 1081 914 1126 nos
929 1063 1072 1129 transiliit
1086 1066 1223 1151 dixitque
1237 1088 1274 1134 se

145 1190 211 1232 oum
227 1168 337 1233 familia
355 1168 547 1231 constitutum
564 1164 721 1243 habuisse,
739 1175 772 1228 ut
787 1185 845 1228 uua
861 1166 1087 1252 transfugerent
1100 1168 1139 1232 ad
1155 1166 1272 1235 Caesa·

109 1271 227 1335 dmm:
252 1270 332 1335 illam
349 1289 521 1354 oppressam
538 1279 565 1332 et
582 1267 758 1350 iugulatam.
791 1265 858 1330 lloo
880 1269 1044 1351 praetexite
1066 1281 1200 1354 tempore
1225 1283 1271 1337 ta·
1293 1282 1322 1337 tt

145 1372 241 1437 bedae
265 1372 302 1435 de
322 1393 408 1435 muro
431 1382 501 1435 sunt
525 1370 678 1447 deiectae,
702 1369 855 1452 inquibus
871 1370 1015 1456 seriptum
1030 1382 1078 1436 est
1091 1371 1269 1439 inuentumr

147 1471 198 1537 ‘ln
216 1472 371 1538 Munatius
388 1469 527 1537 Caesari.
561 1469 596 1537 Si
618 1473 689 1536 mihi
712 1473 803 1536 uitam
826 1472 961 1554 tribues,
984 1474 1121 1557 quoniam
1146 1474 1184 1538 ab
1207 1471 1270 1540 Cn.

146 1573 289 1658 Pompeio
304 1597 369 1638 sum
385 1576 534 1654 desertus,
551 1573 666 1656 qualem
682 1592 730 1637 roe
744 1574 787 1638 illi
803 1575 950 1659 praestiti,
968 1574 1018 1639 tali
1030 1574 1143 1640 uirtute
1152 1587 1186 1639 et
1196 1598 1272 1642 con·

110 1676 257 1741 ostentio
281 1676 439 1760 [futuram]
463 1695 511 1739 me
534 1675 565 1738 in
587 1685 617 1739 te
638 1676 820 1759 praestaho’.
852 1675 964 1741 llodem
978 1685 1110 1758 tempore
1126 1676 1269 1759 oppidani

145 1778 250 1863 legati,
266 1778 315 1862 qul
331 1777 585 1855 consencierunt,
603 1774 768 1843 Caesarem
784 1779 940 1844 adierunt:
963 1775 1059 1842 nisibi
1078 1775 1170 1841 utam
1193 1798 1266 1842 con·
1293 1791 1326 1844 tt

109 1877 279 1959 (inodaret,
295 1902 363 1945 sese
378 1880 548 1962 insequenti
562 1880 629 1944 luce
645 1880 783 1965 oppidum
800 1901 867 1946 esse
882 1881 1047 1946 dedituros.
1078 1875 1195 1963 Quibus
1215 1901 1268 1946 ra-

125 2030 128 2035 .
146 1982 282 2067 sponditr
308 2002 340 2046 se
356 1979 520 2046 Caesarem
535 2002 604 2046 esse
620 1982 763 2067 fidemque
779 1993 1013 2068 praestaturum.
1043 1981 1091 2048 lta
1105 1992 1176 2048 unte
1192 1982 1271 2048 diem

88 2081 133 2154 20
144 2094 183 2148 xl
194 2080 266 2148 lial.
274 2081 370 2148 Mart.
388 2084 494 2170 oppido
510 2084 621 2167 potitus
636 2085 799 2167 imperator
814 2096 863 2149 est
875 2085 1053 2171 appellatus.
1077 2081 1164 2168 Quod
1178 2082 1269 2150 Pom·

147 2185 231 2272 prim
246 2206 287 2252 ex
303 2188 437 2273 perfugis
452 2208 518 2251 enm
534 2186 714 2250 deditionem
726 2187 824 2272 oppidi
836 2190 946 2253 laetam
955 2209 1025 2253 esse
1032 2189 1153 2264 scisset,
1167 2197 1270 2252 oasim

146 2290 240 2354 mouit
255 2289 384 2355 chbim
400 2310 506 2354 uersus
522 2299 553 2355 et
567 2289 679 2353 circum
695 2309 730 2353 ea
747 2289 812 2354 loca
827 2291 951 2356 castella
965 2291 1114 2376 disposuit
1128 2302 1160 2354 et
1173 2290 1271 2355 mnni-
1291 2298 1325 2355 ιι

147 2392 279 2457 tionibus
294 2414 328 2457 so
343 2393 499 2456 continere
515 2391 622 2477 eoepit.
642 2387 758 2456 Caesar
770 2393 864 2456 mouit
874 2405 907 2458 et
918 2394 1041 2479 propius
1052 2403 1152 2458 eastra
1161 2393 1271 2459 nstris

110 2493 285 2559 2oontulit.
318 2493 432 2558 Eodem
456 2506 588 2578 tempore
611 2511 698 2559 mane
718 2494 861 2559 loricatus
880 2517 955 2561 unus
972 2517 1014 2560 ex
1028 2495 1149 2581 logione
1163 2516 1271 2561 uerna·

147 2594 216 2657 onla
236 2594 274 2657 ad
297 2617 353 2659 nos
370 2597 532 2680 transfugit
546 2607 577 2660 et
591 2596 744 2661 nuntiauit
758 2594 932 2683 Pompeium
947 2598 1111 2684 oppidanos
1127 2596 1270 2663 Venien-

147 2715 197 2761 ιιι
212 2718 397 2764 conuocasse
412 2698 514 2781 eisque
529 2698 571 2762 ita
587 2699 802 2783 imperauisse,
827 2710 860 2764 ut
881 2701 1033 2783 diligentia
1053 2700 1187 2764 adhibita
1203 2721 1271 2786 per·

146 2799 311 2881 quinaren't,
324 2802 488 2885 quiessent
500 2820 619 2864 suarum
632 2801 759 2886 partium
772 2802 902 2883 itemque
914 2799 1156 2864 aduersariorum
1175 2803 1273 2868 uicto·
1294 2814 1326 2869 tt

111 2896 211 2965 drino
227 2904 371 2969 fautores.
397 2903 465 2968 Hoc
477 2904 637 2989 praeterito
649 2903 820 2988 temporein
831 2901 950 2986 oppido,
967 2901 1045 2984 quod
1061 2900 1117 2964 fuit
1131 2912 1266 2985 captum,

146 3021 254 3068 seruus
274 3017 322 3070 est
344 3026 470 3091 prensus
492 3007 523 3069 io
538 3005 695 3084 cuniculo,
721 3025 806 3089 quem
821 3024 911 3088 supra
926 3001 1198 3068 demousuauimus
1213 3005 1270 3069 do·

109 3100 131 3163 4
145 3103 257 3167 minum
272 3107 444 3192 iugulasser
468 3110 494 3172 is
510 3109 598 3173 uiuus
614 3119 660 3172 eut
676 3107 857 3173 combustus.
883 3105 1024 3192 lquuo
1038 3104 1181 3190 temporis
1197 3128 1270 3172 oeu-

145 3203 281 3270 turioues
297 3208 413 3274 loricati
429 3218 488 3274 Vttt
504 3211 539 3274 ad
551 3207 713 3275 Caesarem
730 3211 953 3296 transfugerunt
970 3230 1011 3275 ex
1026 3209 1143 3293 legione
1158 3228 1270 3271 uerna·

146 3308 223 3386 cula,
240 3318 272 3373 et
286 3310 400 3394 equites
416 3312 511 3376 nostri
528 3336 594 3377 oum
604 3313 851 3379 aduersariorum
862 3310 1009 3397 equitibus
1019 3310 1174 3395 congressi
1184 3322 1267 3390 suut,
1292 3321 1324 3374 ιι

253 3550 351 3601 luda.
456 3553 619 3605 tabuooa.
725 3554 1125 3621 dpugntruutab‚pngoatum
1138 3551 1268 3604 Addunt.

250 3635 336 3680 elom.
347 3630 372 3680 d.
467 3631 637 3681 incenderent
646 3631 660 3680 t
670 3635 766 3680 etanta
775 3645 847 3682 corr.
858 3647 885 3682 ιι.
973 3627 1208 3696 διιιιιοιῐιιιὶιίιιι]
1216 3644 1270 3682 nt·

143 3701 235 3753 teriam
248 3704 318 3756 illurn
331 3722 358 3757 o.
471 3708 501 3756 ad
516 3708 565 3771 ab,
579 3715 606 3758 ot
619 3707 650 3759 sd
664 3722 691 3757 ιι.
798 3707 914 3758 transilit
926 3708 975 3758 ab.
1082 3706 1268 3773 fdpraeterito

144 3791 203 3840 ogo,
217 3790 353 3844 praeterea
368 3783 444 3834 codd.
578 3783 609 3834 12
623 3782 753 3834 ldunatius
766 3799 782 3833 a
796 3783 855 3833 cod.
871 3781 947 3849 Vre..
960 3781 1086 3835 Minatius
1100 3785 1115 3834 d
1128 3799 1157 3835 ιι.

143 3853 273 3908 tribueres
288 3862 312 3910 t.
431 3863 462 3913 lt
476 3862 589 3913 futurum
605 3860 789 3928 Glandorpfur
802 3860 946 3915 defendunt
958 3863 1041 3915 cadit.
1162 3870 1188 3913 te
1203 3863 1227 3927 d,
1242 3869 1268 3913 tt

142 3943 202 3978 esse
215 3931 324 3996 reliqui.
438 3939 588 4004 oppidania
602 3939 626 4002 t,
642 3939 826 4007 oppidanorum
841 3953 867 3988 ιι.
977 3940 1009 3991 16
1021 3941 1080 3991 lnee
1092 3954 1109 3989 ιι
1119 3938 1148 4002 d,
1163 3938 1207 3988 die
1220 3936 1269 3988 At·

140 4005 192 4056 dor
205 4022 232 4057 ιι.
340 4013 371 4061 17
384 4015 560 4078 praebiturum
575 4018 598 4067 u.
707 4017 738 4068 f8
750 4033 778 4068 ιιι
791 4024 817 4068 ιι
829 4013 910 4068 marti.
924 4033 951 4081 ιι,
965 4033 993 4069 xr
1007 4015 1120 4069 liulend.
1134 4014 1226 4067 lllrrtii
1239 4029 1266 4066 ιι.

250 4082 283 4137 20
297 4093 324 4136 et
336 4087 432 4139 cineum
447 4092 462 4140 d
476 4096 504 4140 et
515 4109 585 4142 ιιιιιιι
598 4092 663 4156 det„
678 4091 724 4143 sad
738 4092 834 4144 circum
848 4093 959 4159 reliqui.
1082 4092 1116 4148 2³
1130 4093 1267 4145 nuntiasse

135 4176 161 4228 a,
178 4161 283 4216 nuntiat
296 4163 321 4216 d.
439 4166 614 4222 ttntuttao.
728 4169 1155 4238 tfprensnsod,preleusnsu.

126 4245 262 4303 domiuum
276 4265 293 4303 a
308 4248 333 4303 d.
445 4246 479 4303 ft
494 4246 699 4313 transfugerant
710 4264 727 4299 o
738 4248 766 4299 u.
869 4247 916 4311 unt
924 4251 995 4299 tet.
