2684 4694
519 204 841 272 ...177-

115 389 150 444 et
162 380 203 444 ito
221 379 251 441 in
266 378 385 462 optimis
406 379 491 443 codd.
515 377 575 463 legi
596 377 707 443 indicio
723 388 782 456 eat,
803 378 882 461 quod
898 377 1010 462 ‘opere'
1025 398 1065 443 ex
1079 375 1152 444 Par.
1170 400 1233 447 sec.

115 491 289 547 ennomtnr.
314 477 376 546 Sed
391 481 421 544 in
438 482 484 546 his
499 480 600 546 uerbis
616 481 784 546 desiderate
800 491 848 544 cet
862 482 1105 546 commemoratio
1116 503 1233 565 eornm,

113 585 168 669 qui
182 602 274 668 opere
288 606 306 648 a
322 606 400 649 nona
416 585 535 666 legione
549 584 768 646 circummuniti
785 594 898 648 essent.
923 579 982 646 Cui
997 586 1041 649 rei
1057 583 1235 654 Oudendor-

113 687 240 771 pinsita
254 687 415 763 succurrit,
433 696 468 750 nt
481 706 522 749 ex
537 696 679 769 quattuor
686 686 886 750 deterioribus
895 686 981 749 codd.
991 687 1095 750 ederet
1107 691 1233 773 ‘opera’.

115 786 231 852 Verum
244 808 313 851 uum
327 808 418 871 opera
431 789 655 852 circummuniri
671 808 707 851 ea
722 788 823 852 dicere
839 788 946 865 liccat,
964 808 1047 873 quse
1063 789 1093 851 in
1108 790 1236 857 circuitu

113 891 305 969 muniuntur,
323 890 519 954 uehementer
533 891 647 955 dubito.
674 888 797 974 ‘Opere'
813 910 887 953 uero
905 891 1172 957 ‘circummuniret’
1187 915 1237 959 re-

115 993 283 1058 ctissimum
299 1003 366 1055 est:
384 1013 452 1056 nam
468 1014 509 1056 ex
523 992 727 1077 superioribus
743 992 844 1056 uerbis
859 992 1050 1057 accusatinns
1069 992 1237 1080 ‘Pompeia-

115 1114 172 1160 nns
186 1094 297 1179 copias'
312 1095 506 1160 asciscendus
522 1107 579 1160 cst.
607 1093 728 1159 ‘Eodem
750 1098 835 1159 modo
857 1095 955 1158 oratio
976 1095 1115 1161 instituta
1137 1110 1184 1162 est
1203 1099 1235 1163 b.

113 1196 199 1262 Gett.
215 1195 288 1276 VII,
311 1195 366 1277 81,
389 1196 409 1260 ³
432 1197 503 1261 ‘dat
524 1197 595 1262 tuba
617 1197 735 1281 signum
756 1198 820 1262 suis
835 1195 1069 1282 Vercingetorix
1091 1210 1180 1282 atque
1196 1221 1237 1266 ex

116 1301 224 1385 oppido
238 1300 358 1364 educit'.

201 1399 240 1467 C.
256 1401 312 1481 67,
330 1402 347 1465 l
364 1402 395 1466 in
411 1403 458 1466 bis
473 1404 591 1468 uerbis:
612 1403 672 1469 ‘Eo
687 1405 774 1490 siguo
790 1404 917 1487 legionis
933 1404 1015 1467 illato
1030 1405 1237 1486 speculatores

117 1502 243 1571 Cecsari
259 1505 480 1569 renuntiarunt.
504 1504 572 1570 IIoo
587 1508 664 1570 idem
679 1508 778 1571 uisum
792 1526 833 1569 cx
850 1504 1238 1590 strpcrioribusqnibnadam

116 1608 248 1673 castellis
264 1609 530 1673 confirmauerant'
546 1612 719 1675 necessario
734 1608 923 1674 scribendum
936 1617 1007 1671 ernt
1018 1614 1027 1646 ‘
1038 1610 1236 1677 confirmaue-

115 1712 208 1774 rcut'.
243 1707 508 1775 confirmationem
529 1712 610 1776 enim
633 1713 767 1775 nuntium
787 1709 873 1792 sequi
898 1721 1051 1788 tenemus,
1083 1712 1116 1775 ni
1139 1712 1235 1777 lallor.

116 1811 191 1877 Item
209 1821 284 1876 ‘rem
300 1813 487 1876 nuntiarnut’
503 1837 518 1876 o
536 1810 669 1877 Caesare
689 1813 830 1897 scriptum
848 1831 918 1875 esse
938 1822 1053 1875 certum
1076 1822 1123 1876 est
1143 1813 1234 1878 mihis

115 1935 184 1980 nnuc
203 1914 449 1990 ‘renuntiarunt',
467 1913 524 1976 atsi
539 1932 600 1977 non
616 1917 735 1991 fulsum,
759 1923 857 1978 tamen
874 1915 1062 1978 durissimum
1078 1926 1135 1978 est.
1170 1913 1238 1979 Ex·

114 2017 233 2099 cipiunt
248 2016 340 2077 bacca
360 2011 403 2078 ‘Is
418 2014 501 2076 locus
515 2015 652 2079 aberata
668 2015 753 2078 nonis
760 2012 893 2097 Pompeii
909 2017 1018 2079 cestris
1033 2016 1155 2080 circiter
1171 2038 1238 2101 pnn-

114 2138 170 2183 aus
188 2116 379 2200 quingentos.
404 2113 491 2178 Ilanc
506 2116 651 2200 legionem
661 2135 785 2198 sperans
793 2111 909 2178 Cacsar
923 2136 957 2179 se
972 2119 1140 2201 opprimere
1149 2141 1237 2202 posse

114 2231 149 2285 et
162 2218 289 2303 cupiens
304 2219 369 2281 eins
384 2218 443 2281 diei
458 2218 669 2281 detrimentum
685 2217 812 2294 sarcire,
829 2216 990 2299 reliqnitin
1001 2221 1237 2300 operccohortea

116 2325 205 2401 duas,
231 2342 307 2399 quac
330 2321 461 2404 speciem
483 2319 658 2384 munitionis
680 2319 876 2403 praeberent,
900 2318 965 2402 ipse
980 2319 1101 2384 diuerso
1117 2322 1237 2403 itinere,

117 2445 206 2509 quam
229 2424 326 2508 potnit
347 2422 570 2500 occultissime,
594 2422 723 2505 reliquas
739 2421 877 2484 cohortes
894 2442 1018 2487 numero
1033 2419 1189 2502 XXXIII,
1205 2424 1239 2488 in

118 2528 226 2611 quibua
249 2537 315 2591 crat
335 2524 416 2608 legio
438 2545 516 2588 nona
531 2524 632 2588 multis
647 2523 767 2587 amissis
782 2524 1005 2593 centurionibus
1027 2526 1239 2610 deminutoque

118 2627 245 2693 militum
267 2648 411 2704 numero,
435 2628 471 2690 ad
494 2625 643 2709 legionem
658 2623 792 2709 Pompeii
814 2636 973 2709 castraque
997 2629 1114 2693 minora
1129 2629 1238 2715 duplici

117 2730 185 2796 acie
200 2730 309 2793 duxit’.
340 2727 467 2808 Verum,
491 2750 557 2792 cnm
573 2724 692 2793 Caesar
706 2739 805 2792 cestra
819 2729 905 2793 iuxta
920 2727 1093 2813 Pompeium
1110 2733 1240 2796 muniret

117 2838 164 2911 (c.
180 2830 222 2897 65
238 2836 349 2910 extr),
364 2830 537 2896 incredibile
552 2842 599 2896 est
614 2852 682 2894 eum
698 2830 771 2895 duas
788 2831 927 2895 cohortes
938 2834 1143 2915 eamspecicm
1153 2854 1239 2916 prce·

117 2937 234 3001 bitures
249 2935 453 3010 existimasse,
477 2943 510 2995 ut
525 2930 684 3017 Pompeius
698 2953 733 2996 re
748 2954 822 2996 uera
837 2944 937 2996 castra
952 2934 1060 2997 muniri
1077 2935 1240 2998 arbitrare·

117 3051 181 3103 tur.
213 3036 330 3102 Deinde
352 3037 429 3119 qnod
451 3036 591 3119 deinceps
607 3030 724 3098 Cacsar
737 3035 869 3117 reliquas
885 3036 1023 3099 cobortes
1039 3036 1074 3098 cd
1090 3035 1239 3119 legionem

117 3138 253 3224 Pompeii
283 3137 504 3222 opprimendam
527 3154 560 3200 se
581 3137 706 3199 duxisse
727 3136 850 3212 scribit,
882 3156 986 3199 omnes
1013 3139 1132 3222 copias,
1163 3160 1240 3222 qnae

118 3242 308 3328 praeterhac
324 3240 464 3304 cohortes
478 3239 620 3315 aderant,
645 3237 677 3300 in
698 3237 806 3301 castris
821 3238 941 3302 relictas
957 3259 1025 3304 ease
1040 3242 1239 3306 demonstrat.

117 3344 214 3428 Atqui
235 3343 323 3428 longe
345 3343 445 3429 plures
464 3336 594 3404 XXXV
609 3337 782 3403 cohortibus
804 3349 866 3401 tum
889 3340 1009 3406 affuisse
1030 3343 1078 3406 nel
1094 3365 1137 3408 ex
1151 3367 1177 3406 c.
1196 3341 1240 3408 75

117 3447 266 3512 uidemus.
305 3443 387 3509 Nam
407 3467 473 3509 cnm
490 3438 607 3507 Caesar
628 3442 728 3506 statim
751 3453 819 3525 post
832 3462 895 3505 rem
911 3444 988 3508 male
1003 3456 1138 3529 gestam,
1163 3467 1241 3529 quac

119 3549 261 3632 deinceps
281 3549 429 3624 retertur,
451 3547 482 3610 in
499 3545 687 3611 Thessaliam
704 3543 963 3629 prolicIsceretur,
987 3568 1075 3610 unam
1093 3549 1239 3631 legionem

118 3651 339 3737 impedimentis
355 3649 502 3733 praesidio
517 3648 682 3735 praemisit,
701 3649 773 3710 duan
787 3648 819 3710 in
834 3647 944 3711 castris
954 3650 1091 3729 retinuit,
1110 3652 1239 3735 reliquas

119 3756 225 3819 eodem
241 3753 367 3829 itinere,
392 3772 449 3833 quo
465 3751 692 3835 impedimenta,
710 3749 789 3812 misit
812 3759 843 3812 et
857 3749 943 3833 paulo
960 3762 1026 3835 post
1040 3753 1103 3836 ipse
1119 3763 1242 3818 secutus

119 3867 178 3921 ent.
209 3853 314 3939 Itaque
335 3852 488 3916 minimum
510 3853 640 3934 quinque
665 3851 798 3933 legiones
825 3851 984 3917 alluerant.
1024 3850 1242 3919 Demonstraui

119 3968 221 4021 autem
237 3977 328 4039 sopcn
343 3975 373 4037 p.
392 3952 452 4016 153
468 3974 533 4036 sqq.
551 3949 716 4016 Caesarem
737 3953 856 4015 omnino
876 3953 908 4017 in
924 3952 1054 4020 Graecia
1075 3957 1177 4020 decem
1199 3957 1242 4021 le-

121 4059 228 4145 giones
242 4058 393 4123 babuisse.
424 4053 476 4118 Ex
491 4075 527 4118 eo
544 4074 669 4119 numero
683 4055 740 4117 boc
756 4064 889 4139 tempore
903 4057 1043 4122 aluerunt
1057 4060 1132 4122 duae
1147 4060 1242 4141 legio·

122 4181 177 4225 nea
191 4183 259 4226 cum
275 4158 407 4224 Domitio
423 4153 551 4220 Caluino
566 4156 597 4219 in
613 4153 810 4235 Macedonia,
834 4158 1002 4240 quindecim
1018 4162 1158 4225 cohortes
1173 4179 1240 4221 cnm

121 4260 208 4327 Fufio
231 4259 347 4329 Caleno
370 4261 399 4324 in
422 4259 554 4340 Achaia3
578 4269 640 4323 tres
663 4257 803 4323 cohortes
827 4256 910 4324 Orici
932 4271 1019 4324 ercut
1038 4263 1069 4325 in
1092 4258 1245 4345 prccaidio

152 4361 244 4419 ccam,
259 4361 296 4408 se.
311 4361 417 4420 nsppcrc.
1003 4362 1047 4427 ῃ
