<?xml version="1.0" encoding="UTF-8"?>
<!DOCTYPE html PUBLIC "-//W3C//DTD XHTML 1.0 Transitional//EN"
    "http://www.w3.org/TR/xhtml1/DTD/xhtml1-transitional.dtd">
<html xmlns="http://www.w3.org/1999/xhtml" xml:lang="en" lang="en">
 <head>
  <title>
</title>
<meta http-equiv="Content-Type" content="text/html;charset=utf-8" />
  <meta name='ocr-system' content='tesseract 3.04.00' />
  <meta name='ocr-capabilities' content='ocr_page ocr_carea ocr_par ocr_line ocrx_word'/>
</head>
<body>
  <div class='ocr_page' id='page_1' title='image "./civliicaesarisc02hirtgoog_0659.png"; bbox 0 0 2692 4688; ppageno 0'>
   <div class='ocr_carea' id='block_1_1' title="bbox 83 180 935 271">
    <p class='ocr_par' dir='ltr' id='par_1_1' title="bbox 83 180 935 271">
     <span class='ocr_line' id='line_1_1' title="bbox 83 180 935 271; baseline -0.012 -15"><span class='ocrx_word' id='word_1_1' title='bbox 83 189 149 256; x_wconf 80' lang='lat' dir='ltr'><strong>ute</strong></span> <span class='ocrx_word' id='word_1_2' title='bbox 190 267 193 271; x_wconf 12' lang='lat' dir='ltr'><strong>q</strong></span> <span class='ocrx_word' id='word_1_3' title='bbox 476 184 604 251; x_wconf 76' lang='lat' dir='ltr'><strong>Ruunt</strong></span> <span class='ocrx_word' id='word_1_4' title='bbox 627 180 935 250; x_wconf 78' lang='lat' dir='ltr'><strong>atuxattutttnl</strong></span> 
     </span>
    </p>
   </div>
   <div class='ocr_carea' id='block_1_2' title="bbox 87 351 1322 3615">
    <p class='ocr_par' dir='ltr' id='par_1_2' title="bbox 87 351 1278 753">
     <span class='ocr_line' id='line_1_2' title="bbox 144 351 1276 443; baseline 0.001 -21"><span class='ocrx_word' id='word_1_5' title='bbox 144 381 202 443; x_wconf 90' lang='lat' dir='ltr'><strong>que</strong></span> <span class='ocrx_word' id='word_1_6' title='bbox 224 359 370 423; x_wconf 78' lang='lat' dir='ltr'><strong>inlustres</strong></span> <span class='ocrx_word' id='word_1_7' title='bbox 392 358 449 422; x_wconf 92' lang='lat' dir='ltr'><strong>uiri</strong></span> <span class='ocrx_word' id='word_1_8' title='bbox 472 359 627 436; x_wconf 87' lang='lat' dir='ltr'><strong>nonnulli,</strong></span> <span class='ocrx_word' id='word_1_9' title='bbox 652 359 766 440; x_wconf 88' lang='lat' dir='ltr'><strong>equites</strong></span> <span class='ocrx_word' id='word_1_10' title='bbox 781 355 923 419; x_wconf 83' lang='lat' dir='ltr'><strong>Romani.</strong></span> <span class='ocrx_word' id='word_1_11' title='bbox 956 351 1026 436; x_wconf 81' lang='lat' dir='ltr'><strong>Quo</strong></span> <span class='ocrx_word' id='word_1_12' title='bbox 1043 366 1144 421; x_wconf 88' lang='lat' dir='ltr'><strong>tamen</strong></span> <span class='ocrx_word' id='word_1_13' title='bbox 1160 358 1276 423; x_wconf 86' lang='lat' dir='ltr'><strong>incom-</strong></span> 
     </span>
     <span class='ocr_line' id='line_1_3' title="bbox 145 457 1278 544; baseline 0.004 -21"><span class='ocrx_word' id='word_1_14' title='bbox 145 461 234 524; x_wconf 91' lang='lat' dir='ltr'><strong>modo</strong></span> <span class='ocrx_word' id='word_1_15' title='bbox 249 459 400 525; x_wconf 75' lang='lat' dir='ltr'><strong>Domitius</strong></span> <span class='ocrx_word' id='word_1_16' title='bbox 425 472 548 544; x_wconf 88' lang='lat' dir='ltr'><strong>accepto</strong></span> <span class='ocrx_word' id='word_1_17' title='bbox 572 460 715 542; x_wconf 81' lang='lat' dir='ltr'><strong>reliquias</strong></span> <span class='ocrx_word' id='word_1_18' title='bbox 730 459 883 523; x_wconf 82' lang='lat' dir='ltr'><strong>exereitus</strong></span> <span class='ocrx_word' id='word_1_19' title='bbox 899 457 1035 542; x_wconf 88' lang='lat' dir='ltr'><strong>dissipati</strong></span> <span class='ocrx_word' id='word_1_20' title='bbox 1052 459 1177 543; x_wconf 75' lang='lat' dir='ltr'><strong>collegit</strong></span> <span class='ocrx_word' id='word_1_21' title='bbox 1191 462 1278 528; x_wconf 90' lang='lat' dir='ltr'><strong>itine-</strong></span> 
     </span>
     <span class='ocr_line' id='line_1_4' title="bbox 87 560 1274 647; baseline 0.004 -22"><span class='ocrx_word' id='word_1_22' title='bbox 87 563 289 644; x_wconf 83' lang='lat' dir='ltr'><strong>41ribusque</strong></span> <span class='ocrx_word' id='word_1_23' title='bbox 313 565 384 627; x_wconf 91' lang='lat' dir='ltr'><strong>tutis</strong></span> <span class='ocrx_word' id='word_1_24' title='bbox 409 584 462 646; x_wconf 90' lang='lat' dir='ltr'><strong>per</strong></span> <span class='ocrx_word' id='word_1_25' title='bbox 477 560 695 647; x_wconf 78' lang='lat' dir='ltr'><strong>Cappadociam</strong></span> <span class='ocrx_word' id='word_1_26' title='bbox 719 583 751 625; x_wconf 90' lang='lat' dir='ltr'><strong>sc</strong></span> <span class='ocrx_word' id='word_1_27' title='bbox 774 563 805 623; x_wconf 94' lang='lat' dir='ltr'><strong>iu</strong></span> <span class='ocrx_word' id='word_1_28' title='bbox 821 561 926 623; x_wconf 80' lang='lat' dir='ltr'><strong>Asiam</strong></span> <span class='ocrx_word' id='word_1_29' title='bbox 943 560 1067 643; x_wconf 89' lang='lat' dir='ltr'><strong>recepit.</strong></span> <span class='ocrx_word' id='word_1_30' title='bbox 1099 560 1274 630; x_wconf 83' lang='lat' dir='ltr'><strong>Pharnaces</strong></span> 
     </span>
     <span class='ocr_line' id='line_1_5' title="bbox 146 661 1273 753; baseline 0.001 -24"><span class='ocrx_word' id='word_1_31' title='bbox 146 665 237 729; x_wconf 91' lang='lat' dir='ltr'><strong>rebus</strong></span> <span class='ocrx_word' id='word_1_32' title='bbox 252 666 392 728; x_wconf 89' lang='lat' dir='ltr'><strong>secundis</strong></span> <span class='ocrx_word' id='word_1_33' title='bbox 408 665 516 743; x_wconf 90' lang='lat' dir='ltr'><strong>elatus,</strong></span> <span class='ocrx_word' id='word_1_34' title='bbox 533 687 599 728; x_wconf 92' lang='lat' dir='ltr'><strong>cum</strong></span> <span class='ocrx_word' id='word_1_35' title='bbox 616 666 651 727; x_wconf 88' lang='lat' dir='ltr'><strong>de</strong></span> <span class='ocrx_word' id='word_1_36' title='bbox 662 661 795 727; x_wconf 87' lang='lat' dir='ltr'><strong>Caesare</strong></span> <span class='ocrx_word' id='word_1_37' title='bbox 811 683 858 739; x_wconf 86' lang='lat' dir='ltr'><strong>ea,</strong></span> <span class='ocrx_word' id='word_1_38' title='bbox 876 683 953 744; x_wconf 92' lang='lat' dir='ltr'><strong>quae</strong></span> <span class='ocrx_word' id='word_1_39' title='bbox 968 664 1103 746; x_wconf 85' lang='lat' dir='ltr'><strong>optabat,</strong></span> <span class='ocrx_word' id='word_1_40' title='bbox 1121 678 1273 753; x_wconf 77' lang='lat' dir='ltr'><strong>speqaret,</strong></span> 
     </span>
    </p>

    <p class='ocr_par' dir='ltr' id='par_1_3' title="bbox 109 764 1306 1056">
     <span class='ocr_line' id='line_1_6' title="bbox 109 764 1306 850; baseline 0.002 -18"><span class='ocrx_word' id='word_1_41' title='bbox 109 767 131 832; x_wconf 81' lang='lat'>2</span> <span class='ocrx_word' id='word_1_42' title='bbox 146 766 276 831; x_wconf 89' lang='lat' dir='ltr'><strong>Pontum</strong></span> <span class='ocrx_word' id='word_1_43' title='bbox 292 767 428 832; x_wconf 93' lang='lat' dir='ltr'><strong>omuibus</strong></span> <span class='ocrx_word' id='word_1_44' title='bbox 444 768 538 850; x_wconf 89' lang='lat' dir='ltr'><strong>copiis</strong></span> <span class='ocrx_word' id='word_1_45' title='bbox 553 767 708 850; x_wconf 91' lang='lat' dir='ltr'><strong>occupauit</strong></span> <span class='ocrx_word' id='word_1_46' title='bbox 725 764 823 847; x_wconf 89' lang='lat' dir='ltr'><strong>ibique</strong></span> <span class='ocrx_word' id='word_1_47' title='bbox 840 775 871 828; x_wconf 90' lang='lat' dir='ltr'><strong>et</strong></span> <span class='ocrx_word' id='word_1_48' title='bbox 885 764 986 828; x_wconf 85' lang='lat' dir='ltr'><strong>uictor</strong></span> <span class='ocrx_word' id='word_1_49' title='bbox 1000 775 1031 829; x_wconf 92' lang='lat' dir='ltr'><strong>ct</strong></span> <span class='ocrx_word' id='word_1_50' title='bbox 1046 767 1272 834; x_wconf 87' lang='lat' dir='ltr'><strong>crudelissimus</strong></span> <span class='ocrx_word' id='word_1_51' title='bbox 1292 784 1306 833; x_wconf 83' lang='lat' dir='ltr'><strong>t</strong></span> 
     </span>
     <span class='ocr_line' id='line_1_7' title="bbox 146 868 1275 953; baseline 0.004 -21"><span class='ocrx_word' id='word_1_52' title='bbox 146 890 216 944; x_wconf 87' lang='lat' dir='ltr'><strong>rex,</strong></span> <span class='ocrx_word' id='word_1_53' title='bbox 229 892 295 932; x_wconf 92' lang='lat' dir='ltr'><strong>cum</strong></span> <span class='ocrx_word' id='word_1_54' title='bbox 311 869 369 932; x_wconf 89' lang='lat' dir='ltr'><strong>sibi</strong></span> <span class='ocrx_word' id='word_1_55' title='bbox 386 872 533 933; x_wconf 79' lang='lat' dir='ltr'><strong>fortunam</strong></span> <span class='ocrx_word' id='word_1_56' title='bbox 551 880 705 953; x_wconf 86' lang='lat' dir='ltr'><strong>paternam</strong></span> <span class='ocrx_word' id='word_1_57' title='bbox 720 868 854 932; x_wconf 79' lang='lat' dir='ltr'><strong>feliciore</strong></span> <span class='ocrx_word' id='word_1_58' title='bbox 867 878 979 930; x_wconf 88' lang='lat' dir='ltr'><strong>euentu</strong></span> <span class='ocrx_word' id='word_1_59' title='bbox 990 868 1169 948; x_wconf 90' lang='lat' dir='ltr'><strong>destinaret,</strong></span> <span class='ocrx_word' id='word_1_60' title='bbox 1182 875 1275 936; x_wconf 84' lang='lat' dir='ltr'><strong>molta</strong></span> 
     </span>
     <span class='ocr_line' id='line_1_8' title="bbox 147 967 1274 1056; baseline 0.002 -21"><span class='ocrx_word' id='word_1_61' title='bbox 147 973 253 1056; x_wconf 90' lang='lat' dir='ltr'><strong>oppida</strong></span> <span class='ocrx_word' id='word_1_62' title='bbox 269 972 472 1055; x_wconf 82' lang='lat' dir='ltr'><strong>expugnauit,</strong></span> <span class='ocrx_word' id='word_1_63' title='bbox 489 973 568 1035; x_wconf 84' lang='lat' dir='ltr'><strong>bona</strong></span> <span class='ocrx_word' id='word_1_64' title='bbox 584 972 690 1034; x_wconf 92' lang='lat' dir='ltr'><strong>ciuium</strong></span> <span class='ocrx_word' id='word_1_65' title='bbox 708 969 915 1033; x_wconf 82' lang='lat' dir='ltr'><strong>Romanorum</strong></span> <span class='ocrx_word' id='word_1_66' title='bbox 932 967 1187 1054; x_wconf 85' lang='lat' dir='ltr'><strong>Ponticorumque</strong></span> <span class='ocrx_word' id='word_1_67' title='bbox 1202 974 1274 1037; x_wconf 89' lang='lat' dir='ltr'><strong>diri-</strong></span> 
     </span>
    </p>

    <p class='ocr_par' dir='ltr' id='par_1_4' title="bbox 111 1072 1322 1445">
     <span class='ocr_line' id='line_1_9' title="bbox 111 1072 1273 1159; baseline 0 -21"><span class='ocrx_word' id='word_1_68' title='bbox 111 1073 132 1138; x_wconf 84' lang='lat'><strong>3</strong></span> <span class='ocrx_word' id='word_1_69' title='bbox 148 1075 231 1159; x_wconf 86' lang='lat' dir='ltr'><strong>puit,</strong></span> <span class='ocrx_word' id='word_1_70' title='bbox 247 1074 392 1158; x_wconf 90' lang='lat' dir='ltr'><strong>supplicia</strong></span> <span class='ocrx_word' id='word_1_71' title='bbox 408 1075 559 1137; x_wconf 91' lang='lat' dir='ltr'><strong>coustituit</strong></span> <span class='ocrx_word' id='word_1_72' title='bbox 576 1075 605 1137; x_wconf 94' lang='lat' dir='ltr'><strong>in</strong></span> <span class='ocrx_word' id='word_1_73' title='bbox 623 1096 695 1147; x_wconf 89' lang='lat' dir='ltr'><strong>eos,</strong></span> <span class='ocrx_word' id='word_1_74' title='bbox 720 1073 768 1154; x_wconf 91' lang='lat' dir='ltr'><strong>qui</strong></span> <span class='ocrx_word' id='word_1_75' title='bbox 784 1072 913 1155; x_wconf 86' lang='lat' dir='ltr'><strong>aliquam</strong></span> <span class='ocrx_word' id='word_1_76' title='bbox 931 1073 1045 1136; x_wconf 85' lang='lat' dir='ltr'><strong>turmae</strong></span> <span class='ocrx_word' id='word_1_77' title='bbox 1060 1084 1149 1157; x_wconf 90' lang='lat' dir='ltr'><strong>atque</strong></span> <span class='ocrx_word' id='word_1_78' title='bbox 1163 1076 1273 1139; x_wconf 84' lang='lat' dir='ltr'><strong>aetatis</strong></span> 
     </span>
     <span class='ocr_line' id='line_1_10' title="bbox 148 1175 1273 1258; baseline 0.002 -19"><span class='ocrx_word' id='word_1_79' title='bbox 148 1177 433 1240; x_wconf 87' lang='lat' dir='ltr'><strong>commendationem</strong></span> <span class='ocrx_word' id='word_1_80' title='bbox 450 1176 608 1252; x_wconf 90' lang='lat' dir='ltr'><strong>babebaut,</strong></span> <span class='ocrx_word' id='word_1_81' title='bbox 626 1196 674 1250; x_wconf 89' lang='lat' dir='ltr'><strong>ea,</strong></span> <span class='ocrx_word' id='word_1_82' title='bbox 689 1196 765 1258; x_wconf 92' lang='lat' dir='ltr'><strong>quae</strong></span> <span class='ocrx_word' id='word_1_83' title='bbox 780 1185 876 1237; x_wconf 90' lang='lat' dir='ltr'><strong>morte</strong></span> <span class='ocrx_word' id='word_1_84' title='bbox 893 1186 997 1238; x_wconf 90' lang='lat' dir='ltr'><strong>essent</strong></span> <span class='ocrx_word' id='word_1_85' title='bbox 1011 1175 1180 1254; x_wconf 87' lang='lat' dir='ltr'><strong>miseriora,</strong></span> <span class='ocrx_word' id='word_1_86' title='bbox 1192 1175 1273 1241; x_wconf 89' lang='lat' dir='ltr'><strong>Pon·</strong></span> 
     </span>
     <span class='ocr_line' id='line_1_11' title="bbox 149 1276 1322 1362; baseline 0 -21"><span class='ocrx_word' id='word_1_87' title='bbox 149 1289 268 1362; x_wconf 86' lang='lat' dir='ltr'><strong>tumque</strong></span> <span class='ocrx_word' id='word_1_88' title='bbox 290 1278 373 1343; x_wconf 88' lang='lat' dir='ltr'><strong>nullo</strong></span> <span class='ocrx_word' id='word_1_89' title='bbox 396 1280 573 1343; x_wconf 81' lang='lat' dir='ltr'><strong>defendente</strong></span> <span class='ocrx_word' id='word_1_90' title='bbox 596 1291 750 1362; x_wconf 87' lang='lat' dir='ltr'><strong>paternum</strong></span> <span class='ocrx_word' id='word_1_91' title='bbox 773 1297 898 1359; x_wconf 89' lang='lat' dir='ltr'><strong>reguum</strong></span> <span class='ocrx_word' id='word_1_92' title='bbox 924 1276 1056 1359; x_wconf 87' lang='lat' dir='ltr'><strong>glorians</strong></span> <span class='ocrx_word' id='word_1_93' title='bbox 1072 1297 1106 1340; x_wconf 89' lang='lat' dir='ltr'><strong>se</strong></span> <span class='ocrx_word' id='word_1_94' title='bbox 1120 1279 1273 1360; x_wconf 79' lang='lat' dir='ltr'><strong>recepisse</strong></span> <span class='ocrx_word' id='word_1_95' title='bbox 1296 1288 1322 1342; x_wconf 85' lang='lat' dir='ltr'><strong>n</strong></span> 
     </span>
     <span class='ocr_line' id='line_1_12' title="bbox 147 1381 310 1445; baseline 0.006 -1"><span class='ocrx_word' id='word_1_96' title='bbox 147 1381 310 1445; x_wconf 84' lang='lat' dir='ltr'><strong>obtinebat.</strong></span> 
     </span>
    </p>

    <p class='ocr_par' dir='ltr' id='par_1_5' title="bbox 88 1481 1272 1670">
     <span class='ocr_line' id='line_1_13' title="bbox 88 1481 1272 1571; baseline -0.007 -19"><span class='ocrx_word' id='word_1_97' title='bbox 88 1482 131 1552; x_wconf 81' lang='lat'><strong>42</strong></span> <span class='ocrx_word' id='word_1_98' title='bbox 231 1481 293 1546; x_wconf 91' lang='lat' dir='ltr'><strong>Sub</strong></span> <span class='ocrx_word' id='word_1_99' title='bbox 309 1485 386 1549; x_wconf 89' lang='lat' dir='ltr'><strong>idem</strong></span> <span class='ocrx_word' id='word_1_100' title='bbox 403 1497 517 1569; x_wconf 90' lang='lat' dir='ltr'><strong>tempus</strong></span> <span class='ocrx_word' id='word_1_101' title='bbox 533 1488 563 1548; x_wconf 87' lang='lat' dir='ltr'><strong>iu</strong></span> <span class='ocrx_word' id='word_1_102' title='bbox 573 1482 698 1571; x_wconf 85' lang='lat' dir='ltr'><strong>Illyrico</strong></span> <span class='ocrx_word' id='word_1_103' title='bbox 714 1496 761 1550; x_wconf 89' lang='lat' dir='ltr'><strong>est</strong></span> <span class='ocrx_word' id='word_1_104' title='bbox 776 1483 991 1548; x_wconf 91' lang='lat' dir='ltr'><strong>incommodum</strong></span> <span class='ocrx_word' id='word_1_105' title='bbox 1004 1494 1178 1566; x_wconf 70' lang='lat' dir='ltr'><strong>acceptum</strong></span> <span class='ocrx_word' id='word_1_106' title='bbox 1192 1501 1272 1563; x_wconf 84' lang='lat' dir='ltr'><strong>quoe</strong></span> 
     </span>
     <span class='ocr_line' id='line_1_14' title="bbox 146 1582 1268 1670; baseline -0.002 -23"><span class='ocrx_word' id='word_1_107' title='bbox 146 1585 298 1668; x_wconf 90' lang='lat' dir='ltr'><strong>prouincia</strong></span> <span class='ocrx_word' id='word_1_108' title='bbox 320 1588 525 1670; x_wconf 88' lang='lat' dir='ltr'><strong>superioribus</strong></span> <span class='ocrx_word' id='word_1_109' title='bbox 545 1587 696 1651; x_wconf 88' lang='lat' dir='ltr'><strong>mensibus</strong></span> <span class='ocrx_word' id='word_1_110' title='bbox 717 1598 835 1651; x_wconf 91' lang='lat' dir='ltr'><strong>retenta</strong></span> <span class='ocrx_word' id='word_1_111' title='bbox 858 1607 916 1649; x_wconf 94' lang='lat' dir='ltr'><strong>oon</strong></span> <span class='ocrx_word' id='word_1_112' title='bbox 933 1595 1045 1647; x_wconf 84' lang='lat' dir='ltr'><strong>tanturn</strong></span> <span class='ocrx_word' id='word_1_113' title='bbox 1058 1582 1268 1665; x_wconf 83' lang='lat' dir='ltr'><strong>siuciguonai-</strong></span> 
     </span>
    </p>

    <p class='ocr_par' dir='ltr' id='par_1_6' title="bbox 109 1686 1322 2181">
     <span class='ocr_line' id='line_1_15' title="bbox 109 1686 1266 1775; baseline -0.003 -24"><span class='ocrx_word' id='word_1_114' title='bbox 109 1686 215 1764; x_wconf 76' lang='lat' dir='ltr'><strong>2nia,</strong></span> <span class='ocrx_word' id='word_1_115' title='bbox 239 1688 294 1751; x_wconf 86' lang='lat' dir='ltr'><strong>scd</strong></span> <span class='ocrx_word' id='word_1_116' title='bbox 317 1689 406 1752; x_wconf 90' lang='lat' dir='ltr'><strong>etiam</strong></span> <span class='ocrx_word' id='word_1_117' title='bbox 428 1711 493 1753; x_wconf 90' lang='lat' dir='ltr'><strong>cum</strong></span> <span class='ocrx_word' id='word_1_118' title='bbox 516 1689 602 1753; x_wconf 92' lang='lat' dir='ltr'><strong>laude</strong></span> <span class='ocrx_word' id='word_1_119' title='bbox 625 1702 702 1753; x_wconf 88' lang='lat' dir='ltr'><strong>crat.</strong></span> <span class='ocrx_word' id='word_1_120' title='bbox 735 1689 872 1775; x_wconf 86' lang='lat' dir='ltr'><strong>Namque</strong></span> <span class='ocrx_word' id='word_1_121' title='bbox 886 1707 922 1750; x_wconf 90' lang='lat' dir='ltr'><strong>eo</strong></span> <span class='ocrx_word' id='word_1_122' title='bbox 938 1686 1046 1749; x_wconf 84' lang='lat' dir='ltr'><strong>missus</strong></span> <span class='ocrx_word' id='word_1_123' title='bbox 1062 1693 1180 1749; x_wconf 84' lang='lat' dir='ltr'><strong>aestate</strong></span> <span class='ocrx_word' id='word_1_124' title='bbox 1195 1705 1266 1747; x_wconf 86' lang='lat' dir='ltr'><strong>eum</strong></span> 
     </span>
     <span class='ocr_line' id='line_1_16' title="bbox 145 1788 1322 1874; baseline 0.001 -22"><span class='ocrx_word' id='word_1_125' title='bbox 145 1790 258 1854; x_wconf 90' lang='lat' dir='ltr'><strong>duabus</strong></span> <span class='ocrx_word' id='word_1_126' title='bbox 273 1790 440 1874; x_wconf 81' lang='lat' dir='ltr'><strong>legionibus</strong></span> <span class='ocrx_word' id='word_1_127' title='bbox 457 1789 498 1873; x_wconf 83' lang='lat' dir='ltr'>Q</span> <span class='ocrx_word' id='word_1_128' title='bbox 510 1788 703 1870; x_wconf 83' lang='lat' dir='ltr'><strong>Cornificius,</strong></span> <span class='ocrx_word' id='word_1_129' title='bbox 715 1788 859 1855; x_wconf 80' lang='lat' dir='ltr'><strong>Caesaris</strong></span> <span class='ocrx_word' id='word_1_130' title='bbox 874 1797 1027 1873; x_wconf 87' lang='lat' dir='ltr'><strong>quaestor,</strong></span> <span class='ocrx_word' id='word_1_131' title='bbox 1042 1808 1096 1871; x_wconf 89' lang='lat' dir='ltr'><strong>pro</strong></span> <span class='ocrx_word' id='word_1_132' title='bbox 1112 1798 1267 1871; x_wconf 85' lang='lat' dir='ltr'><strong>praetore,</strong></span> <span class='ocrx_word' id='word_1_133' title='bbox 1294 1799 1322 1853; x_wconf 78' lang='lat' dir='ltr'><strong>to</strong></span> 
     </span>
     <span class='ocr_line' id='line_1_17' title="bbox 145 1889 1271 1976; baseline -0.002 -21"><span class='ocrx_word' id='word_1_134' title='bbox 145 1913 318 1975; x_wconf 90' lang='lat' dir='ltr'><strong>quamquam</strong></span> <span class='ocrx_word' id='word_1_135' title='bbox 342 1905 408 1956; x_wconf 90' lang='lat' dir='ltr'><strong>erat</strong></span> <span class='ocrx_word' id='word_1_136' title='bbox 431 1894 584 1976; x_wconf 87' lang='lat' dir='ltr'><strong>prouincia</strong></span> <span class='ocrx_word' id='word_1_137' title='bbox 607 1894 727 1957; x_wconf 91' lang='lat' dir='ltr'><strong>minime</strong></span> <span class='ocrx_word' id='word_1_138' title='bbox 743 1893 864 1976; x_wconf 86' lang='lat' dir='ltr'><strong>copiosa</strong></span> <span class='ocrx_word' id='word_1_139' title='bbox 879 1892 916 1956; x_wconf 91' lang='lat' dir='ltr'><strong>ad</strong></span> <span class='ocrx_word' id='word_1_140' title='bbox 931 1890 1084 1956; x_wconf 84' lang='lat' dir='ltr'><strong>exercitos</strong></span> <span class='ocrx_word' id='word_1_141' title='bbox 1098 1889 1224 1953; x_wconf 89' lang='lat' dir='ltr'><strong>alendos</strong></span> <span class='ocrx_word' id='word_1_142' title='bbox 1238 1900 1271 1954; x_wconf 85' lang='lat' dir='ltr'><strong>et</strong></span> 
     </span>
     <span class='ocr_line' id='line_1_18' title="bbox 146 1993 1269 2075; baseline -0.002 -18"><span class='ocrx_word' id='word_1_143' title='bbox 146 1994 269 2058; x_wconf 85' lang='lat' dir='ltr'><strong>finitimo</strong></span> <span class='ocrx_word' id='word_1_144' title='bbox 286 1994 362 2057; x_wconf 91' lang='lat' dir='ltr'><strong>bello</strong></span> <span class='ocrx_word' id='word_1_145' title='bbox 378 2016 413 2057; x_wconf 95' lang='lat' dir='ltr'><strong>ac</strong></span> <span class='ocrx_word' id='word_1_146' title='bbox 429 1996 666 2059; x_wconf 90' lang='lat' dir='ltr'><strong>dissensionibus</strong></span> <span class='ocrx_word' id='word_1_147' title='bbox 683 1997 818 2060; x_wconf 83' lang='lat' dir='ltr'><strong>conlecta</strong></span> <span class='ocrx_word' id='word_1_148' title='bbox 834 2005 864 2058; x_wconf 91' lang='lat' dir='ltr'><strong>et</strong></span> <span class='ocrx_word' id='word_1_149' title='bbox 878 2004 1009 2071; x_wconf 88' lang='lat' dir='ltr'><strong>uastata,</strong></span> <span class='ocrx_word' id='word_1_150' title='bbox 1023 2003 1123 2056; x_wconf 83' lang='lat' dir='ltr'><strong>tamen</strong></span> <span class='ocrx_word' id='word_1_151' title='bbox 1139 1993 1269 2075; x_wconf 91' lang='lat' dir='ltr'><strong>pruden-</strong></span> 
     </span>
     <span class='ocr_line' id='line_1_19' title="bbox 145 2094 1304 2181; baseline 0.003 -22"><span class='ocrx_word' id='word_1_152' title='bbox 145 2097 186 2159; x_wconf 89' lang='lat' dir='ltr'><strong>tia</strong></span> <span class='ocrx_word' id='word_1_153' title='bbox 201 2117 237 2159; x_wconf 89' lang='lat' dir='ltr'><strong>ac</strong></span> <span class='ocrx_word' id='word_1_154' title='bbox 253 2097 407 2181; x_wconf 79' lang='lat' dir='ltr'><strong>diligentia</strong></span> <span class='ocrx_word' id='word_1_155' title='bbox 422 2120 496 2176; x_wconf 91' lang='lat' dir='ltr'><strong>sua,</strong></span> <span class='ocrx_word' id='word_1_156' title='bbox 515 2099 591 2181; x_wconf 95' lang='lat' dir='ltr'><strong>quod</strong></span> <span class='ocrx_word' id='word_1_157' title='bbox 608 2118 744 2181; x_wconf 90' lang='lat' dir='ltr'><strong>magnam</strong></span> <span class='ocrx_word' id='word_1_158' title='bbox 761 2119 864 2160; x_wconf 89' lang='lat' dir='ltr'><strong>curam</strong></span> <span class='ocrx_word' id='word_1_159' title='bbox 879 2094 1078 2179; x_wconf 88' lang='lat' dir='ltr'><strong>suscipiebat,</strong></span> <span class='ocrx_word' id='word_1_160' title='bbox 1097 2114 1134 2157; x_wconf 85' lang='lat' dir='ltr'><strong>ne</strong></span> <span class='ocrx_word' id='word_1_161' title='bbox 1147 2115 1205 2178; x_wconf 93' lang='lat' dir='ltr'><strong>quo</strong></span> <span class='ocrx_word' id='word_1_162' title='bbox 1221 2105 1267 2156; x_wconf 86' lang='lat' dir='ltr'><strong>te·</strong></span> <span class='ocrx_word' id='word_1_163' title='bbox 1300 2152 1304 2162; x_wconf 93' lang='lat'><em>.</em></span> 
     </span>
    </p>

    <p class='ocr_par' dir='ltr' id='par_1_7' title="bbox 109 2195 1321 2590">
     <span class='ocr_line' id='line_1_20' title="bbox 109 2195 1267 2284; baseline -0.003 -22"><span class='ocrx_word' id='word_1_164' title='bbox 109 2198 227 2264; x_wconf 74' lang='lat' dir='ltr'><strong>dooere</strong></span> <span class='ocrx_word' id='word_1_165' title='bbox 247 2201 498 2284; x_wconf 84' lang='lat' dir='ltr'><strong>progrederetur,</strong></span> <span class='ocrx_word' id='word_1_166' title='bbox 523 2211 554 2264; x_wconf 89' lang='lat' dir='ltr'><strong>et</strong></span> <span class='ocrx_word' id='word_1_167' title='bbox 576 2201 691 2284; x_wconf 89' lang='lat' dir='ltr'><strong>recepit</strong></span> <span class='ocrx_word' id='word_1_168' title='bbox 712 2213 743 2264; x_wconf 91' lang='lat' dir='ltr'><strong>et</strong></span> <span class='ocrx_word' id='word_1_169' title='bbox 764 2199 906 2263; x_wconf 86' lang='lat' dir='ltr'><strong>delendit.</strong></span> <span class='ocrx_word' id='word_1_170' title='bbox 944 2197 1084 2280; x_wconf 90' lang='lat' dir='ltr'><strong>Namque</strong></span> <span class='ocrx_word' id='word_1_171' title='bbox 1100 2206 1131 2261; x_wconf 91' lang='lat' dir='ltr'><strong>et</strong></span> <span class='ocrx_word' id='word_1_172' title='bbox 1144 2195 1267 2259; x_wconf 86' lang='lat' dir='ltr'><strong>castella</strong></span> 
     </span>
     <span class='ocr_line' id='line_1_21' title="bbox 145 2298 1321 2386; baseline -0.005 -21"><span class='ocrx_word' id='word_1_173' title='bbox 145 2304 295 2386; x_wconf 88' lang='lat' dir='ltr'><strong>complura</strong></span> <span class='ocrx_word' id='word_1_174' title='bbox 319 2305 393 2367; x_wconf 89' lang='lat' dir='ltr'><strong>locis</strong></span> <span class='ocrx_word' id='word_1_175' title='bbox 415 2304 502 2367; x_wconf 95' lang='lat' dir='ltr'><strong>editis</strong></span> <span class='ocrx_word' id='word_1_176' title='bbox 518 2304 633 2386; x_wconf 91' lang='lat' dir='ltr'><strong>posita,</strong></span> <span class='ocrx_word' id='word_1_177' title='bbox 658 2325 781 2385; x_wconf 89' lang='lat' dir='ltr'><strong>quorum</strong></span> <span class='ocrx_word' id='word_1_178' title='bbox 798 2301 1003 2385; x_wconf 89' lang='lat' dir='ltr'><strong>opportunitas</strong></span> <span class='ocrx_word' id='word_1_179' title='bbox 1019 2298 1201 2363; x_wconf 86' lang='lat' dir='ltr'><strong>castellanos</strong></span> <span class='ocrx_word' id='word_1_180' title='bbox 1215 2298 1271 2361; x_wconf 88' lang='lat' dir='ltr'><strong>im·</strong></span> <span class='ocrx_word' id='word_1_181' title='bbox 1290 2308 1321 2359; x_wconf 79' lang='lat' dir='ltr'><strong>tu</strong></span> 
     </span>
     <span class='ocr_line' id='line_1_22' title="bbox 144 2402 1269 2488; baseline -0.004 -20"><span class='ocrx_word' id='word_1_182' title='bbox 144 2406 273 2488; x_wconf 88' lang='lat' dir='ltr'><strong>pellebat</strong></span> <span class='ocrx_word' id='word_1_183' title='bbox 288 2408 323 2469; x_wconf 87' lang='lat' dir='ltr'><strong>ad</strong></span> <span class='ocrx_word' id='word_1_184' title='bbox 341 2406 532 2470; x_wconf 90' lang='lat' dir='ltr'><strong>decursiones</strong></span> <span class='ocrx_word' id='word_1_185' title='bbox 548 2406 698 2470; x_wconf 84' lang='lat' dir='ltr'><strong>iaciendas</strong></span> <span class='ocrx_word' id='word_1_186' title='bbox 712 2417 742 2470; x_wconf 90' lang='lat' dir='ltr'><strong>et</strong></span> <span class='ocrx_word' id='word_1_187' title='bbox 755 2405 861 2468; x_wconf 89' lang='lat' dir='ltr'><strong>bellum</strong></span> <span class='ocrx_word' id='word_1_188' title='bbox 871 2403 1071 2478; x_wconf 77' lang='lat' dir='ltr'><strong>inserendum,</strong></span> <span class='ocrx_word' id='word_1_189' title='bbox 1082 2402 1269 2485; x_wconf 81' lang='lat' dir='ltr'><strong>expugnauit</strong></span> 
     </span>
     <span class='ocr_line' id='line_1_23' title="bbox 145 2505 1266 2590; baseline 0 -23"><span class='ocrx_word' id='word_1_190' title='bbox 145 2525 238 2588; x_wconf 91' lang='lat' dir='ltr'><strong>eaque</strong></span> <span class='ocrx_word' id='word_1_191' title='bbox 255 2509 362 2590; x_wconf 89' lang='lat' dir='ltr'><strong>praeda</strong></span> <span class='ocrx_word' id='word_1_192' title='bbox 380 2507 488 2569; x_wconf 88' lang='lat' dir='ltr'><strong>milites</strong></span> <span class='ocrx_word' id='word_1_193' title='bbox 504 2508 637 2586; x_wconf 89' lang='lat' dir='ltr'><strong>donauit,</strong></span> <span class='ocrx_word' id='word_1_194' title='bbox 651 2529 727 2590; x_wconf 92' lang='lat' dir='ltr'><strong>quae</strong></span> <span class='ocrx_word' id='word_1_195' title='bbox 743 2509 799 2571; x_wconf 91' lang='lat' dir='ltr'><strong>etsi</strong></span> <span class='ocrx_word' id='word_1_196' title='bbox 816 2519 882 2571; x_wconf 86' lang='lat' dir='ltr'><strong>erat</strong></span> <span class='ocrx_word' id='word_1_197' title='bbox 898 2505 1008 2582; x_wconf 93' lang='lat' dir='ltr'><strong>tenuis,</strong></span> <span class='ocrx_word' id='word_1_198' title='bbox 1022 2516 1120 2568; x_wconf 90' lang='lat' dir='ltr'><strong>tamen</strong></span> <span class='ocrx_word' id='word_1_199' title='bbox 1137 2505 1169 2567; x_wconf 94' lang='lat' dir='ltr'><strong>in</strong></span> <span class='ocrx_word' id='word_1_200' title='bbox 1186 2513 1266 2568; x_wconf 69' lang='lat' dir='ltr'><strong>unta</strong></span> 
     </span>
    </p>

    <p class='ocr_par' dir='ltr' id='par_1_8' title="bbox 106 2608 1319 3104">
     <span class='ocr_line' id='line_1_24' title="bbox 106 2608 1264 2694; baseline 0 -23"><span class='ocrx_word' id='word_1_201' title='bbox 106 2608 127 2671; x_wconf 81' lang='grc'>4</span> <span class='ocrx_word' id='word_1_202' title='bbox 143 2609 314 2692; x_wconf 90' lang='lat' dir='ltr'><strong>prouinciae</strong></span> <span class='ocrx_word' id='word_1_203' title='bbox 330 2608 537 2693; x_wconf 89' lang='lat' dir='ltr'><strong>desperatione</strong></span> <span class='ocrx_word' id='word_1_204' title='bbox 552 2623 617 2673; x_wconf 84' lang='lat' dir='ltr'><strong>erat</strong></span> <span class='ocrx_word' id='word_1_205' title='bbox 634 2622 718 2693; x_wconf 90' lang='lat' dir='ltr'><strong>grata</strong></span> <span class='ocrx_word' id='word_1_206' title='bbox 735 2609 907 2694; x_wconf 90' lang='lat' dir='ltr'><strong>pracsertim</strong></span> <span class='ocrx_word' id='word_1_207' title='bbox 923 2609 1033 2671; x_wconf 90' lang='lat' dir='ltr'><strong>uirtute</strong></span> <span class='ocrx_word' id='word_1_208' title='bbox 1046 2617 1145 2690; x_wconf 84' lang='lat' dir='ltr'><strong>parta,</strong></span> <span class='ocrx_word' id='word_1_209' title='bbox 1156 2619 1264 2671; x_wconf 85' lang='lat' dir='ltr'><strong>etcum</strong></span> 
     </span>
     <span class='ocr_line' id='line_1_25' title="bbox 143 2707 1265 2797; baseline -0.003 -21"><span class='ocrx_word' id='word_1_210' title='bbox 143 2707 287 2776; x_wconf 86' lang='lat' dir='ltr'><strong>Octauius</strong></span> <span class='ocrx_word' id='word_1_211' title='bbox 304 2733 345 2776; x_wconf 88' lang='lat' dir='ltr'><strong>ex</strong></span> <span class='ocrx_word' id='word_1_212' title='bbox 361 2713 427 2797; x_wconf 84' lang='lat' dir='ltr'><strong>loga</strong></span> <span class='ocrx_word' id='word_1_213' title='bbox 435 2709 601 2776; x_wconf 88' lang='lat' dir='ltr'><strong>Pharsalici</strong></span> <span class='ocrx_word' id='word_1_214' title='bbox 619 2715 723 2797; x_wconf 88' lang='lat' dir='ltr'><strong>proelii</strong></span> <span class='ocrx_word' id='word_1_215' title='bbox 739 2733 846 2795; x_wconf 85' lang='lat' dir='ltr'><strong>magua</strong></span> <span class='ocrx_word' id='word_1_216' title='bbox 863 2712 959 2774; x_wconf 89' lang='lat' dir='ltr'><strong>classe</strong></span> <span class='ocrx_word' id='word_1_217' title='bbox 976 2710 1006 2772; x_wconf 93' lang='lat' dir='ltr'><strong>iu</strong></span> <span class='ocrx_word' id='word_1_218' title='bbox 1022 2708 1103 2772; x_wconf 90' lang='lat' dir='ltr'><strong>illum</strong></span> <span class='ocrx_word' id='word_1_219' title='bbox 1119 2730 1154 2773; x_wconf 89' lang='lat' dir='ltr'><strong>se</strong></span> <span class='ocrx_word' id='word_1_220' title='bbox 1168 2711 1265 2774; x_wconf 85' lang='lat' dir='ltr'><strong>sinum</strong></span> 
     </span>
     <span class='ocr_line' id='line_1_26' title="bbox 144 2813 1319 2899; baseline -0.003 -22"><span class='ocrx_word' id='word_1_221' title='bbox 144 2815 331 2894; x_wconf 88' lang='lat' dir='ltr'><strong>contulisset,</strong></span> <span class='ocrx_word' id='word_1_222' title='bbox 350 2816 452 2899; x_wconf 89' lang='lat' dir='ltr'><strong>paucis</strong></span> <span class='ocrx_word' id='word_1_223' title='bbox 468 2814 593 2878; x_wconf 90' lang='lat' dir='ltr'><strong>nauibus</strong></span> <span class='ocrx_word' id='word_1_224' title='bbox 611 2813 848 2892; x_wconf 80' lang='lat' dir='ltr'><strong>ladertinorunt,</strong></span> <span class='ocrx_word' id='word_1_225' title='bbox 867 2835 991 2895; x_wconf 90' lang='lat' dir='ltr'><strong>quorum</strong></span> <span class='ocrx_word' id='word_1_226' title='bbox 1007 2832 1126 2895; x_wconf 83' lang='lat' dir='ltr'><strong>sempor</strong></span> <span class='ocrx_word' id='word_1_227' title='bbox 1139 2813 1171 2876; x_wconf 90' lang='lat' dir='ltr'><strong>in</strong></span> <span class='ocrx_word' id='word_1_228' title='bbox 1187 2833 1267 2876; x_wconf 88' lang='lat' dir='ltr'><strong>rem·</strong></span> <span class='ocrx_word' id='word_1_229' title='bbox 1288 2822 1319 2875; x_wconf 72' lang='lat' dir='ltr'><strong>tt</strong></span> 
     </span>
     <span class='ocr_line' id='line_1_27' title="bbox 143 2912 1264 3003; baseline -0.004 -22"><span class='ocrx_word' id='word_1_230' title='bbox 143 2918 286 3002; x_wconf 91' lang='lat' dir='ltr'><strong>publicam</strong></span> <span class='ocrx_word' id='word_1_231' title='bbox 301 2919 453 3003; x_wconf 83' lang='lat' dir='ltr'><strong>singulare</strong></span> <span class='ocrx_word' id='word_1_232' title='bbox 470 2919 648 2981; x_wconf 88' lang='lat' dir='ltr'><strong>constiterat</strong></span> <span class='ocrx_word' id='word_1_233' title='bbox 663 2919 808 2995; x_wconf 87' lang='lat' dir='ltr'><strong>officium,</strong></span> <span class='ocrx_word' id='word_1_234' title='bbox 833 2917 976 2999; x_wconf 90' lang='lat' dir='ltr'><strong>dispersis</strong></span> <span class='ocrx_word' id='word_1_235' title='bbox 989 2912 1160 2980; x_wconf 85' lang='lat' dir='ltr'><strong>Octauianis</strong></span> <span class='ocrx_word' id='word_1_236' title='bbox 1176 2915 1264 2977; x_wconf 81' lang='lat' dir='ltr'><strong>noui·</strong></span> 
     </span>
     <span class='ocr_line' id='line_1_28' title="bbox 143 3014 1264 3104; baseline -0.003 -23"><span class='ocrx_word' id='word_1_237' title='bbox 143 3020 197 3082; x_wconf 92' lang='lat' dir='ltr'><strong>bus</strong></span> <span class='ocrx_word' id='word_1_238' title='bbox 221 3031 286 3084; x_wconf 89' lang='lat' dir='ltr'><strong>erat</strong></span> <span class='ocrx_word' id='word_1_239' title='bbox 309 3023 439 3104; x_wconf 90' lang='lat' dir='ltr'><strong>potitos,</strong></span> <span class='ocrx_word' id='word_1_240' title='bbox 464 3032 497 3084; x_wconf 92' lang='lat' dir='ltr'><strong>ut</strong></span> <span class='ocrx_word' id='word_1_241' title='bbox 519 3022 565 3084; x_wconf 92' lang='lat' dir='ltr'><strong>uel</strong></span> <span class='ocrx_word' id='word_1_242' title='bbox 586 3021 683 3084; x_wconf 90' lang='lat' dir='ltr'><strong>classe</strong></span> <span class='ocrx_word' id='word_1_243' title='bbox 700 3021 839 3083; x_wconf 89' lang='lat' dir='ltr'><strong>dimicare</strong></span> <span class='ocrx_word' id='word_1_244' title='bbox 856 3028 959 3101; x_wconf 89' lang='lat' dir='ltr'><strong>posset</strong></span> <span class='ocrx_word' id='word_1_245' title='bbox 974 3015 1119 3082; x_wconf 88' lang='lat' dir='ltr'><strong>adiunctis</strong></span> <span class='ocrx_word' id='word_1_246' title='bbox 1133 3014 1264 3098; x_wconf 88' lang='lat' dir='ltr'><strong>captiuis</strong></span> 
     </span>
    </p>

    <p class='ocr_par' dir='ltr' id='par_1_9' title="bbox 106 3116 1315 3615">
     <span class='ocr_line' id='line_1_29' title="bbox 106 3116 1263 3204; baseline -0.001 -22"><span class='ocrx_word' id='word_1_247' title='bbox 106 3120 267 3186; x_wconf 85' lang='lat' dir='ltr'><strong>5nauibus</strong></span> <span class='ocrx_word' id='word_1_248' title='bbox 290 3125 450 3186; x_wconf 89' lang='lat' dir='ltr'><strong>sociorum.</strong></span> <span class='ocrx_word' id='word_1_249' title='bbox 492 3121 567 3187; x_wconf 85' lang='lat' dir='ltr'><strong>Cum</strong></span> <span class='ocrx_word' id='word_1_250' title='bbox 592 3122 795 3186; x_wconf 87' lang='lat' dir='ltr'><strong>diuersissima</strong></span> <span class='ocrx_word' id='word_1_251' title='bbox 820 3132 903 3204; x_wconf 91' lang='lat' dir='ltr'><strong>parte</strong></span> <span class='ocrx_word' id='word_1_252' title='bbox 926 3120 1007 3183; x_wconf 91' lang='lat' dir='ltr'><strong>orbis</strong></span> <span class='ocrx_word' id='word_1_253' title='bbox 1030 3129 1177 3183; x_wconf 89' lang='lat' dir='ltr'><strong>terrarum</strong></span> <span class='ocrx_word' id='word_1_254' title='bbox 1200 3116 1263 3183; x_wconf 82' lang='lat' dir='ltr'><strong>Cu.</strong></span> 
     </span>
     <span class='ocr_line' id='line_1_30' title="bbox 141 3219 1263 3307; baseline -0.002 -22"><span class='ocrx_word' id='word_1_255' title='bbox 141 3219 313 3306; x_wconf 87' lang='lat' dir='ltr'><strong>Pompeium</strong></span> <span class='ocrx_word' id='word_1_256' title='bbox 331 3221 447 3288; x_wconf 88' lang='lat' dir='ltr'><strong>Caesar</strong></span> <span class='ocrx_word' id='word_1_257' title='bbox 469 3227 566 3288; x_wconf 90' lang='lat' dir='ltr'><strong>uictor</strong></span> <span class='ocrx_word' id='word_1_258' title='bbox 587 3235 762 3307; x_wconf 86' lang='lat' dir='ltr'><strong>sequeretur</strong></span> <span class='ocrx_word' id='word_1_259' title='bbox 785 3223 1010 3306; x_wconf 90' lang='lat' dir='ltr'><strong>compluresque</strong></span> <span class='ocrx_word' id='word_1_260' title='bbox 1025 3222 1215 3286; x_wconf 85' lang='lat' dir='ltr'><strong>aduersarios</strong></span> <span class='ocrx_word' id='word_1_261' title='bbox 1230 3221 1263 3283; x_wconf 91' lang='lat' dir='ltr'><strong>iu</strong></span> 
     </span>
     <span class='ocr_line' id='line_1_31' title="bbox 141 3324 1315 3411; baseline -0.003 -22"><span class='ocrx_word' id='word_1_262' title='bbox 141 3325 292 3411; x_wconf 85' lang='lat' dir='ltr'><strong>Illyricum</strong></span> <span class='ocrx_word' id='word_1_263' title='bbox 315 3338 437 3410; x_wconf 91' lang='lat' dir='ltr'><strong>propter</strong></span> <span class='ocrx_word' id='word_1_264' title='bbox 452 3327 648 3390; x_wconf 82' lang='lat' dir='ltr'><strong>Macedoniae</strong></span> <span class='ocrx_word' id='word_1_265' title='bbox 671 3327 917 3411; x_wconf 86' lang='lat' dir='ltr'><strong>propinquitatem</strong></span> <span class='ocrx_word' id='word_1_266' title='bbox 935 3346 967 3388; x_wconf 90' lang='lat' dir='ltr'><strong>se</strong></span> <span class='ocrx_word' id='word_1_267' title='bbox 984 3324 1119 3407; x_wconf 90' lang='lat' dir='ltr'><strong>reliquiis</strong></span> <span class='ocrx_word' id='word_1_268' title='bbox 1135 3344 1174 3386; x_wconf 76' lang='lat' dir='ltr'><strong>ex</strong></span> <span class='ocrx_word' id='word_1_269' title='bbox 1192 3324 1263 3406; x_wconf 82' lang='lat' dir='ltr'><strong>luga</strong></span> <span class='ocrx_word' id='word_1_270' title='bbox 1285 3332 1315 3385; x_wconf 81' lang='lat' dir='ltr'><strong>st</strong></span> 
     </span>
     <span class='ocr_line' id='line_1_32' title="bbox 141 3426 1263 3506; baseline -0.004 -13"><span class='ocrx_word' id='word_1_271' title='bbox 141 3429 273 3493; x_wconf 86' lang='lat' dir='ltr'><strong>collectis</strong></span> <span class='ocrx_word' id='word_1_272' title='bbox 291 3429 453 3492; x_wconf 90' lang='lat' dir='ltr'><strong>contulisse</strong></span> <span class='ocrx_word' id='word_1_273' title='bbox 470 3431 596 3506; x_wconf 85' lang='lat' dir='ltr'><strong>audiret,</strong></span> <span class='ocrx_word' id='word_1_274' title='bbox 608 3431 722 3493; x_wconf 90' lang='lat' dir='ltr'><strong>litteras</strong></span> <span class='ocrx_word' id='word_1_275' title='bbox 738 3430 773 3493; x_wconf 90' lang='lat' dir='ltr'><strong>ad</strong></span> <span class='ocrx_word' id='word_1_276' title='bbox 785 3429 942 3491; x_wconf 82' lang='lat' dir='ltr'><strong>Gabinium</strong></span> <span class='ocrx_word' id='word_1_277' title='bbox 961 3427 1060 3503; x_wconf 91' lang='lat' dir='ltr'><strong>mittit,</strong></span> <span class='ocrx_word' id='word_1_278' title='bbox 1078 3426 1121 3489; x_wconf 89' lang='lat' dir='ltr'><strong>uti</strong></span> <span class='ocrx_word' id='word_1_279' title='bbox 1137 3447 1202 3489; x_wconf 91' lang='lat' dir='ltr'><strong>eum</strong></span> <span class='ocrx_word' id='word_1_280' title='bbox 1219 3426 1263 3488; x_wconf 86' lang='lat' dir='ltr'><strong>le-</strong></span> 
     </span>
     <span class='ocr_line' id='line_1_33' title="bbox 141 3528 1262 3615; baseline -0.004 -21"><span class='ocrx_word' id='word_1_281' title='bbox 141 3530 280 3615; x_wconf 91' lang='lat' dir='ltr'><strong>gionibus</strong></span> <span class='ocrx_word' id='word_1_282' title='bbox 297 3532 438 3610; x_wconf 90' lang='lat' dir='ltr'><strong>tironum,</strong></span> <span class='ocrx_word' id='word_1_283' title='bbox 456 3554 532 3614; x_wconf 93' lang='lat' dir='ltr'><strong>quae</strong></span> <span class='ocrx_word' id='word_1_284' title='bbox 549 3555 643 3615; x_wconf 88' lang='lat' dir='ltr'><strong>nuper</strong></span> <span class='ocrx_word' id='word_1_285' title='bbox 658 3543 743 3595; x_wconf 91' lang='lat' dir='ltr'><strong>crant</strong></span> <span class='ocrx_word' id='word_1_286' title='bbox 759 3532 957 3615; x_wconf 85' lang='lat' dir='ltr'><strong>conscriptae,</strong></span> <span class='ocrx_word' id='word_1_287' title='bbox 975 3528 1216 3614; x_wconf 82' lang='lat' dir='ltr'><strong>proficisceretur</strong></span> <span class='ocrx_word' id='word_1_288' title='bbox 1231 3528 1262 3591; x_wconf 92' lang='lat' dir='ltr'><strong>iu</strong></span> 
     </span>
    </p>
   </div>
   <div class='ocr_carea' id='block_1_3' title="bbox 134 3776 1263 4387">
    <p class='ocr_par' dir='ltr' id='par_1_10' title="bbox 134 3776 1263 4387">
     <span class='ocr_line' id='line_1_34' title="bbox 250 3776 1261 3843; baseline -0.007 -14"><span class='ocrx_word' id='word_1_289' title='bbox 250 3781 439 3831; x_wconf 63' lang='lat' dir='ltr'><strong>tmfflmn</strong></span> <span class='ocrx_word' id='word_1_290' title='bbox 546 3779 714 3828; x_wconf 55' lang='lat' dir='ltr'><strong>mmmm</strong></span> <span class='ocrx_word' id='word_1_291' title='bbox 822 3776 1068 3843; x_wconf 51' lang='lat' dir='ltr'><strong>&amp;mmmmm</strong></span> <span class='ocrx_word' id='word_1_292' title='bbox 1176 3776 1261 3839; x_wconf 56' lang='lat' dir='ltr'><strong>&amp;w</strong></span> 
     </span>
     <span class='ocr_line' id='line_1_35' title="bbox 139 3851 1262 3918; baseline -0.003 -17"><span class='ocrx_word' id='word_1_293' title='bbox 139 3851 267 3918; x_wconf 82' lang='lat' dir='ltr'><strong>plicioque</strong></span> <span class='ocrx_word' id='word_1_294' title='bbox 281 3872 303 3903; x_wconf 86' lang='lat' dir='ltr'><strong>c.</strong></span> <span class='ocrx_word' id='word_1_295' title='bbox 423 3856 452 3906; x_wconf 88' lang='lat' dir='ltr'><strong>to</strong></span> <span class='ocrx_word' id='word_1_296' title='bbox 466 3856 621 3905; x_wconf 87' lang='lat' dir='ltr'><strong>dctcndcntc</strong></span> <span class='ocrx_word' id='word_1_297' title='bbox 635 3872 661 3913; x_wconf 84' lang='lat' dir='ltr'><strong>n,</strong></span> <span class='ocrx_word' id='word_1_298' title='bbox 677 3856 818 3904; x_wconf 85' lang='lat' dir='ltr'><strong>decedente</strong></span> <span class='ocrx_word' id='word_1_299' title='bbox 834 3856 858 3917; x_wconf 86' lang='lat' dir='ltr'><strong>b,</strong></span> <span class='ocrx_word' id='word_1_300' title='bbox 873 3855 1045 3904; x_wconf 85' lang='lat' dir='ltr'><strong>contendente</strong></span> <span class='ocrx_word' id='word_1_301' title='bbox 1055 3867 1107 3918; x_wconf 84' lang='lat' dir='ltr'><strong>pro</strong></span> <span class='ocrx_word' id='word_1_302' title='bbox 1122 3866 1182 3900; x_wconf 75' lang='lat' dir='ltr'><strong>rior.</strong></span> <span class='ocrx_word' id='word_1_303' title='bbox 1199 3851 1262 3899; x_wconf 79' lang='lat' dir='ltr'><strong>leet.</strong></span> 
     </span>
     <span class='ocr_line' id='line_1_36' title="bbox 138 3927 1263 3997; baseline 0.001 -21"><span class='ocrx_word' id='word_1_304' title='bbox 138 3946 161 3979; x_wconf 80' lang='lat' dir='ltr'><strong>c.</strong></span> <span class='ocrx_word' id='word_1_305' title='bbox 275 3931 389 3992; x_wconf 85' lang='lat' dir='ltr'><strong>glorians</strong></span> <span class='ocrx_word' id='word_1_306' title='bbox 404 3946 432 3981; x_wconf 84' lang='lat' dir='ltr'><strong>so</strong></span> <span class='ocrx_word' id='word_1_307' title='bbox 447 3933 578 3997; x_wconf 87' lang='lat' dir='ltr'><strong>recepisse</strong></span> <span class='ocrx_word' id='word_1_308' title='bbox 591 3949 617 3994; x_wconf 90' lang='lat' dir='ltr'><strong>u,</strong></span> <span class='ocrx_word' id='word_1_309' title='bbox 632 3948 660 3982; x_wconf 89' lang='lat' dir='ltr'><strong>sc</strong></span> <span class='ocrx_word' id='word_1_310' title='bbox 675 3932 804 3997; x_wconf 82' lang='lat' dir='ltr'><strong>recepisse</strong></span> <span class='ocrx_word' id='word_1_311' title='bbox 819 3932 934 3995; x_wconf 84' lang='lat' dir='ltr'><strong>glorians</strong></span> <span class='ocrx_word' id='word_1_312' title='bbox 947 3930 1009 3980; x_wconf 83' lang='lat' dir='ltr'><strong>edd.</strong></span> <span class='ocrx_word' id='word_1_313' title='bbox 1118 3929 1148 3980; x_wconf 73' lang='lat'><strong>12</strong></span> <span class='ocrx_word' id='word_1_314' title='bbox 1162 3927 1263 3978; x_wconf 84' lang='lat' dir='ltr'><strong>Illirico</strong></span> 
     </span>
     <span class='ocr_line' id='line_1_37' title="bbox 136 4007 1151 4073; baseline -0.005 -14"><span class='ocrx_word' id='word_1_315' title='bbox 136 4025 161 4059; x_wconf 84' lang='lat' dir='ltr'><strong>n.</strong></span> <span class='ocrx_word' id='word_1_316' title='bbox 283 4009 533 4073; x_wconf 65' lang='lat' dir='ltr'><strong>idqummuam(op</strong></span> <span class='ocrx_word' id='word_1_317' title='bbox 648 4011 830 4060; x_wconf 69' lang='lat' dir='ltr'><strong>emmessmno.</strong></span> <span class='ocrx_word' id='word_1_318' title='bbox 951 4007 1151 4060; x_wconf 76' lang='lat' dir='ltr'><strong>isssuaom.b.</strong></span> 
     </span>
     <span class='ocr_line' id='line_1_38' title="bbox 138 4086 1150 4153; baseline -0.004 -17"><span class='ocrx_word' id='word_1_319' title='bbox 138 4104 169 4137; x_wconf 90' lang='lat' dir='ltr'><strong>nc</strong></span> <span class='ocrx_word' id='word_1_320' title='bbox 183 4086 244 4153; x_wconf 91' lang='lat' dir='ltr'><strong>quo]</strong></span> <span class='ocrx_word' id='word_1_321' title='bbox 260 4102 342 4152; x_wconf 87' lang='lat' dir='ltr'><strong>neque</strong></span> <span class='ocrx_word' id='word_1_322' title='bbox 356 4101 418 4135; x_wconf 88' lang='lat' dir='ltr'><strong>uero</strong></span> <span class='ocrx_word' id='word_1_323' title='bbox 432 4102 448 4134; x_wconf 87' lang='lat' dir='ltr'><em>a</em></span> <span class='ocrx_word' id='word_1_324' title='bbox 463 4087 477 4134; x_wconf 89' lang='lat' dir='ltr'><strong>b</strong></span> <span class='ocrx_word' id='word_1_325' title='bbox 491 4103 512 4136; x_wconf 84' lang='lat' dir='ltr'><strong>r.</strong></span> <span class='ocrx_word' id='word_1_326' title='bbox 626 4090 658 4137; x_wconf 79' lang='lat' dir='ltr'><strong>‘tn</strong></span> <span class='ocrx_word' id='word_1_327' title='bbox 672 4089 834 4153; x_wconf 89' lang='lat' dir='ltr'><strong>oportunitas</strong></span> <span class='ocrx_word' id='word_1_328' title='bbox 848 4103 874 4136; x_wconf 86' lang='lat' dir='ltr'><strong>n.</strong></span> <span class='ocrx_word' id='word_1_329' title='bbox 992 4086 1024 4137; x_wconf 74' lang='lat'><strong>23</strong></span> <span class='ocrx_word' id='word_1_330' title='bbox 1038 4091 1112 4151; x_wconf 84' lang='lat' dir='ltr'><strong>parte</strong></span> <span class='ocrx_word' id='word_1_331' title='bbox 1123 4098 1150 4133; x_wconf 81' lang='lat' dir='ltr'><strong>a.</strong></span> 
     </span>
     <span class='ocr_line' id='line_1_39' title="bbox 134 4161 1262 4227; baseline -0.008 -9"><span class='ocrx_word' id='word_1_332' title='bbox 134 4165 747 4227; x_wconf 53' lang='lat' dir='ltr'><strong>ffihhfflmmmawncwmstmdd&#39;</strong></span> <span class='ocrx_word' id='word_1_333' title='bbox 862 4161 1262 4216; x_wconf 63' lang='lat' dir='ltr'><strong>lhummMmmwdnae</strong></span> 
     </span>
     <span class='ocr_line' id='line_1_40' title="bbox 138 4242 1263 4307; baseline -0.004 -11"><span class='ocrx_word' id='word_1_334' title='bbox 138 4249 162 4297; x_wconf 87' lang='lat' dir='ltr'><strong>b.</strong></span> <span class='ocrx_word' id='word_1_335' title='bbox 278 4246 311 4297; x_wconf 76' lang='lat'><strong>28</strong></span> <span class='ocrx_word' id='word_1_336' title='bbox 325 4261 381 4295; x_wconf 88' lang='lat' dir='ltr'><strong>cum</strong></span> <span class='ocrx_word' id='word_1_337' title='bbox 394 4260 410 4293; x_wconf 86' lang='lat' dir='ltr'><em>a</em></span> <span class='ocrx_word' id='word_1_338' title='bbox 426 4243 559 4305; x_wconf 75' lang='lat' dir='ltr'><strong>escort,</strong></span> <span class='ocrx_word' id='word_1_339' title='bbox 575 4252 670 4293; x_wconf 87' lang='lat' dir='ltr'><strong>etcum</strong></span> <span class='ocrx_word' id='word_1_340' title='bbox 685 4260 710 4294; x_wconf 89' lang='lat' dir='ltr'><strong>n.</strong></span> <span class='ocrx_word' id='word_1_341' title='bbox 820 4246 854 4299; x_wconf 78' lang='lat' dir='ltr'><strong>au</strong></span> <span class='ocrx_word' id='word_1_342' title='bbox 868 4244 966 4294; x_wconf 80' lang='lat' dir='ltr'><strong>Caesar</strong></span> <span class='ocrx_word' id='word_1_343' title='bbox 977 4245 1064 4293; x_wconf 88' lang='lat' dir='ltr'><strong>uictor</strong></span> <span class='ocrx_word' id='word_1_344' title='bbox 1075 4258 1091 4293; x_wconf 86' lang='lat' dir='ltr'><strong>n</strong></span> <span class='ocrx_word' id='word_1_345' title='bbox 1103 4242 1263 4307; x_wconf 70' lang='lat' dir='ltr'><strong>Stephanus</strong></span> 
     </span>
     <span class='ocr_line' id='line_1_41' title="bbox 135 4319 1263 4387; baseline -0.004 -13"><span class='ocrx_word' id='word_1_346' title='bbox 135 4331 161 4375; x_wconf 88' lang='lat' dir='ltr'><strong>et</strong></span> <span class='ocrx_word' id='word_1_347' title='bbox 173 4328 233 4375; x_wconf 79' lang='lat' dir='ltr'><strong>sine</strong></span> <span class='ocrx_word' id='word_1_348' title='bbox 245 4325 423 4375; x_wconf 80' lang='lat' dir='ltr'><strong>annotatione</strong></span> <span class='ocrx_word' id='word_1_349' title='bbox 436 4336 463 4386; x_wconf 86' lang='lat' dir='ltr'><strong>u,</strong></span> <span class='ocrx_word' id='word_1_350' title='bbox 479 4320 563 4371; x_wconf 88' lang='lat' dir='ltr'><strong>uictor</strong></span> <span class='ocrx_word' id='word_1_351' title='bbox 577 4320 677 4370; x_wconf 79' lang='lat' dir='ltr'><strong>Caesar</strong></span> <span class='ocrx_word' id='word_1_352' title='bbox 688 4324 796 4371; x_wconf 83' lang='lat' dir='ltr'><strong>reterre</strong></span> <span class='ocrx_word' id='word_1_353' title='bbox 809 4320 868 4371; x_wconf 84' lang='lat' dir='ltr'><strong>odd.</strong></span> <span class='ocrx_word' id='word_1_354' title='bbox 883 4325 949 4371; x_wconf 85' lang='lat' dir='ltr'><strong>onte</strong></span> <span class='ocrx_word' id='word_1_355' title='bbox 962 4336 989 4371; x_wconf 87' lang='lat' dir='ltr'><strong>u.</strong></span> <span class='ocrx_word' id='word_1_356' title='bbox 1115 4319 1263 4387; x_wconf 74' lang='lat' dir='ltr'><strong>conplures</strong></span> 
     </span>
    </p>
   </div>
   <div class='ocr_carea' id='block_1_4' title="bbox 137 4402 500 4469">
    <p class='ocr_par' dir='ltr' id='par_1_11' title="bbox 137 4402 500 4469">
     <span class='ocr_line' id='line_1_42' title="bbox 137 4402 500 4469; baseline -0.003 -18"><span class='ocrx_word' id='word_1_357' title='bbox 137 4403 160 4451; x_wconf 87' lang='lat' dir='ltr'><strong>b.</strong></span> <span class='ocrx_word' id='word_1_358' title='bbox 268 4402 296 4453; x_wconf 74' lang='lat' dir='ltr'><strong>tt</strong></span> <span class='ocrx_word' id='word_1_359' title='bbox 314 4402 460 4469; x_wconf 69' lang='lat' dir='ltr'><strong>restipulissr</strong></span> <span class='ocrx_word' id='word_1_360' title='bbox 473 4416 500 4450; x_wconf 85' lang='lat' dir='ltr'><strong>n.</strong></span> 
     </span>
    </p>
   </div>
   <div class='ocr_carea' id='block_1_5' title="bbox 0 0 1350 4688">
    <p class='ocr_par' dir='ltr' id='par_1_12' title="bbox 0 0 1350 4688">
     <span class='ocr_line' id='line_1_43' title="bbox 0 0 1350 4688; baseline 0 4"><span class='ocrx_word' id='word_1_361' title='bbox 0 0 1350 4688; x_wconf 95' lang='lat' dir='ltr'><strong> </strong></span> 
     </span>
    </p>
   </div>
  </div>
 </body>
</html>
