2692 4688
77 182 143 251 too
348 152 353 158 ’
474 180 534 250 on
555 180 700 251 onuuo
724 180 916 252 omnrco

137 353 321 439 iniungendo
337 354 485 418 defessam
507 364 554 421 tot
577 353 714 420 aduersis
736 355 858 439 proeliie
873 351 1003 419 Gelliam
1018 353 1196 420 condicione
1209 375 1262 441 pe·

81 457 128 530 511
138 457 227 522 rendi
240 455 366 521 meliore
381 456 472 520 facile
485 454 518 520 iu
532 477 606 542 pace
620 457 778 522 continuit.
808 455 878 544 lpse
893 457 1028 522 bibernis
1043 458 1174 542 peractis
1188 478 1262 522 con·

138 569 187 625 tro
208 558 456 623 consuetudinem
477 558 510 624 iu
524 556 642 624 ltaliam
664 579 752 643 qnam
766 560 906 625 maximis
920 560 1081 625 itineribus
1099 570 1149 625 cst
1161 561 1262 645 prole·

138 671 217 740 etue,
234 671 268 725 ut
281 661 441 744 municipio
457 671 489 724 et
503 661 636 726 coloniae
649 662 825 747 appellaret,
842 662 948 746 quibus
956 660 1004 726 lll.
1013 661 1153 741 Antonii,
1169 682 1261 745 quee-

101 763 314 842 zenodoro,
345 764 607 828 commendauerat
629 763 791 829 sacordotii
818 765 1003 848 petitionem.
1049 760 1261 830 Contendebat
1280 777 1305 838 t,

139 866 219 930 enim
241 865 342 950 gretie
364 886 431 929 oum
452 865 582 930 libenter
602 886 659 950 pro
678 865 797 931 bonine
811 866 870 932 sibi
884 867 1149 947 coniunctissimo,
1172 884 1262 950 quem

138 968 227 1053 paulo
242 978 314 1031 ente
328 967 569 1052 praemiserated
584 969 772 1053 petitionem,
789 980 853 1034 tum
861 969 973 1034 acriter
980 979 1085 1033 contra
1099 969 1261 1034 factionem

138 1081 169 1135 et
183 1070 346 1155 potentiam
362 1090 542 1154 paucorum,
558 1070 608 1152 qoi
623 1068 673 1134 Μ.
688 1070 805 1136 Antoni
818 1073 940 1157 repulsa
955 1069 1098 1137 Caesaris
1114 1072 1262 1137 deceden-

104 1168 124 1235 3
139 1171 180 1236 tia
193 1172 321 1257 grotiom
330 1172 503 1236 conuellere
511 1171 681 1255 cupiebant.
699 1171 788 1238 lluoc
803 1174 861 1238 etsi
877 1194 1021 1258 augurem
1035 1173 1118 1259 priua
1133 1176 1257 1253 scotum,

140 1294 226 1357 quam
243 1271 361 1338 ltaliam
377 1276 552 1359 attingeret,
568 1274 600 1339 in
615 1274 726 1340 itinere
739 1275 893 1356 andierat,
911 1287 1011 1339 tomen
1026 1296 1086 1339 non
1101 1276 1201 1340 minoe
1215 1277 1262 1341 iu·
1285 1287 1318 1341 ¹0

138 1385 215 1440 etam
231 1376 288 1439 sibi
303 1396 423 1440 oausam
439 1377 603 1461 municipio
615 1387 647 1441 et
661 1378 796 1441 colonica
811 1378 937 1442 adeundi
952 1376 1159 1455 existimauit,
1175 1389 1208 1441 ut
1222 1378 1261 1442 iic

138 1479 252 1562 gratiae
267 1490 384 1562 egeret,
401 1478 478 1561 quod
494 1478 691 1562 frequentiam
703 1489 793 1562 atquc
801 1479 925 1542 officium
934 1497 1021 1541 suum
1028 1477 1164 1542 Antonio
1173 1500 1261 1562 prae·

104 1577 309 1656 lotitiaeeot,
332 1580 479 1663 simulque
500 1602 535 1646 cc
549 1592 583 1645 et
594 1582 738 1645 morem
752 1600 840 1643 coum
853 1579 1006 1662 sequentis
1021 1578 1092 1643 anui
1108 1599 1261 1644 commou-

139 1681 243 1760 doret,
268 1691 426 1767 propteroa
447 1684 526 1766 qnod
547 1682 713 1750 insolenter
733 1680 901 1746 aduersarii
922 1681 970 1744 eoi
991 1680 1193 1764 gloriarentur
1213 1679 1256 1743 1..

137 1779 302 1848 Lentulum
317 1795 348 1849 et
362 1781 402 1849 C.
419 1782 596 1850 Marcellum
611 1785 750 1850 consules
765 1792 897 1862 mentm,
916 1783 967 1866 qui
981 1802 1099 1846 omnem
1114 1781 1260 1845 bonorem
1286 1794 1321 1848 rt

140 1894 172 1950 ct
180 1886 354 1970 dignitatem
363 1883 507 1951 Caesaris
515 1889 692 1972 spoliarent,
708 1896 844 1973 creptum
852 1882 922 1950 Ser.
933 1881 1047 1949 Galbae
1056 1884 1259 1963 consulatum,

139 2007 206 2050 oum
221 1989 249 2050 io
263 1990 357 2052 multo
373 1990 438 2074 plus
453 1991 552 2073 gratia
566 1990 776 2075 suffragiisque
790 1988 954 2066 ualuisset,
970 1987 1049 2070 quod
1062 1986 1121 2050 oibi
1135 1986 1261 2050 coniun-

82 2086 123 2159 ⁵1
138 2099 204 2153 ctua
224 2100 256 2154 et
278 2091 479 2158 familiaritate
501 2103 533 2157 et
555 2092 774 2157 consuetudine
796 2090 957 2176 legationis
978 2099 1072 2154 creet.
1102 2086 1260 2172 Exceptum

140 2202 188 2256 cet
197 2187 339 2258 Caesaris
354 2194 502 2260 odueotos
516 2195 555 2259 ab
569 2195 707 2259 omnibus
721 2193 891 2278 municipiis
907 2203 939 2257 ct
952 2191 1078 2256 coloniis
1093 2189 1259 2253 incredibili

140 2293 255 2360 bonore
270 2307 360 2378 utque
376 2318 490 2361 amore.
537 2296 617 2360 Tum
633 2297 758 2380 primum
772 2297 851 2361 enim
869 2294 1010 2360 ueniebat
1023 2292 1061 2358 ab
1074 2293 1125 2357 illo
1139 2291 1262 2356 aniuer·
1282 2302 1318 2357 20

50 2434 54 2443 =
104 2394 321 2461 2aaoGollioc
335 2397 425 2460 bello.
441 2397 529 2461 Nibil
543 2398 778 2479 relinquebatur,
795 2398 873 2478 quod
888 2398 925 2460 od
941 2407 1079 2462 ornatum
1093 2405 1258 2479 portarum,

139 2494 295 2573 itinerum,
313 2497 446 2560 locorum
454 2499 597 2574 omnium,
615 2493 906 2582 quaCoesariturue
922 2511 1000 2577 erut,
1018 2496 1186 2581 excogitari
1195 2504 1260 2580 pot»

104 2591 218 2658 derat.
256 2591 334 2661 Cum
355 2597 459 2664 liberis
480 2600 578 2664 omnis
599 2600 757 2664 multitudo
779 2601 899 2665 obuiam
922 2599 1118 2685 procedebat,
1143 2598 1261 2662 boetico

139 2698 277 2763 omnibus
292 2699 367 2764 locis
381 2699 622 2781 immolabantur,
639 2703 779 2767 tricliniis
794 2705 898 2767 stratis
914 2704 980 2765 fora
995 2700 1262 2783 temploqueoccu·

250 2856 262 2907 l
277 2855 436 2921 iniungendo
447 2857 502 2910 Βθ
508 2858 534 2908 Β
542 2859 576 2921 A,
590 2858 742 2925 imponendo
756 2858 841 2909 bede
854 2861 882 2907 ee
892 2871 946 2906 ree.
959 2869 996 2905 rra.
1010 2856 1045 2905 A.
1174 2853 1261 2905 delea-

142 2944 197 2983 eam
209 2947 263 2983 om.
276 2933 312 2986 A.
452 2934 599 2985 conditione
611 2935 668 2999 (B).
804 2932 927 3001 parcendi
942 2932 957 2982 b
969 2936 998 2982 et
1006 2945 1059 2997 pm
1071 2944 1131 2981 aer.
1145 2930 1209 2980 leet.
1222 2932 1257 2981 A.

248 3013 265 3064 1
277 3011 313 3063 ld.
326 3013 467 3066 Antonium
479 3021 643 3081 quaestorem
656 3029 730 3065 eoum
742 3015 778 3067 Β.
896 3015 911 3064 b
923 3010 1150 3063 commendauerat
1159 3008 1185 3059 B
1193 3008 1215 3060 Β
1220 3008 1257 3073 Β,

141 3093 333 3143 commendarat
344 3109 391 3146 eo.
496 3094 693 3162 petitioneBD.
798 3092 881 3145 dum
894 3091 1007 3143 libenter
1017 3103 1113 3141 reem.
1124 3087 1149 3139 b.

142 3163 206 3216 811.
220 3182 273 3219 om.
287 3184 301 3218 e
315 3169 414 3233 (iecore,
430 3170 455 3221 in
471 3170 495 3221 b.
600 3168 697 3220 Antoni
711 3168 744 3220 C.
848 3168 968 3220 decentia
979 3168 1005 3218 Β
1018 3170 1093 3217 edm.
1105 3178 1149 3230 pr.
1163 3162 1201 3228 Β,
1215 3163 1261 3215 de-

141 3243 277 3296 cedentem
292 3246 317 3297 b.
443 3248 580 3314 dentiam
593 3246 744 3300 conuellere
757 3247 886 3311 BODA,
902 3245 1052 3297 conuellere
1065 3242 1175 3307 qratiam
1187 3241 1260 3308 (e)ec.

251 3323 283 3376 10
296 3325 398 3375 audiuit
411 3341 434 3376 e.
539 3327 570 3378 13
583 3327 717 3393 eequeotic
729 3325 790 3376 anni
803 3325 827 3377 Β
838 3329 866 3374 el
876 3324 996 3387 reliqui,
1012 3322 1038 3371 la
1051 3322 1187 3389 coquenti·
1200 3322 1261 3373 enni

143 3400 238 3452 bede.
400 3404 594 3455 commendaret
604 3405 629 3456 B
642 3405 716 3456 ‘mee
731 3403 782 3464 tr,
796 3402 989 3454 eommendaret
1001 3400 1128 3466 petitione
1143 3400 1261 3452 bedeA.

251 3477 283 3528 tt
294 3476 402 3530 Laelnm
414 3494 468 3530 ceo.
480 3496 518 3532 m.
532 3482 565 3533 Β.
671 3481 703 3534 15
716 3478 748 3532 G.
755 3481 788 3532 B.
895 3478 927 3529 ld
939 3476 1137 3544 apallarentBe
1149 3476 1261 3542 reliqui,

142 3552 406 3618 axspattacheo.
424 3557 553 3608 oxomae.
660 3553 935 3620 sacrocampo.
1047 3552 1210 3603 coarctatum
1223 3566 1259 3603 er.

139 3642 185 3695 pr.
198 3630 231 3681 B.
337 3632 368 3684 ll
381 3633 499 3698 eudregii
512 3633 641 3684 oalnleoet
653 3648 667 3683 e
678 3631 751 3685 And.
857 3630 890 3683 18
903 3629 1092 3682 conanetndine
1103 3627 1129 3678 Β
1138 3628 1224 3679 CBA
1234 3635 1263 3680 et

137 3723 193 3776 pro
203 3725 265 3762 reor.
279 3711 341 3763 leet.
351 3727 374 3776 e,
389 3712 643 3764 necessitudinem.
727 3704 1262 3777 exceptor-(p.dmlndnonebantor

141 3801 195 3838 cm.
209 3788 311 3853 BOD,
330 3789 380 3840 aed
397 3790 435 3841 ed
450 3790 552 3841 calcem
566 3790 622 3842 ΒΒ
641 3801 726 3854 caque
743 3787 782 3839 ed
797 3788 932 3857 syllabam
944 3785 1022 3837 Gaea.
1040 3782 1187 3834 acerborum
1203 3798 1261 3836 ern

142 3858 264 3915 (lanaria
277 3880 381 3917 moram
394 3867 437 3932 (p.
452 3867 511 3930 111,
526 3865 572 3929 tt)
583 3865 710 3933 supplete
719 3868 793 3916 caat.
876 3865 907 3917 1⁹
919 3869 1025 3915 cotom.
1040 3860 1152 3912 norece.

142 3937 176 3992 Ν
189 3939 285 3991 bonore
298 3949 376 4008 atque
390 3958 442 3993 om.
458 3943 482 4005 b,
497 3950 577 4009 atque
589 3957 675 3994 ancre
687 3955 742 3994 oea.
756 3945 809 3990 eet
820 3954 855 3990 re.
867 3955 915 4005 pr.
928 3955 954 3990 o.
1077 3937 1141 4004 tum]
1155 3951 1212 3989 eum
1224 3938 1259 3989 A.

249 4017 318 4068 enim
330 4018 454 4069 ueniebat
466 4019 574 4085 primurn
587 4034 614 4071 n.
742 4017 776 4072 22
788 4016 903 4067 locorum
917 4015 1027 4067 Cebcc
1039 4018 1087 4068 Au
1098 4015 1213 4081 (sceret
1223 4014 1261 4064 lo-

143 4094 305 4161 corumque).
410 4103 517 4148 coacta.
622 4095 859 4163 poteratoe‘crer.
870 4093 1015 4161 plerique,
1029 4100 1151 4162 porreto.

143 4175 723 4245 ’beenllberleportprocedebatpoeoeae.
829 4174 939 4225 ennium
956 4174 988 4226 C.
1104 4172 1259 4241 procedltb.

250 4253 368 4306 omnibu·
380 4253 446 4306 loele
459 4253 561 4304 boctlae
572 4268 598 4304 e.
