2684 4694
73 226 141 297 7⁰2
524 215 655 285 Bubul
677 214 868 283 suutcsu

99 397 119 463 3
134 396 218 462 iubet
231 402 411 476 comportare
426 400 514 474 atque
530 392 672 455 celeriter
684 389 771 472 sigua
782 388 917 453 hostibus
929 388 1053 453 inferre.
1077 385 1169 472 Quod
1181 404 1270 477 posi.

133 520 222 584 quam
242 506 378 578 coeptum
399 505 448 558 est
461 493 544 573 lieri,
568 482 788 578 primo'innpetu
803 491 955 575 legionum
971 493 1123 575 equitatus
1140 504 1172 558 et
1186 496 1268 560 leuia

134 610 286 665 armatura
310 596 440 660 bostium
460 595 542 659 uullo
557 594 680 681 negotio
695 593 762 658 loco
777 593 861 678 pulsa
877 604 909 656 et
923 595 1039 659 deiecta
1056 606 1103 661 est
1117 597 1156 660 de
1171 597 1263 662 colle.

98 699 212 768 ⁴Com
232 702 291 765 ianr
314 695 433 763 Caesar
452 697 659 761 existimasset
681 696 790 760 hostes
805 696 907 780 pulsos
928 697 1151 782 deterritosque
1173 699 1265 764 finem

135 802 302 871 lacessendi
319 803 452 865 facturos
468 810 500 863 et
514 799 573 864 iter
586 808 723 883 coeptum
738 818 864 882 pergere
878 800 1039 883 coepisset,
1054 801 1163 864 iterum
1180 801 1262 866 cefe-
1281 813 1297 865 1

134 907 213 974 riter
226 926 266 970 ex
281 903 428 987 proximis
443 901 569 967 collibus
584 911 742 985 erumpunt
755 912 847 984 atque
861 901 964 965 cadem
978 903 1107 981 ratione,
1119 924 1177 988 qua
1189 914 1264 968 ante

135 1010 217 1085 dixi,
243 1008 275 1071 in
290 1003 434 1071 Caesaris
456 1004 639 1087 legionarios
662 1005 805 1088 impetum
829 1003 943 1068 faciunt
956 1002 1107 1069 Numidae
1121 1006 1264 1088 leuisque

105 1098 305 1177 ‘moturae
319 1107 446 1171 mimbili
462 1107 622 1170 uelocitate
637 1107 781 1190 praediti,
799 1106 849 1189 qui
864 1107 944 1170 inter
958 1109 1073 1190 equites
1088 1106 1263 1192 pugnabunt

134 1224 167 1279 et
186 1233 247 1276 noa
268 1210 439 1295 pariterque
461 1230 528 1272 cuur
551 1207 699 1291 equitibus
714 1229 875 1272 accurrere
890 1220 922 1274 et
935 1212 1075 1293 refugere
1089 1228 1261 1275 consueue-

99 1315 120 1381 5
135 1326 215 1382 rant.
241 1311 317 1379 Cum
334 1312 390 1375 boc
404 1311 524 1395 saepius
540 1311 676 1375 facerent
689 1320 720 1374 et
734 1311 959 1395 proficiscentes
971 1308 1103 1376 Iulianos
1117 1311 1263 1397 insequc·
1285 1322 1314 1377 tt

132 1428 258 1495 rentm,
280 1416 455 1496 refugerent
468 1414 636 1490 instantes,
661 1413 781 1497 propius
797 1434 858 1476 uon
872 1413 1051 1477 accederent
1065 1424 1097 1478 et
1111 1414 1261 1498 singulari

135 1538 247 1603 genere
269 1536 386 1601 pugnae
411 1525 569 1579 uterentur
589 1535 700 1597 eosque
721 1514 826 1579 iaculis
850 1514 1068 1580 conuulnerare
1088 1517 1164 1580 satis
1187 1537 1261 1581 esse

135 1620 364 1696 existimarent,
382 1613 501 1680 Caesar
521 1615 675 1679 intellexit
697 1616 770 1680 nibil
786 1616 864 1681 aliud
880 1636 932 1681 eoa
946 1617 1068 1694 conari,
1096 1617 1154 1680 nisi
1170 1629 1205 1681 ot
1219 1638 1259 1683 ee

134 1731 278 1806 cogerent
291 1729 392 1783 castra
407 1738 443 1782 eo
458 1717 525 1782 loeo
540 1739 669 1802 ponere,
694 1718 743 1782 ubi
759 1719 879 1783 omnino
893 1739 989 1802 aquae
1003 1717 1076 1783 uibif
1091 1728 1194 1797 esset,
1221 1732 1262 1785 ut

133 1824 287 1888 exercitus
303 1821 368 1886 eius
382 1821 519 1898 ieiunus,
540 1820 590 1903 qui
605 1842 622 1884 u
638 1832 744 1904 quarta
759 1821 969 1904 uigiliamque
984 1821 1020 1885 ad
1036 1821 1141 1885 boram
1154 1831 1184 1885 x
1199 1823 1260 1889 diei
1282 1832 1312 1886 tt

74 1926 207 1999 nonfuit
227 1933 395 2008 gustasset,
417 1944 453 1986 ac
472 1923 604 1987 iumenta
618 1923 668 1986 siti
684 1923 829 2008 perirent.
861 1920 938 1987 Cum
953 1924 1011 1986 iam
1028 1923 1064 1986 ad
1078 1924 1153 1988 solis
1168 1945 1259 1989 occa·

132 2049 197 2093 sum
213 2035 312 2104 esset,
330 2034 362 2089 et
375 2046 436 2089 uon
452 2035 532 2090 totos
547 2037 566 2089 c
582 2047 689 2110 pessus
703 2026 734 2089 iu
750 2026 853 2090 borum
868 2037 951 2091 esset
965 2046 1155 2111 progressus,
1172 2027 1258 2109 equi-

133 2140 197 2196 tutu
219 2149 275 2193 suo
296 2139 420 2213 propter
441 2149 584 2212 equorum
607 2128 759 2193 interitum
783 2140 921 2193 extremo
944 2127 1064 2215 agmine
1078 2137 1192 2192 remoto
1206 2126 1254 2191 le·

62 2256 65 2261 ·
95 2232 237 2318 2gioues
256 2232 288 2296 in
312 2233 407 2297 uicem
430 2232 467 2295 ad
490 2242 658 2295 extremum
674 2252 782 2314 agmen
797 2232 954 2295 euocubat.
986 2229 1033 2295 lta
1048 2231 1108 2293 uim
1123 2230 1255 2294 bostium

132 2335 246 2423 placide
266 2334 432 2416 leuiterque
455 2334 619 2417 procedens
641 2354 696 2418 per
714 2334 910 2417 legionarium
932 2335 1055 2399 militem
1070 2332 1255 2396 commodius
1276 2342 1310 2396 11

95 2436 308 2504 dsustinebat.
333 2434 458 2499 Interim
474 2437 604 2519 equitum
613 2434 812 2500 Numidarum
828 2438 932 2520 copiae
947 2436 1054 2500 dextra
1068 2435 1255 2518 sinistraque

131 2560 186 2625 per
207 2538 300 2601 colles
320 2558 518 2620 praecurrere
537 2558 725 2621 coronaeque
747 2539 777 2602 iu
793 2540 909 2602 modum
925 2539 1047 2622 cingere
1062 2537 1252 2601 multitudine

93 2641 186 2708 tsua
207 2636 351 2704 Caesaris
375 2639 494 2723 copias,
518 2661 587 2724 pars
609 2661 717 2724 agmen
739 2652 909 2705 extremum
932 2640 1061 2723 insequi.
1106 2636 1254 2704 Caesaris

130 2755 228 2809 autem
252 2764 312 2806 nou
338 2743 463 2828 amplius
480 2753 515 2806 111
530 2754 583 2806 aut
597 2754 645 2806 1111
662 2744 770 2807 milites
786 2744 923 2810 ueterani
939 2744 965 2807 si
980 2763 1014 2807 ae
1027 2742 1255 2807 conuertissent

131 2858 161 2911 et
176 2846 234 2932 pila
250 2844 363 2909 uiribus
378 2855 517 2908 contorto
531 2846 562 2909 iu
577 2844 723 2910 Numidas
737 2847 864 2910 infestos
880 2844 1098 2922 coniecissent,
1123 2843 1254 2927 amplius
1275 2853 1308 2909 11

132 2949 220 3012 duum
235 2948 346 3013 milium
362 2968 488 3011 numero
502 2949 539 3011 ud
555 2969 645 3011 unum
662 2959 746 3032 terga
761 2948 920 3013 uertebaut
934 2969 969 3012 ac
984 2967 1086 3012 rursus
1103 2945 1138 3008 ad
1151 2945 1250 3007 eciem

129 3049 240 3133 passim
255 3051 411 3115 conuersis
427 3051 511 3134 equis
526 3072 559 3115 se
575 3050 754 3135 colligebant
768 3062 855 3135 atque
870 3053 901 3116 in
918 3051 1016 3136 spatio
1026 3047 1253 3132 consequeban-

93 3150 179 3215 5tur
200 3162 231 3215 et
251 3153 349 3218 iacula
369 3153 400 3216 iu
421 3153 604 3236 legionarios
620 3153 818 3219 coniciebant.
850 3152 895 3218 lta
912 3151 1029 3219 Caesar
1043 3153 1131 3217 modo
1146 3171 1253 3235 proce·

129 3253 226 3318 dendo
247 3254 334 3316 modo
354 3256 522 3319 resistendo
546 3256 661 3319 tardius
677 3257 786 3322 itinere
801 3260 937 3322 confecto
953 3258 1049 3320 noctis
1066 3254 1140 3318 bora
1154 3253 1252 3336 prima

129 3376 233 3419 omnes
254 3376 326 3419 suos
347 3357 383 3420 ad
400 3378 489 3420 unum
506 3358 535 3420 iu
551 3369 651 3423 castra
666 3359 827 3424 incolumes
843 3360 954 3424 sauciis
969 3370 993 3423 x
1012 3357 1098 3422 factis
1113 3355 1249 3420 reduxit.
1275 3364 1306 3417 tt

90 3454 284 3533 fiLobienus
307 3457 429 3522 circiter
444 3471 505 3523 ccc
521 3461 659 3540 omissis,
684 3463 784 3526 multis
806 3463 971 3527 uolneratis
993 3482 1029 3526 ao
1052 3459 1181 3525 defessis
1205 3458 1252 3521 iu·

237 3664 426 3732 l(cooportare
439 3666 467 3730 c)
482 3667 638 3732 comportari
652 3668 677 3718 b.
781 3668 904 3718 celeriter
916 3682 968 3718 om.
983 3669 1007 3718 1.
1112 3664 1206 3714 inferri
1220 3681 1250 3716 u.

236 3741 409 3794 bdefcotac.
532 3746 746 3810 tincocptomo.
863 3746 965 3811 dquam
980 3744 1004 3794 b.
1119 3741 1254 3808 flpariter

127 3834 184 3869 cum
199 3821 224 3869 1.
331 3821 361 3872 fd
372 3822 460 3887 sepius
473 3836 499 3870 a.
604 3820 799 3887 proficiscentes
812 3820 925 3873 lulinnos
937 3820 1122 3886 ostentamus,
1132 3817 1252 3871 lulianus

128 3897 322 3965 prodcloeeutes
336 3905 442 3950 ceterae
454 3899 514 3949 edd.
632 3900 661 3951 ll
676 3899 826 3964 refugerent
838 3916 855 3951 a
869 3903 883 3951 b
896 3902 913 3954 2
925 3901 1001 3964 uota,
1016 3907 1043 3951 et
1055 3897 1211 3962 refugerent
1221 3915 1249 3949 u.

234 3975 364 4025 instantes
377 3993 398 4039 r,
413 3984 515 4027 stantes
528 3993 545 4027 c
559 3978 574 4027 b
587 3976 698 4042 reliqui.
841 3979 873 4029 14
885 3995 916 4028 eo
929 3995 946 4029 a
960 3980 975 4029 b
989 3995 1011 4042 c,
1027 3978 1052 4027 ln
1066 3993 1097 4027 eo
1110 3992 1138 4026 o.

127 4053 318 4117 fbgustuesent
332 4053 356 4103 1.
464 4055 526 4106 flio
541 4056 628 4105 borum
644 4054 857 4122 Oudendorpr'uc,
873 4056 897 4105 ln
913 4055 1001 4106 borum
1015 4072 1054 4106 uu
1066 4056 1138 4105 cbo.

125 4130 160 4187 22
172 4143 345 4196 coronamque
358 4145 375 4179 c
388 4131 403 4180 b
415 4146 438 4181 o.
646 4134 680 4186 tt
692 4131 726 4199 si]
740 4140 793 4186 tum
806 4136 829 4198 b,
845 4150 902 4185 curu
914 4135 931 4188 2
943 4134 1010 4185 dett.
1025 4138 1138 4185 rectius.

125 4211 159 4264 tt
171 4208 284 4261 infectos
297 4225 314 4260 a
328 4211 352 4261 b.
463 4209 497 4264 28
510 4212 656 4264 coiciebant
667 4227 694 4263 a.
806 4213 839 4266 30
852 4220 941 4265 costra
954 4212 1138 4278 Vcerosunus,
1153 4213 1250 4264 castris

125 4287 203 4341 codd.
308 4286 492 4356 dloc]cab.
