2692 4688
80 178 145 248 544
362 175 366 181 ’
512 173 571 242 ΒΕ
592 174 737 244 BELLO
753 172 889 246 ctvttt

139 351 251 427 sisset,
275 347 351 411 alius
368 367 408 408 ex
422 345 538 410 diutino
552 347 655 413 labore
669 350 701 412 in
716 348 790 433 ipsis
805 347 945 432 operibus
962 348 1052 431 quieti
1069 367 1103 411 se
1118 347 1265 424 dedisset,

138 473 222 521 arma
238 468 312 514 uero
327 450 426 512 omnia
441 449 572 532 reposito
587 461 782 532 contectaque
791 463 904 527 essent,
923 451 1016 534 portis
1026 472 1059 514 se
1075 452 1267 515 lorasernm·

105 556 234 640 2pnnt,
258 552 390 616 secundo
411 564 578 636 magnoque
605 563 694 616 uento
709 553 809 635 ignem
825 552 966 636 operibus
981 553 1128 616 inferunt.
1174 551 1266 616 Hune

141 658 186 723 sic
202 654 317 719 distulit
332 664 452 732 uentus,
471 655 515 717 uti
530 676 589 718 uno
606 666 739 738 tempore
754 675 860 738 agger,
878 655 981 739 plutei,
1000 654 1139 733 testudo,
1156 655 1264 733 turris,

139 768 289 824 tormenta
304 756 449 819 llammam
465 757 659 840 conciperent
673 767 704 820 et
713 757 796 840 prius
808 756 880 820 bace
891 756 988 821 omnia
997 767 1261 837 consumerentur,
1285 768 1301 820 t

105 861 126 928 3
143 881 243 945 quam,
261 858 505 941 quemadmodum
520 859 692 937 accidisset,
710 859 908 923 animaduerti
924 869 1037 942 posset.
1083 855 1193 922 Nostri
1216 880 1267 925 re·

141 962 264 1049 pentina
280 963 399 1024 lortuna
414 961 540 1044 permoti
555 983 650 1039 arma,
668 982 744 1043 quae
760 970 897 1047 possunt,
914 961 1078 1045 arripiunt3
1096 960 1147 1024 alii
1164 982 1267 1026 exea·

141 1065 215 1129 stris
231 1083 300 1128 sese
314 1062 453 1126 incitant.
485 1060 537 1126 llit
552 1064 582 1127 in
599 1063 694 1127 bostis
709 1064 836 1148 impetus
852 1063 1006 1147 [corum]3
1024 1063 1076 1127 sed
1092 1083 1201 1126 ernnro
1214 1084 1267 1128 sa-

105 1165 226 1252 dgittis
242 1165 459 1247 tormentisque
476 1167 623 1250 fugientes
639 1165 776 1250 persequi
792 1164 1000 1248 probibentur.
1018 1162 1067 1228 Illi
1082 1165 1265 1229 submnrum

143 1289 178 1335 ae
194 1267 340 1351 rccipiunt
350 1266 623 1351 ibiquemusculum
634 1266 797 1351 turrimque
806 1268 970 1332 latericiam
979 1267 1072 1331 libere
1088 1268 1263 1333 incendunt.
1288 1278 1321 1333 tt

142 1369 189 1435 lta
210 1371 368 1434 multorum
391 1371 538 1433 mensium
559 1369 644 1434 labor
665 1368 793 1432 bostium
815 1371 938 1453 pertidia
967 1381 997 1434 et
1017 1369 1048 1432 ui
1077 1370 1266 1454 tempestatis

108 1472 129 1541 5
145 1482 253 1558 puncto
270 1471 412 1555 temporis
427 1472 553 1535 interiit.
580 1471 882 1555 Temptaueruntboc
897 1473 974 1535 idem
983 1468 1196 1536 Massilienses
1211 1493 1265 1555 po-

142 1573 301 1639 sterodie.
333 1570 467 1636 Eandem
492 1573 571 1637 necti
595 1583 800 1657 tempestatem
824 1574 935 1638 maiore
959 1573 1264 1636 cumliduciaadal·
1319 1642 1327 1657 ,

143 1687 238 1740 teram
255 1674 359 1738 turrim
368 1695 567 1758 aggeremque
582 1676 742 1761 eruptione
756 1675 1263 1760 pugnaueruntmultumqueignem

106 1776 128 1844 6
142 1777 319 1844 intulerunt.
336 1774 397 1842 Sed
413 1787 447 1839 ut
461 1777 625 1860 superioris
641 1779 781 1863 temporis
796 1778 1016 1842 contentionem
1033 1776 1128 1840 nostri
1143 1796 1265 1839 omnem
1290 1788 1322 1842 ts

143 1881 342 1956 remiserant,
367 1879 409 1942 ita
424 1880 553 1962 proximi
569 1880 626 1943 diei
642 1902 715 1944 casu
730 1881 875 1945 admoniti
890 1880 990 1943 omnia
1006 1880 1042 1942 ad
1057 1878 1264 1944 defensionem

142 1991 335 2066 paraueraut.
359 1978 569 2063 ltaquemultis
584 1983 749 2048 interiectis
759 1984 891 2070 reliquos
906 1985 1017 2046 inlecta
1032 2003 1066 2045 re
1081 1983 1112 2045 in
1126 1981 1264 2065 oppidum

85 2083 129 2155 15
144 2082 328 2168 repulerunt.
374 2082 544 2149 Trebonius
561 2105 616 2163 ea,
633 2107 710 2170 quae
724 2096 796 2150 sunt
810 2086 932 2163 emissa,
950 2086 1042 2148 multo
1058 2085 1171 2148 maiore
1187 2083 1264 2147 mili·

142 2195 204 2249 tnm
220 2186 320 2250 studio
334 2185 545 2253 administrare
560 2199 591 2253 ct
606 2190 731 2253 relicere
747 2189 888 2252 instituit.
914 2185 995 2252 Nam
1011 2187 1060 2251 ubi
1079 2196 1176 2250 tantos
1191 2205 1264 2249 suos

143 2288 265 2353 labores
280 2299 311 2353 et
325 2292 569 2374 apparatusmale
585 2291 729 2354 eccidisse
745 2290 886 2354 uiderunt
899 2290 1081 2372 indutiisque
1097 2309 1152 2374 per
1165 2287 1264 2352 seclus
1284 2295 1319 2353 Μ

143 2391 263 2455 uiolatis
279 2412 364 2455 suam
380 2393 519 2454 uirtutem
537 2392 639 2455 irrisui
656 2395 719 2455 tore
735 2392 957 2475 perdoluerunt,
977 2392 1066 2474 qnod,
1084 2392 1265 2473 undeagger

143 2493 264 2555 omnino
280 2493 460 2572 comportari
476 2503 589 2573 posset,
607 2493 681 2556 nibil
695 2503 761 2555 erat
775 2493 933 2574 reliquum,
951 2494 1089 2557 omnibus
1105 2492 1263 2555 arboribus

141 2590 231 2674 longe
246 2590 362 2672 lateque
384 2591 417 2653 in
437 2590 546 2656 linibus
560 2590 797 2658 Massiliensium
821 2595 935 2658 excisis
958 2606 989 2660 et
1004 2593 1156 2657 conuectis
1171 2612 1264 2674 agge-

140 2713 204 2759 rem
221 2692 292 2756 noui
308 2692 427 2776 generis
447 2703 536 2777 atque
559 2694 722 2760 inauditum
744 2717 785 2761 ex
807 2699 951 2762 latericiis
974 2694 1088 2758 duobus
1103 2692 1198 2757 muris
1214 2713 1263 2757 se-

142 2815 214 2860 num
229 2794 333 2879 pedum
354 2795 553 2861 crassitudine
575 2809 666 2880 atque
689 2819 791 2863 eorum
811 2820 962 2862 murorum
978 2795 1204 2881 contignatione
1220 2797 1264 2857 la·
1286 2806 1320 2863 2⁵

143 2918 215 2963 cere
230 2897 426 2962 instituerunt
446 2918 541 2982 aequa
557 2901 620 2964 lere
635 2899 811 2979 altitudine,
835 2911 923 2982 atque
938 2900 988 2963 ille
1003 2898 1206 2982 congesticius
1222 2919 1264 2962 ex

106 2998 127 3064 2
143 3001 269 3065 materia
285 3002 382 3066 luerat
397 3021 502 3085 agger.
523 3000 580 3068 Vbi
597 3012 649 3065 ent
662 3003 788 3087 spatium
804 3002 886 3066 inter
900 3023 1001 3066 muros
1017 3012 1069 3066 ant
1084 3000 1263 3065 inbecillitas

144 3104 289 3167 materiae
304 3103 455 3188 postulare
470 3103 641 3184 uideretur,
666 3105 743 3189 pilae
757 3106 1005 3189 interponuntur,
1023 3104 1209 3168 trauersaria
1224 3104 1261 3165 ti·

143 3224 201 3285 gna
217 3204 391 3283 iniciuntur,
409 3227 486 3289 qnae
500 3208 687 3272 firmamento
700 3227 769 3273 esee
785 3210 920 3292 possint,
938 3219 969 3271 ct
983 3206 1123 3291 quidquid
1139 3215 1264 3269 estnon·

108 3303 129 3370 3
145 3303 290 3389 tignatnm
306 3308 437 3372 cratibus
452 3310 669 3388 consternitur,
687 3321 786 3375 crates
802 3311 865 3375 lutc
880 3310 1067 3393 integuntur.
1106 3305 1170 3372 Sub
1187 3316 1264 3371 tecto
1287 3315 1321 3369 tt

252 3461 529 3527 lquietidedieeeta.
634 3465 847 3532 trampnnteb.
970 3464 1101 3515 dadnerti
1114 3464 1137 3528 b,
1153 3463 1264 3513 animum

143 3535 247 3586 edberti
260 3552 296 3586 ea
309 3553 362 3588 uno
376 3538 431 3589 det.
445 3555 473 3590 aa.
619 3541 634 3593 t
648 3540 788 3608 arripiunt]
801 3542 908 3608 capiunt
920 3541 946 3591 b.
1086 3541 1102 3589 8
1115 3540 1198 3589 bostis
1211 3556 1228 3588 n
1238 3541 1263 3589 b,

252 3630 339 3666 eorum
353 3631 370 3666 a
385 3618 458 3668 ‘mee
469 3616 613 3684 plurimi':
626 3636 680 3671 om.
694 3619 856 3685 Stephanus.
972 3614 1140 3681 eeuppleue't
1152 3615 1265 3666 Cr’acco·

143 3695 216 3743 niue.
332 3694 363 3746 43
376 3696 474 3747 maiore
487 3696 537 3759 ab,
552 3697 644 3747 maiori
657 3714 685 3748 u.
802 3697 834 3748 tt
849 3697 938 3746 turrim
952 3698 1000 3759 ab,
1016 3703 1112 3746 terrem
1125 3709 1152 3742 a.

144 3770 177 3822 ts
190 3773 360 3839 reppulerunt
371 3789 398 3823 a.
504 3774 615 3824 militum
627 3775 715 3826 studio
727 3790 744 3824 a
757 3773 919 3839 Stephanus,
934 3773 1021 3825 studio
1032 3769 1142 3821 militnm
1156 3774 1263 3820 ceterae

142 3845 203 3896 edd.
320 3851 353 3903 20
367 3850 528 3916 induciisque
541 3853 592 3915 (a).
713 3853 776 3919 prob
790 3852 878 3903 aeelne
893 3854 917 3902 b.
1021 3851 1054 3904 tt
1067 3849 1262 3912 contignatione

143 3938 203 3988 ego,
218 3929 436 3992 contignationem
450 3929 528 3980 codd.
542 3929 572 3980 Ρ.
589 3929 644 3982 llb-
789 3930 823 3980 tt
836 3930 975 3980 altitudine
989 3928 1158 3980 Vcecoeauae
1171 3927 1262 3993 (salec

142 4001 212 4051 dunc
225 4003 439 4054 emendationem
453 4005 485 4054 Ρ.
501 4005 549 4056 ttt
563 4006 701 4072 Stephano
714 4005 825 4071 tribue),
839 4007 979 4056 latitudine
993 4005 1071 4057 codd.
1202 4020 1263 4054 con·

143 4079 270 4144 gesticiue
282 4095 299 4129 a
308 4081 322 4129 b
331 4080 379 4143 cd,
393 4090 533 4144 congestus
546 4099 564 4132 u
576 4084 624 4148 (-
635 4085 708 4136 titius
721 4082 786 4146 (a)).
907 4084 940 4139 27
954 4082 1114 4134 inbecillitas
1125 4096 1153 4131 a.

142 4157 177 4212 28
191 4156 352 4206 tranerearia
365 4170 391 4219 a,
406 4171 459 4207 non
472 4163 573 4210 tranen.
706 4158 740 4213 29
753 4166 861 4226 possent
874 4160 898 4210 b.
1033 4157 1072 4224 et]
1086 4165 1115 4208 nt
1127 4172 1155 4208 a.

143 4234 177 4289 80
190 4239 276 4286 cretea
289 4232 337 4299 ab,
352 4239 491 4300 cratesque
503 4249 532 4287 a.
