2692 4688
86 208 152 290 iss
303 222 359 288 ne
376 221 415 288 n.
434 219 562 288 naun.
581 216 721 287 noun.
739 219 815 286 vru
831 215 925 286 car.
944 214 1095 285 sa-es.

145 394 236 458 animi
252 393 439 458 inimieorum
456 389 611 471 Caesaris,
629 394 682 457 sed
696 391 943 469 admonebantur,
961 412 1019 475 quo
1035 391 1166 454 maiores
1181 410 1270 473 para·

145 506 216 560 rent
230 496 442 573 necessitates,
460 496 564 579 quibus
581 495 648 578 cogi
664 506 767 580 posset
781 507 905 560 senatus
921 495 949 559 id
966 493 1106 578 probare,
1123 493 1201 578 quod
1212 493 1271 578 ipsi

88 594 133 668 M
148 598 387 661 constituissent.
420 594 472 662 Fit
487 598 594 661 deinde
609 599 912 676 senatusconsultum,
931 608 965 659 ut
978 598 1015 660 ad
1030 595 1140 659 bellum
1149 592 1270 659 Partbi·

146 721 212 763 cum
229 700 307 783 legio
325 720 383 763 una
405 697 498 764 aCn.
517 698 679 784 Pompeio,
704 699 799 763 altera
822 696 894 764 aC.
920 695 1055 763 Caesare
1078 700 1268 778 mitteretur,
1321 699 1324 709 '

107 799 244 884 2neqne
260 803 387 866 obscure
403 804 477 866 duae
492 803 627 887 legiones
643 803 693 865 uni
710 802 920 865 detrahuntur.
966 800 1045 866 Nam
1063 798 1122 866 Cn.
1139 798 1268 886 Pompe·
1289 812 1304 863 t

146 904 194 968 ius
210 904 358 987 legionem
375 905 518 987 primam,
544 905 683 988 quemad
700 902 863 969 Caesarem
880 905 1022 983 miserat,
1046 907 1212 968 conlectam
1229 923 1271 968 ex

147 1003 263 1068 delectu
280 1006 453 1089 prouinciae
469 1004 632 1083 Caesaris,
659 1027 724 1070 earn
741 1018 889 1090 tamqnam
906 1028 947 1071 ex
961 1029 1016 1070 suo
1032 1025 1157 1070 numero
1173 1004 1267 1068 dedit.

112 1102 132 1169 3
148 1101 265 1170 Caesar
279 1118 391 1181 tamen,
409 1130 476 1171 eum
491 1109 528 1172 de
544 1109 698 1172 uoluntate
713 1109 834 1172 minime
850 1109 967 1173 dubium
985 1121 1066 1173 esset
1080 1107 1272 1173 aduersario-
1288 1146 1292 1155 ·

146 1229 212 1272 rum
228 1230 361 1285 suorum,
379 1207 522 1293 Pompeio
538 1211 684 1293 legionem
700 1210 818 1273 remisit
833 1222 863 1274 et
878 1232 933 1275 suo
949 1212 1070 1275 nomine
1085 1210 1270 1294 quintamde-

147 1311 273 1389 cimam,
291 1333 376 1393 quam
393 1313 424 1375 in
441 1310 541 1376 Gallia
556 1313 696 1376 citeriore
712 1313 874 1388 babuerat,
893 1334 934 1377 ex
948 1312 1209 1377 senatusconsulto
1225 1311 1272 1374 in·
1296 1320 1327 1373 lb

148 1412 198 1477 bet
213 1414 301 1475 tradi.
333 1410 369 1475 ln
385 1414 449 1476 eius
465 1415 561 1477 locum
578 1404 841 1477 tertiumdecimam
857 1415 1004 1499 legionem
1020 1415 1051 1478 in
1067 1411 1185 1477 ltaliam
1202 1413 1271 1476 mit·

148 1514 203 1587 tit,
228 1536 303 1597 quac
326 1515 472 1598 praesidia
496 1528 647 1593 tueretur,
680 1539 720 1581 ex
742 1518 850 1602 quibus
872 1517 1028 1601 praesidiis
1051 1515 1271 1599 quintadecima

112 1613 134 1676 la
149 1615 361 1679 deducebatur.
386 1614 454 1702 lpse
464 1619 612 1682 exercitui
629 1619 780 1682 distribuit
795 1619 935 1682 hibernae
954 1613 990 1682 C.
1000 1616 1184 1680 Trebonium
1201 1638 1269 1680 oum

148 1717 317 1800 legionibus
333 1730 475 1803 quattuor
489 1721 520 1783 in
535 1717 641 1805 belgio
657 1723 802 1799 collocat,
819 1717 856 1785 C.
875 1717 1000 1783 Fabium
1016 1740 1081 1781 cunr
1099 1718 1220 1781 totidem
1236 1718 1269 1781 in

40 1878 46 1889 ,
114 1817 134 1882 b
150 1817 290 1882 Haeduos
307 1823 435 1885 deducit.
482 1821 534 1886 Sic
550 1824 629 1886 enim
645 1824 838 1887 existimabat
853 1823 1029 1886 tutissimam
1046 1822 1109 1884 lore
1125 1817 1269 1897 Galliam,
1297 1830 1328 1883 tt

149 1923 174 1985 si
197 1919 329 2006 belgae,
354 1945 478 2006 quorum
500 1926 633 1989 maxima
655 1928 771 2004 uirtus,
797 1926 933 2002 Haedui,
957 1944 1083 2007 quorum
1104 1913 1269 1985 auctoritas

148 2042 262 2086 summa
280 2035 372 2101 esset,
390 2028 574 2091 exercitibus
590 2029 829 2091 continerentur.
862 2024 930 2110 lpse
946 2027 975 2090 in
986 2024 1100 2089 ltaliam
1118 2025 1269 2109 proiectus

91 2123 137 2196 55
148 2137 207 2189 est.
239 2123 308 2207 Quo
324 2149 389 2191 enm
406 2129 552 2207 uenisset,
570 2129 726 2215 cognoscit
740 2151 794 2214 per
808 2126 847 2195 C.
866 2128 1043 2193 Marcellum
1059 2127 1210 2191 consulem
1226 2124 1270 2187 le-

148 2228 253 2311 giones
269 2229 343 2293 duas
359 2231 395 2294 ab
411 2253 445 2295 se
460 2233 622 2311 remissas,
647 2253 724 2316 qnae
740 2253 779 2295 ex
795 2230 1057 2295 senatusconsulto
1073 2229 1216 2292 deberent
1231 2227 1269 2289 ad

147 2326 320 2393 Parthicum
337 2333 444 2396 bellum
462 2335 545 2409 duci,
571 2330 629 2397 Cn.
647 2331 789 2418 Pompeio
805 2334 930 2397 traditas
952 2343 1041 2417 atque
1063 2328 1197 2395 initalia
1221 2347 1270 2392 re·
1291 2337 1326 2392 2⁰

111 2429 247 2495 2tentas
270 2453 349 2496 esse.
396 2432 462 2497 Hoc
486 2437 564 2500 lacto
587 2457 761 2520 quamquam
783 2435 855 2498 nulli
877 2446 944 2498 erat
967 2435 1104 2512 dubium,
1129 2431 1267 2519 qrsidnasn

148 2544 252 2596 contra
269 2528 431 2597 Caesarem
457 2549 630 2616 pararetur.
659 2549 757 2602 tamen
781 2533 898 2602 Caesar
919 2537 1019 2601 omnia
1042 2535 1180 2608 natienda
1201 2553 1268 2597 esse

258 2848 269 2899 1
284 2849 489 2900 admonebantur
500 2866 523 2900 s.
630 2850 690 2918 qno]
703 2857 733 2902 ut
746 2851 770 2901 b.
877 2853 999 2917 parerent
1010 2860 1036 2907 e,
1051 2848 1187 2910 sperarent
1199 2839 1270 2891 ltro

147 2926 185 2984 st,
199 2925 249 2986 qui
259 2934 382 2989 pararent
394 2943 448 2977 sec.
461 2944 496 2977 m.
511 2930 540 2977 s'n
552 2942 651 2993 snam,
666 2928 700 2978 B.
861 2927 879 2981 2
892 2923 1065 2975 necessitates
1076 2919 1101 2970 B
1110 2919 1132 2970 Β
1138 2919 1162 2969 Β
1175 2922 1205 2967 si
1214 2931 1266 2984 pro

147 3012 208 3049 aar.
224 2999 285 3052 lect.
298 3005 332 3066 A,
348 3005 555 3056 necessitudines
568 3021 616 3056 oss.
737 3005 753 3056 3
768 3004 945 3055 instituissent
957 3001 982 3050 b.
1104 2999 1119 3049 1
1132 3011 1148 3046 a
1161 2994 1223 3062 Cn]
1237 3012 1268 3047 aa

147 3088 197 3124 non
211 3076 243 3126 B.
419 3083 567 3133 mitteretur
578 3082 624 3145 (B)
634 3097 647 3131 s
659 3079 776 3146 reliqui,
797 3082 965 3131 mitterentnr
976 3077 1002 3129 A
1015 3074 1120 3143 {forsan
1133 3077 1162 3123 ot
1172 3072 1223 3122 ed'
1237 3089 1265 3122 n.

256 3156 270 3206 5
284 3156 350 3208 dnae
363 3158 387 3210 B
402 3160 475 3209 ‘men
490 3160 524 3221 θ’,
540 3160 588 3209 bae
602 3160 669 3210 dnae
683 3174 732 3208 eu.
855 3156 900 3207 uni
913 3156 937 3208 Β
951 3155 1024 3205 ‘snae
1038 3152 1074 3211 θ’,
1088 3149 1197 3202 Caesari
1211 3150 1266 3212 bs,-

146 3228 191 3278 nai
203 3227 311 3282 Caesari
324 3249 351 3283 n.
456 3234 505 3286 Gn.
520 3236 554 3287 B.
658 3235 813 3286 brnisersnt
826 3234 861 3284 Β.
967 3228 1158 3283 idilectan.

148 3305 269 3360 Caesaris
282 3313 353 3374 abe,
367 3310 474 3363 Caesari
486 3314 509 3364 Β
523 3318 549 3363 et
560 3313 672 3377 reliqui.
795 3319 915 3375 tanquam
929 3309 984 3372 (Β).
1105 3307 1122 3357 8
1134 3303 1203 3371 eant]
1216 3304 1266 3355 etsi

145 3387 182 3438 Β.
288 3389 320 3439 de
334 3390 469 3442 uoluntate
482 3392 585 3442 minime
599 3392 703 3441 dubium
716 3399 788 3443 esset
801 3387 1011 3440 aduersariorum
1025 3398 1130 3434 suornm
1148 3383 1172 3433 B
1186 3383 1265 3433 ‘msa

143 3459 295 3530 pleriqus’5
314 3466 345 3516 de
360 3468 493 3520 uoluntate
507 3469 718 3520 aduersariorum
731 3485 760 3520 se
773 3465 880 3533 spoliari
894 3462 988 3514 nemini
1003 3461 1107 3511 dubium
1122 3467 1193 3511 esset
1206 3461 1220 3511 b
1233 3463 1267 3522 (is

147 3539 222 3602 nulli)
236 3540 275 3590 cd
281 3542 307 3590 A
319 3548 356 3605 st,
371 3547 422 3608 qui
431 3561 459 3594 se
472 3545 657 3613 exspoliario.
763 3545 779 3596 9
792 3542 912 3608 Pompeio
921 3541 945 3592 Β
954 3541 1028 3590 bross.
1039 3536 1180 3605 plurinei',
1194 3535 1269 3588 Pona-

133 3617 198 3685 ,peii
214 3618 236 3670 G
244 3638 252 3679 ,·
266 3619 313 3671 Co.
327 3619 448 3689 Pompeio
463 3640 488 3674 u.
635 3624 666 3675 to
679 3622 734 3684 SC,
748 3623 936 3686 suprascripto
949 3634 1002 3668 see.
1016 3632 1052 3666 sn.
1066 3616 1271 3675 innatassent

146 3697 221 3763 infra
233 3698 266 3749 Β.
423 3702 494 3752 iubet
507 3702 573 3752 tradi
592 3700 637 3766 (Β)
650 3716 664 3750 e
676 3701 764 3752 Hauc.
778 3713 842 3761 see„
857 3697 925 3747 tradi
939 3696 1010 3745 inbet
1025 3695 1097 3740 ‘men
1110 3689 1268 3756 pleriqne's

38 3833 42 3841 ,
256 3777 284 3827 11
299 3766 427 3840 Ιέςίουοω
440 3793 493 3827 om.
508 3795 522 3826 e
536 3777 624 3827 Orosi.
760 3777 792 3830 11
805 3780 925 3826 tueretur
936 3770 983 3835 (Β)
997 3774 1025 3817 et
1036 3767 1146 3831 reliqui,
1162 3772 1269 3815 tuentur

145 3854 171 3904 Β
180 3855 225 3904 be.
366 3855 396 3906 13
411 3856 581 3906 docebaturs
596 3856 668 3905 ‘msa
682 3855 717 3906 δ’.
868 3847 996 3903 exercitui
1010 3845 1145 3895 distribuit
1158 3843 1267 3894 biberna

146 3931 801 3994 BUDos,exercitandistribuitinbibernab.
978 3921 1123 3976 C.osn.B.

147 4011 179 4063 11
192 4016 304 4076 qnatnor
315 4010 372 4074 (Β).
478 4009 521 4075 C.]
536 4009 672 4062 Caninium
684 4027 738 4063 see.
752 4027 787 4063 sss.
802 4009 835 4061 Β.
955 4005 988 4058 lb
1002 4001 1102 4056 llaeslui
1114 4000 1138 4052 Β
1151 3997 1177 4048 ‘d
1189 3993 1264 4057 mei',

146 4092 175 4138 et
187 4086 287 4138 llaedni
300 4101 350 4137 eu.
510 4087 542 4138 18
554 4089 675 4152 cognouit
688 4089 713 4139 b.
863 4082 895 4136 G.
909 4099 945 4133 m.
958 4097 1003 4148 pr.
1016 4085 1045 4132 ct
1057 4078 1147 4130 Gaiam
1160 4090 1212 4126 sec.
1227 4072 1266 4134 B,

147 4163 182 4218 bl.
196 4164 230 4216 A.
353 4163 385 4217 1⁹
399 4163 463 4214 dnas
476 4179 528 4214 om.
544 4163 568 4213 b.
690 4165 810 4216 missase
825 4161 911 4213 oxon.
1044 4156 1078 4211 2⁰
1090 4153 1150 4208 duci
1161 4166 1215 4205 oss.
1230 4164 1266 4201 sss.

147 4256 189 4307 ps.
204 4243 237 4293 Β.
344 4239 425 4292 Gneio
438 4256 490 4291 sse.
505 4254 541 4290 sn.
555 4243 587 4302 Β,
602 4254 656 4291 oss.
671 4241 717 4291 be.
822 4238 852 4289 21
868 4232 936 4300 erat]
950 4240 1021 4284 esset
1034 4233 1059 4285 b.
