2692 4688
547 207 871 275 —tto—

148 384 244 449 cultas
259 418 302 431 -
316 381 436 445 tardere
450 380 562 465 posset’
584 381 658 446 haee
679 400 722 445 ex
742 376 885 445 Caesena
906 389 1007 444 mente
1029 378 1181 445 declarata
1202 388 1273 448 eise

147 488 344 551 demonstret.
397 480 567 547 Secundum
597 481 762 567 scripturas
790 482 928 546 binorum
955 481 1114 566 utriusque
1142 483 1275 551 leonillae

147 590 249 666 codd,
274 585 373 670 Bong.
398 607 444 668 pr.
469 582 543 648 Par.
561 606 607 670 pr.
625 582 697 648 Per.
722 604 785 647 sec.
802 582 904 648 Haun.
929 606 990 668 pr.,
1013 583 1056 648 ita
1071 586 1147 649 baec
1161 586 1277 653 eonsti-

147 693 257 756 tuends
273 698 378 753 erant:
398 685 458 751 ‘lta
481 709 547 751 eum
563 687 669 772 palude
689 686 831 771 impedita
846 708 864 751 a
880 686 989 752 cestris
1009 696 1110 753 cestre
1124 686 1216 753 diuidi
1231 688 1277 753 ni·

148 791 260 870 deret’,
284 810 361 874 quae
376 789 558 872 reliquorum
582 809 699 872 quoque
713 789 798 853 codd.
813 788 981 875 scripturae
996 790 1107 875 optime
1129 790 1276 856 muneni-

147 905 214 975 unt,
230 893 257 959 si
269 904 367 958 tamen
383 900 525 955 accurate
539 891 665 955 relatum
681 901 730 955 est
744 891 781 955 de
794 891 943 956 omnibus.

232 992 273 1061 C.
288 992 341 1073 15,
358 991 378 1056 5
393 994 425 1057 in
440 993 566 1076 integris
581 993 668 1058 codd.
678 993 752 1058 baec
762 992 915 1079 legentum
934 990 1115 1075 ‘Bellouaci²
1130 1014 1200 1059 eum
1210 990 1275 1059 tte-

146 1120 253 1165 mauos
273 1098 311 1163 ad
334 1097 550 1179 insequendum
572 1106 695 1181 parntes
722 1095 863 1160 uiderent
889 1116 985 1181 neque
1012 1104 1195 1181 pernoctare
1222 1106 1276 1163 eut

145 1202 255 1267 diutius
271 1217 447 1285 permanere
462 1197 529 1262 siue
543 1197 674 1283 periculo
689 1199 794 1262 eodem
809 1197 877 1261 loco
892 1209 1026 1283 possent,
1044 1198 1105 1263 tale
1114 1198 1273 1265 concilim

145 1304 192 1369 sui
206 1301 369 1385 recipiendi
384 1310 539 1383 ceperunt.
573 1299 703 1379 Fasces,
718 1310 753 1364 ut
767 1311 988 1365 consueuerant
1001 1302 1144 1386 (nemque
1157 1300 1191 1367 in
1204 1300 1273 1367 sele

145 1407 251 1471 sedere
273 1401 378 1467 Gallos
401 1419 564 1467 consuesse
585 1403 789 1488 superioribus
812 1404 1035 1468 commentariis
1059 1399 1205 1468 Caesmio
1219 1402 1272 1469 te-

145 1508 290 1571 elaratum
306 1508 379 1587 est),
402 1524 457 1587 per
478 1525 585 1569 manus
599 1515 829 1570 stramentorum
851 1526 888 1569 ae
909 1506 1126 1588 uirgultorum,
1142 1526 1270 1589 quorun

145 1629 261 1675 summa
276 1606 386 1670 eratin
402 1606 509 1671 eastris
524 1608 628 1691 eopia,
651 1607 733 1671 inter
748 1626 783 1671 se
798 1606 921 1671 traditos
937 1617 1008 1672 ante
1023 1608 1118 1673 aciem
1139 1608 1272 1673 colloca·

143 1722 215 1777 runt
236 1720 430 1792 extremoque
451 1719 583 1792 tempore
604 1708 662 1773 diei
684 1709 772 1793 signo
786 1710 979 1794 pronuntiato
994 1730 1054 1773 uno
1076 1719 1208 1793 tempore
1222 1710 1272 1775 ia·

145 1812 332 1879 cenderuut'.
371 1810 430 1874 llic
452 1811 544 1875 uerba
569 1818 708 1894 ‘namque
728 1812 759 1875 in
776 1812 842 1875 acie
857 1810 964 1875 sedere
980 1808 1085 1875 Gades
1104 1832 1272 1879 consuesse

144 1915 345 2000 superioribus
362 1912 582 1978 commentariis
598 1908 740 1977 Caesaris
756 1913 941 1977 declaratum
955 1913 1012 1978 est’
1027 1912 1270 1999 inexplicabilem

143 2017 254 2081 babent
268 2016 480 2080 dillioultntem.
497 2014 608 2098 Neque
622 2015 700 2080 enim
716 2017 776 2081 tale
791 2016 948 2101 quiequam
962 2010 1127 2081 aCaesare
1143 2036 1269 2099 usqua·

141 2120 266 2183 relatum
290 2129 347 2181 est.
386 2116 467 2181 Nam
489 2120 565 2203 qnod
586 2118 703 2201 quidam
719 2117 848 2182 Hirtium
870 2118 1023 2203 respicere
1043 2117 1182 2183 arbitrati
1196 2126 1272 2183 ml

143 2221 180 2286 ud
196 2241 250 2299 ea,
275 2240 351 2303 quae
374 2220 512 2305 leguntur
526 2220 557 2283 b.
575 2218 655 2285 Gall.
675 2218 732 2299 ill,
753 2221 793 2287 18
807 2232 889 2286 extr.
908 2221 991 2286 ‘laeti
1005 2222 1208 2306 ntexploreta
1223 2220 1270 2286 ui-

143 2324 241 2389 ctoria
255 2324 415 2388 sarmentis
431 2321 628 2407 uirgultieque
644 2324 796 2400 collectis,
821 2323 926 2407 quibus
948 2325 1047 2389 fossas
1061 2322 1269 2389 Romanorum

143 2426 328 2508 compleant,
353 2423 392 2487 ad
406 2434 506 2487 castre
520 2424 670 2507 pergens,
688 2444 784 2508 neque
800 2425 1001 2505 decedendo,
1024 2427 1056 2490 in
1077 2448 1136 2510 qno
1150 2444 1269 2493 summa

141 2528 186 2589 rei
203 2525 348 2601 uertitur,
371 2524 413 2588 ibi
428 2527 555 2589 relmnm
570 2536 635 2606 est,
659 2539 690 2592 et
705 2548 776 2592 usus
791 2540 1008 2593 sarmentorum
1022 2540 1053 2591 et
1068 2529 1269 2614 uirgultorum

141 2629 179 2692 ad
195 2629 292 2691 lossrs
306 2627 497 2709 complendas
514 2626 611 2693 Gallie
628 2649 687 2692 non
712 2631 807 2715 magis
823 2651 909 2714 quem
923 2629 1071 2696 [iomanis
1085 2641 1176 2714 atque
1189 2632 1268 2697 adeo

141 2731 278 2795 omnibns
292 2728 409 2813 populis
424 2729 577 2794 familiaris
592 2731 688 2795 uideri
703 2743 813 2817 potest.
850 2731 961 2816 Neque
976 2732 1063 2797 buius
1079 2733 1124 2797 rei
1140 2734 1269 2799 mentio·

140 2853 208 2898 nem
230 2833 307 2917 apud
329 2827 493 2897 Caesarem
516 2833 631 2918 perisse
652 2834 793 2899 credibile
816 2847 878 2900 ert:
896 2834 1068 2918 superiores
1090 2836 1168 2899 enim
1183 2854 1268 2901 com·

140 2935 278 2999 mentarii
292 2935 374 2999 omui
390 2956 432 3001 ex
446 2947 529 3018 parte
543 2936 654 3022 integri
668 2948 750 3001 snut.
787 2937 830 3002 Et
850 2947 949 3002 tamen
965 2936 1040 3001 baec
1054 2956 1105 3001 res
1119 2939 1195 3002 adeo
1210 2958 1267 3003 uo·

139 3037 240 3102 tabidis
254 3049 338 3117 erat,
355 3048 389 3102 ut
403 3034 588 3115 Caesarem,
606 3060 672 3103 cum
689 3050 734 3104 tot
748 3039 861 3125 proelia
877 3048 1027 3112 narraret,
1045 3039 1110 3104 eius
1125 3060 1186 3103 non
1201 3058 1266 3105 me·

139 3142 264 3205 minisse
284 3160 382 3223 neque
405 3141 494 3205 ullum
517 3142 607 3206 alium
622 3142 800 3225 scriptorem
823 3142 860 3207 de
875 3161 914 3207 ea
928 3139 1108 3205 montionem
1123 3140 1266 3207 iniecisse

140 3242 275 3304 mirabile
297 3243 391 3305 uideri
414 3244 546 3309 deberet.
587 3244 666 3309 Nan
695 3263 771 3327 quae
794 3264 836 3308 ex
855 3244 922 3308 eliis
951 3243 1124 3307 auctoribus
1147 3244 1265 3329 prolata

139 3352 228 3419 sunt,
253 3363 429 3426 quamquam
450 3346 487 3409 de
508 3348 577 3410 aliis
598 3346 729 3432 populis,
754 3358 854 3411 tamen
869 3366 908 3411 ne
923 3345 1031 3410 similis
1046 3346 1164 3429 quidem
1177 3354 1262 3423 sunt,

139 3444 222 3508 uelut
244 3444 321 3527 qnod
343 3440 454 3509 Strabo
469 3443 515 3510 tlt
538 3470 567 3532 p.
591 3448 657 3513 stt
677 3448 760 3511 Alm.
778 3450 815 3513 de
840 3448 1019 3514 Vettonibus
1039 3448 1160 3512 scribite
1182 3442 1266 3521 corle

141 3540 360 3625 Ode'esnsmu,
390 3544 446 3613 dre
471 3552 607 3634 πρῶτον
635 3554 684 3623 eie
710 3550 750 3617 τό
780 3553 850 3618 τῶν
870 3550 1051 3637 Ῥωμαίων
1079 3551 1265 3635 παρῆλθον

139 3640 387 3731 στρατόπεδον,
407 3644 547 3727 ldo'nunc
568 3654 637 3719 τῶν
650 3654 834 3741 ταξιαρχῶν
848 3677 945 3727 τινας
967 3647 1265 3739 ἀνακάμπτοντας

137 3754 177 3816 ἐν
197 3760 272 3822 ταῖς
293 3742 383 3823 o‘dotc
402 3751 590 3836 περιπάτου
609 3748 710 3842 χάριν
730 3753 864 3842 μανίαν
885 3749 1127 3842 ὑπολαβόντας
1145 3748 1265 3840 q‘ysto·

138 3856 204 3917 θαι
226 3850 291 3936 τήν
315 3849 396 3919 ridde·
417 3848 533 3928 αὐτοῖς
548 3858 603 3923 inl
618 3856 680 3930 edu
695 3857 835 3943 σκηνάς,
856 3855 900 3934 uic
915 3857 993 3925 δέον
1009 3854 1031 3944 'l
1045 3858 1165 3944 μένειν
1180 3850 1265 3925 καθ’

137 3949 279 4041 ἡσυχίαν
293 3954 499 4038 ἱδρυθένταο
513 3954 536 4040 ἢ
549 3955 735 4047 μάχεσθαι.
759 3958 866 4043 Neque
882 3962 1014 4025 conferri
1031 3970 1167 4044 possunt,
1184 3978 1264 4042 quae

137 4056 213 4138 apud
229 4053 301 4119 Lin.
318 4054 460 4132 XXXV,
479 4055 517 4119 ll
539 4059 576 4123 de
598 4060 694 4126 Gallis
718 4062 877 4145 leguntur:
900 4066 960 4146 ‘qni
977 4064 1073 4148 primo
1088 4060 1195 4126 intenti
1211 4081 1265 4145 pa·

136 4158 273 4240 ratique,
296 4158 322 4221 si
344 4160 584 4239 lacesserentur,
601 4163 827 4230 instantioribus
844 4167 972 4242 inerant,
990 4167 1048 4228 iam
1064 4165 1196 4228 inermes
1212 4182 1264 4228 ee·

134 4261 297 4347 dentesque
317 4282 387 4346 pars
409 4263 539 4329 maxime
562 4267 758 4349 spectabant'e
775 4290 843 4333 num
866 4289 932 4332 cnm
948 4266 1028 4333 Galli
1049 4267 1164 4333 exitum
1185 4286 1262 4333 oon·
