2692 4688
33 175 99 247 122
431 176 490 247 uu
511 178 658 251 mesu
681 178 874 251 bubulco

93 350 186 417 leutio
195 372 234 417 ex
244 352 577 438 lugaercepitueritns,
595 375 706 438 nequa
722 355 878 421 incastris
893 375 934 419 ex
949 374 1053 419 eorum
1068 376 1220 422 concursu

95 464 128 519 et
141 454 348 519 misericordia
363 455 444 542 uulgi
460 457 569 521 seditio
583 469 742 537 oreretur,
767 469 802 522 ut
825 456 927 542 procul
947 458 978 520 in
1000 458 1051 521 uis
1066 457 1220 542 dispositis

96 556 292 623 familiaribus
308 557 372 623 suis
386 559 630 644 principibusque
644 560 800 625 ciuitatum
809 559 1005 644 disparandos
1015 560 1221 625 deducendos·

96 660 208 743 quoad
222 680 293 724 suos
309 672 449 741 cureret,
466 682 544 746 quae
558 662 665 746 cuique
680 662 795 726 ciuitati
812 680 882 745 pars
897 670 1065 726 aratrorum
1079 662 1118 726 ab
1133 663 1222 728 initio

39 760 83 832 29
98 762 276 828 obuenerat.
305 759 434 827 Postero
449 764 496 829 die
512 764 641 830 concilio
655 774 822 828 conuocato
840 766 1014 829 consulatus
1028 765 1220 830 cohortatus·
1240 778 1259 829 t

99 884 158 947 que
173 874 233 942 est,
251 884 291 929 ne
306 885 340 929 sc
355 867 510 932 admodum
519 867 619 931 animo
634 866 839 943 demitterent,
857 887 896 930 ne
911 866 1162 951 perturbarentur
1175 869 1223 933 in·

63 965 86 1031 2
100 967 267 1033 commodo.
297 965 330 1033 N
333 988 372 1031 on
387 969 499 1033 uirtute
514 989 611 1052 neque
626 969 658 1034 in
674 970 739 1032 acie
755 968 864 1032 uicisse
879 966 1051 1049 llomauos,
1078 970 1131 1034 sed
1146 971 1223 1035 arti·

99 1069 170 1135 licio
184 1071 311 1153 qncdnm
327 1081 358 1135 et
371 1071 499 1137 scientia
513 1070 756 1157 oppugnationis,
772 1070 858 1135 euius
872 1072 918 1135 rei
933 1071 1046 1135 luerim
1060 1070 1117 1157 ipsi
1130 1072 1225 1157 impe

66 1171 167 1239 driti.
204 1171 339 1251 Errare,
367 1174 394 1239 si
416 1175 518 1257 quiin
540 1173 617 1238 bello
639 1173 736 1238 omnis
758 1175 909 1238 secundos
937 1194 1039 1238 rerum
1060 1185 1224 1259 prunarum

65 1272 274 1360 tespeerent.
305 1270 371 1341 Sibi
386 1297 546 1360 numquam
568 1277 716 1359 placuisse
730 1274 896 1341 Auaricum
910 1276 1048 1356 defendi,
1071 1277 1158 1341 cuius
1179 1278 1224 1342 rei
1249 1289 1282 1341 to

102 1387 198 1445 testes
213 1379 295 1463 ipsos
311 1379 452 1459 baberet,
480 1380 533 1444 sed
556 1380 666 1443 iactum
688 1378 879 1462 inprudentia
892 1375 1064 1464 Biturigum
1087 1388 1119 1443 et
1132 1378 1225 1444 nimia

67 1477 88 1543 b
103 1480 300 1565 obsequentia
315 1482 509 1564 reliquorum,
526 1482 570 1547 nti
586 1481 643 1545 boe
657 1481 875 1573 incommodum
890 1481 1091 1567 acciperetur.
1128 1478 1164 1546 ld
1179 1491 1224 1545 ta·

68 1578 174 1647 buren
196 1603 229 1647 se
252 1584 392 1648 celeriter
413 1583 578 1649 maioribus
600 1583 763 1649 commodis
783 1593 969 1648 sanaturum.
1000 1582 1082 1648 Nam
1097 1604 1174 1667 quae
1187 1583 1226 1648 ab

103 1684 229 1768 reliqms
244 1682 341 1749 Gallis
357 1686 495 1751 ciuitates
510 1686 723 1764 dissentirent,
748 1685 804 1749 bas
823 1705 881 1750 sna
902 1686 1055 1771 diligentie
1068 1687 1224 1751 adiunctu-

104 1806 174 1853 rum
195 1798 284 1871 atque
307 1809 399 1853 unum
421 1788 577 1854 consilium
594 1789 685 1853 totins
701 1786 819 1853 Galliae
834 1789 1028 1867 effecturum,
1052 1788 1138 1853 cuius
1152 1808 1225 1853 eou-
1249 1800 1283 1852 ιι

104 1891 207 1955 sensui
224 1910 262 1954 ue
277 1890 359 1956 orbis
374 1891 491 1974 quidem
508 1901 655 1955 terrarum
670 1892 767 1977 possit
780 1890 946 1969 obsistere,
971 1892 1059 1974 idque
1078 1908 1112 1955 se
1133 1910 1226 1975 prope

69 1990 92 2059 7
107 1991 167 2057 iam
183 1992 320 2057 effectum
337 1993 459 2059 babere.
475 1989 597 2059 Interea
612 2014 737 2077 aequum
752 2014 821 2058 esse
836 1994 927 2059 abiis
941 1995 1106 2058 eommunis
1120 1994 1227 2058 salutis

106 2114 196 2161 causa
212 2094 375 2178 impetrari,
393 2106 427 2161 ut
441 2107 541 2162 caetra
555 2098 672 2161 munire
686 2097 897 2177 instituerent,
912 2118 974 2181 quo
987 2097 1104 2162 taetus
1120 2117 1228 2182 repen·

51 2196 99 2268 80
114 2196 195 2263 tiuos
209 2196 340 2263 bostium
354 2199 482 2284 impetus
496 2201 694 2266 sustinerent.
738 2197 811 2265 Fuit
832 2201 906 2265 baec
921 2199 1018 2264 oratio
1032 2219 1094 2263 nun
1108 2199 1227 2283 ingrata

107 2296 226 2380 Gallis,
243 2310 274 2364 et
287 2302 436 2383 maxime,
461 2303 540 2385 quod
553 2303 618 2388 ipse
633 2304 734 2368 animo
749 2323 810 2366 non
825 2302 979 2368 deiecerat
998 2310 1084 2366 tauto
1106 2309 1228 2385 accepto
1248 2309 1284 2365 ao

106 2402 296 2468 incommodo
311 2424 407 2488 neque
422 2424 457 2469 se
470 2405 502 2468 in
518 2404 665 2470 oecultum
680 2404 837 2470 abdiderat
850 2414 882 2469 et
895 2415 1090 2489 conspectum
1096 2402 1230 2468 multitu·

71 2503 187 2569 trinu
202 2506 338 2588 iugerats
359 2506 483 2590 plusque
496 2508 597 2571 animo
612 2507 770 2592 prouidere
784 2517 816 2571 et
831 2507 1019 2592 praesentire
1033 2505 1228 2570 existimaba-

108 2615 170 2684 tur,
188 2606 265 2690 quod
281 2606 447 2693 reintegra
463 2608 559 2693 primo
574 2609 791 2675 incendendum
806 2607 983 2686 Auaricum,
1003 2618 1072 2692 post
1086 2607 1228 2671 deseren-

72 2705 178 2775 atum
192 2718 364 2773 censuerat.
400 2706 505 2794 ltaque
527 2722 561 2775 ut
582 2713 763 2795 reliquorum
785 2712 997 2796 imperatorum
1012 2730 1064 2774 res
1078 2708 1225 2773 ednmsae

108 2811 318 2876 auctoritatem
334 2811 487 2892 minuunt,
511 2814 555 2878 sic
572 2815 657 2878 buius
673 2835 714 2879 ex
729 2814 882 2878 conuario
897 2812 1027 2896 dignitas
1042 2811 1228 2876 incommodo
1250 2822 1285 2875 25

109 2925 234 2999 accepto
249 2914 281 2977 in
296 2916 359 2980 dies
374 2916 551 3000 augebatur.
583 2916 680 2982 Simul
696 2918 726 2980 in
741 2937 823 3002 spem
840 2916 1003 2980 ueniebant
1016 2915 1081 2980 eius
1091 2914 1229 2978 adfirma-

73 3012 193 3081 dtione
208 3017 245 3081 de
259 3017 383 3102 reliquis
406 3020 602 3103 adiungendis
618 3020 807 3096 ciuitatibus3
831 3018 1017 3102 primumque
1038 3037 1074 3081 eu
1097 3028 1230 3100 tempore

110 3114 191 3184 Galli
207 3131 306 3184 castra
321 3122 437 3187 munire
452 3121 648 3187 instituerunt
670 3134 700 3186 et
722 3124 765 3187 sic
781 3130 852 3187 sunt
867 3121 967 3185 animo
982 3120 1161 3198 confirmati,
1178 3119 1231 3184 bc-

110 3220 206 3287 mines
220 3223 331 3287 insueti
347 3224 472 3304 laboris,
488 3236 521 3290 ut
538 3226 655 3304 omnia,
673 3247 749 3309 quae
764 3208 1003 3311 imperarentur,
1019 3223 1076 3288 sibi
1092 3221 1232 3308 patienda

110 3410 149 3478 pit
156 3410 206 3477 (B)
219 3412 345 3479 ‘reliqui,
361 3416 444 3465 etiem
457 3414 521 3478 eu·‚·
535 3422 611 3465 nocte
624 3413 730 3466 silentio
743 3415 782 3466 sie
795 3415 900 3482 excepit
912 3430 930 3464 u
939 3412 969 3476 b,
983 3420 1060 3465 noete
1072 3413 1111 3466 sie
1123 3428 1155 3462 ex
1170 3411 1231 3477 iuga

110 3492 250 3557 cacapite.
356 3494 648 3546 lexeursueorumb.
754 3492 1011 3548 tereretnrABC.
1118 3491 1231 3543 basino

109 3580 165 3618 ess.
179 3566 205 3618 b.
342 3582 375 3618 ae
388 3569 603 3635 perturbarentur
613 3569 638 3619 B
651 3569 724 3619 ‘mss
735 3568 879 3637 plerique’,
894 3582 959 3620 uene
972 3567 1191 3636 perturbarentur
1202 3579 1229 3614 s.

220 3643 235 3695 1
248 3643 332 3696 ιιιιιιίι
343 3646 440 3698 Anu.
585 3652 728 3712 prouentus
741 3646 811 3697 Bae
824 3646 935 3711 reliqui,
948 3652 1058 3696 euentus
1072 3642 1121 3693 bd.

113 3721 146 3775 ib
159 3737 288 3789 uunquam
300 3724 358 3788 (B).
467 3724 495 3777 11
511 3724 678 3792 inprudentia
689 3724 723 3775 B.
848 3723 881 3776 12
892 3730 979 3775 tamen
992 3722 1132 3774 sceleriter
1145 3719 1180 3783 A,
1193 3724 1233 3769 ta·

111 3815 170 3853 mea
183 3802 306 3854 celeriter
319 3803 344 3853 b.
438 3804 470 3855 13
483 3810 634 3854 secuturum
647 3818 683 3852 m.
694 3802 780 3868 prnA
789 3802 821 3853 0.
929 3799 1124 3856 substituer.

112 3880 275 3932 desentirent
286 3882 322 3932 A.
473 3882 504 3932 ii
518 3882 656 3932 consensui
669 3895 683 3930 s
697 3886 727 3931 st
735 3882 845 3946 reliqui,
860 3895 988 3931 consensu
1001 3878 1124 3944 (lotoe.

114 3960 146 4013 17
159 3959 192 4009 ab
205 3959 245 4010 bis
259 3960 289 4010 u.
398 3959 430 4011 18
443 3960 620 4026 repetentinus
632 3963 666 4014 B.
784 3958 816 4010 lb
829 3958 992 4009 sustinerent
1004 3958 1028 4008 B
1040 3950 1177 4020 ‘reliqui',
1191 3964 1234 4002 sa·

113 4039 212 4093 adnare
224 4044 331 4104 possent
344 4037 436 4088 bede.
609 4038 644 4091 20
656 4044 685 4088 et
695 4036 806 4088 mulsos
819 4037 844 4088 B
856 4040 936 4087 ‘seen
948 4034 1045 4103 plus-3,
1059 4033 1171 4085 maxime
1184 4043 1232 4079 eu.

219 4116 252 4170 21
267 4130 295 4165 se
306 4129 360 4166 eeu.
373 4116 398 4166 B
413 4112 578 4179 ‘suessent
706 4116 741 4170 22
752 4117 818 4164 aete
830 4111 935 4179 lugent
947 4112 1010 4163 edd.
1025 4126 1075 4162 neu
1088 4109 1125 4162 b.

112 4191 289 4263 meaturi.
393 4193 638 4244 iteruntrariob.
743 4190 1018 4247 bbuddrnationeB.
1123 4188 1158 4241 18
1173 4203 1235 4238 cun·

114 4272 208 4331 dnasti
219 4286 278 4339 ego,
293 4269 453 4322 consternati
467 4268 543 4321 redd.
558 4269 589 4321 Ρ.
604 4269 646 4326 92.
750 4268 784 4323 11
795 4268 919 4338 pudenda
929 4268 1113 4323 existimarent
1124 4266 1148 4319 B
1160 4263 1235 4318 ‘reli-
