2684 4694
517 202 818 274 ...57-

107 372 251 441 similiter
263 376 328 460 ipse
343 371 462 442 Caesar
474 378 554 443 dixit
568 378 635 444 ltor.
652 399 759 443 mum.
775 375 839 457 Vl,
857 376 914 457 ll,
930 377 963 457 2,
980 376 1030 443 nlri
1045 378 1078 442 in
1093 379 1231 445 omnibns

109 478 197 543 oodd.
214 489 336 561 prseter
348 479 545 563 interpolatus
561 481 703 566 scripturn
719 490 767 545 est
783 487 864 543 ‘nou
878 482 974 545 solnm
988 482 1020 545 in
1034 482 1174 546 onnibus
1189 481 1232 546 ei·

107 581 255 645 nitetibss
269 616 330 659 -‚
347 582 401 645 sed
415 602 511 664 paene
526 583 616 647 etiem
637 580 764 666 siugulis
786 582 950 647 donilns’.
995 582 1131 647 Aliusn-
1153 582 1231 648 seri·

109 694 229 768 ptornru
245 684 385 769 exemplo
400 684 475 748 hneo
490 694 577 748 sunt:
602 679 668 749 Cio.
688 705 743 768 pro
756 681 870 749 Flseoo
883 684 917 762 7,
937 682 977 749 17
993 691 1073 749 ‘non
1088 687 1185 750 solon
1198 682 1231 749 in

109 783 256 863 Generis,
270 785 324 849 sed
338 806 432 870 prope
447 786 565 850 onustis
580 785 741 869 gentilus',
759 808 814 872 pro
824 784 911 853 Solln
923 783 979 866 2⁰,
996 784 1039 852 56
1056 795 1129 851 ‘non
1144 788 1231 852 nodo

108 888 147 952 ob
162 908 298 966 munus,
314 888 368 952 sed
382 888 472 952 etism
487 889 690 952 neeessariam
706 891 849 969 onmsm'3
867 886 962 955 Corn.
978 887 1059 975 Nep.
1078 889 1146 954 Alo.
1162 889 1195 969 4,
1210 886 1233 953 d

109 997 184 1055 ‘nou
200 990 346 1055 ndnersns
362 990 508 1075 petrinus,
524 990 578 1053 sed
594 990 730 1054 iniurioos
744 1011 817 1055 snos
831 991 941 1057 belinus
956 994 1082 1078 gessit’,
1100 988 1180 1056 Con.
1197 992 1230 1071 5,

106 1092 129 1157 2
146 1101 220 1157 ‘non
234 1093 331 1156 solnm
345 1093 426 1157 iuter
439 1092 597 1169 bsrbnros,
612 1093 666 1156 sed
680 1092 771 1157 etiam
785 1114 890 1158 ornnes
905 1091 1055 1159 Greeoine
1069 1093 1230 1173 einitntes's

107 1191 182 1259 Lis.
197 1191 378 1273 XXXVII,
404 1193 426 1259 7
443 1201 516 1258 ‘uon
531 1214 585 1280 per
599 1192 809 1259 Meoedouisns
824 1197 933 1273 modo,
954 1196 1008 1259 sed
1029 1196 1119 1259 etiem
1133 1192 1233 1259 'lurs-

107 1298 208 1374 oisnr'3
226 1294 302 1360 Tne.
321 1296 392 1359 list.
409 1292 438 1374 I,
453 1295 475 1358 4
492 1302 565 1361 ‘nou
580 1296 668 1361 nodo
682 1297 714 1359 in
728 1297 803 1361 urbe
817 1298 894 1382 opud
910 1307 1012 1381 potres
1026 1306 1080 1361 sut
1093 1297 1232 1381 populun

107 1408 163 1462 snt
177 1399 321 1462 nrlsnnus
344 1397 487 1477 militem,
508 1399 563 1463 sed
578 1420 682 1464 omnes
696 1399 832 1483 legiones
847 1398 1016 1482 ducesque’.
1062 1392 1185 1463 Omissa
1199 1398 1232 1462 in

108 1501 206 1565 altero
220 1501 354 1569 nembro
368 1500 609 1585 praepositione,
628 1522 693 1564 onus
708 1500 877 1579 umnluls,
901 1521 976 1586 quse
997 1510 1228 1583 componuntnr,

107 1604 206 1668 srtins
221 1603 461 1688 ooninngnntur,
484 1603 537 1680 tlt,
561 1613 595 1667 st
616 1603 682 1688 ipse
696 1602 791 1687 magis
808 1601 968 1666 emineant.
1013 1604 1028 1682 (
1037 1599 1143 1665 llinsd.
1160 1622 1229 1686 esp.

106 1707 139 1790 5.
154 1704 199 1769 22
212 1706 288 1789 npnd
305 1701 488 1782 Csessrem,
511 1716 546 1770 nt
566 1706 623 1770 hoo
644 1706 743 1770 obiter
756 1725 913 1781 moneam,
936 1704 1025 1781 inde,
1046 1704 1124 1787 qnod
1141 1704 1171 1787 ς.
1189 1699 1231 1767 lll

106 1808 252 1892 seriptnns
267 1816 315 1873 est
330 1809 394 1891 ‘qui
409 1808 466 1872 nisi
482 1809 628 1886 decedst',
643 1808 720 1873 effioi
736 1828 796 1871 non
808 1816 920 1890 potest,
937 1805 1101 1889 quominus
1115 1804 1146 1868 in
1155 1804 1231 1888 opti·

105 1911 213 1975 suiset
232 1909 366 1993 plurimis
389 1909 476 1973 oodd.
496 1921 580 1975 reete
594 1910 712 1994 legatur
740 1908 837 1992 ‘qnod
860 1908 920 1973 nisi
945 1907 1134 1973 discessisset
1149 1917 1182 1971 et
1195 1906 1231 1971 li·

104 2011 211 2076 berem
226 2010 447 2093 possessivum
462 2008 580 2075 Gellise
594 2011 651 2075 sili
665 2011 859 2075 tradidisset'.
891 2009 949 2073 llio
964 2011 1043 2074 eninr
1058 2008 1230 2073 Ariouistus

104 2113 138 2179 id
153 2122 272 2176 tentum
286 2111 437 2195 postolos,
459 2123 495 2176 nt
508 2113 599 2176 anot
612 2110 744 2191 (leesor,
769 2132 805 2176 en
821 2112 993 2196 postulatio,
1010 2122 1044 2177 ιιι
1058 2112 1095 2176 de
1110 2129 1230 2195 posses·

104 2216 194 2279 sione
208 2210 328 2277 Gellise
342 2212 486 2298 deoednt,
503 2213 561 2288 iis,
577 2233 655 2296 qnae
670 2215 807 2279 edinnoto
822 2225 911 2293 snut,
928 2215 1129 2295 continetur.)
1156 2208 1230 2275 Non

104 2315 221 2381 restim
242 2335 331 2398 wem
353 2315 468 2380 dnobus
489 2314 694 2399 superioribus
715 2316 790 2381 loeis
812 2312 1016 2382 Schneiderns
1038 2316 1138 2401 egisse
1158 2312 1230 2377 milri

106 2419 229 2485 uidetur
242 2438 271 2482 e.
288 2416 348 2495 53,
372 2417 406 2481 4.
450 2413 496 2481 Ibi
516 2415 596 2481 euius
619 2439 687 2482 onus
708 2418 785 2482 dnae
807 2418 1110 2503 essentsoriptnrne,
1135 2416 1230 2480 eltere

108 2520 286 2605 optimorum
301 2519 551 2605 plurimorumque
572 2520 659 2584 eodd.
686 2520 782 2585 ‘duee
802 2523 924 2587 inerunt
943 2521 1092 2585 Ariouisti
1115 2536 1228 2582 uxores

107 2658 151 2671 -
171 2634 317 2704 utresque
336 2621 368 2684 iu
390 2640 427 2684 es
447 2620 518 2705 ingo
540 2623 723 2705 perierunt’,
747 2623 842 2687 altono
863 2623 1109 2708 interpolatorum
1137 2625 1228 2705 (unm

107 2723 303 2789 Aeleintrins
330 2745 434 2789 errore
455 2720 625 2787 Perisinnnr
653 2723 778 2807 primum
807 2745 862 2809 pro
884 2726 1015 2789 seeundo
1040 2722 1229 2803 nominauit)

110 2831 248 2909 ‘utreque
260 2862 304 2875 -
318 2827 428 2911 periit',
444 2822 669 2905 Schneiderns,
692 2827 846 2909 quintili
862 2828 936 2891 dnos
951 2825 1120 2910 singulares
1135 2822 1230 2888 honsi-

108 2948 163 2993 nes
177 2928 225 2993 nel
239 2947 291 2991 res
306 2925 424 2992 Ceeser
437 2947 499 2992 non
513 2926 622 3010 plnrnli
637 2948 763 2992 numero
782 2939 928 3011 utrosque
949 2929 999 2991 nel
1021 2937 1165 3009 utresque
1186 2924 1231 2988 di·

109 3039 194 3093 oeret
206 3028 252 3111 (b.
267 3029 326 3093 ein.
344 3031 422 3093 enisu
435 3026 478 3105 ll,
494 3028 516 3093 6
531 3029 563 3091 in
575 3029 695 3112 optimis
710 3031 796 3094 oodd.
814 3030 871 3113 tegi
887 3029 1004 3092 monuit
1024 3034 1169 3111 ‘nmque
1188 3046 1231 3091 ex

108 3150 256 3195 coneum
269 3131 481 3212 laborarent),
498 3129 555 3193 heo
568 3130 662 3214 igitur
676 3131 713 3195 de
727 3151 820 3197 eonse
835 3152 876 3195 ex
891 3130 988 3194 tribus
1002 3129 1112 3193 nullius
1126 3139 1230 3193 ιιοιο-

108 3233 205 3297 nitetis
220 3233 306 3297 oodd.
323 3231 435 3297 nsoiuit
450 3239 591 3314 ‘dunque
605 3266 648 3281 -
663 3233 836 3316 perierunt’.
861 3230 930 3295 Nos
945 3232 1124 3316 optimorum
1139 3231 1227 3297 oodd.

108 3334 314 3401 esetoritetern
329 3333 476 3418 exemplis
491 3328 669 3411 Ciceronis,
685 3333 757 3397 lieet
771 3334 808 3398 de
823 3356 860 3399 eo
876 3334 1056 3399 dnbitsnerit
1071 3333 1228 3418 Zumptins

108 3436 144 3500 sd
158 3435 251 3503 vm.
265 3433 329 3514 111,
344 3432 406 3516 oo,
425 3432 507 3515 tto,
532 3430 690 3515 Sallustii,
715 3432 852 3501 Cornelii
866 3435 1016 3523 Nepotis,
1040 3434 1125 3501 Liuii
1140 3435 1229 3500 iooile

107 3539 266 3604 tuebimur.

190 3637 231 3706 C.
247 3642 303 3719 45,
321 3639 339 3703 1
354 3642 388 3705 in
401 3641 526 3729 integris
541 3644 628 3708 oodd.
652 3645 764 3728 legitur
786 3642 904 3710 ‘Mults
924 3665 943 3711 s
958 3641 1093 3709 Ceessre
1113 3645 1146 3708 in
1161 3662 1227 3708 οιιι

107 3745 286 3809 seutentiam
301 3743 382 3807 dioto
397 3754 486 3821 sunt,
503 3766 595 3826 quere
610 3748 732 3831 negotio
747 3746 895 3811 desistere
910 3768 972 3811 uon
987 3757 1106 3831 posset,
1130 3756 1161 3810 et
1175 3766 1228 3810 uo·

107 3864 163 3927 qne
184 3866 270 3909 susm
291 3865 390 3928 neque
410 3844 509 3928 populi
527 3843 658 3911 Romani
680 3848 925 3913 oomoetudine·
949 3851 1029 3934 peti,
1053 3849 1096 3912 uti
1118 3847 1228 3931 optime

105 3955 256 4014 euentus
270 3947 371 4011 sooios
386 3947 570 4011 desereret's
586 3949 619 4011 iu
632 3950 822 4034 interpolatis
838 3961 886 4013 est
901 3951 1056 4014 ‘meritos'.
1099 3948 1229 4016 Portioi-

106 4045 184 4129 pinns
199 4049 369 4132 praesentis
384 4047 527 4129 temporis
541 4047 608 4112 ideo
623 4049 801 4132 improbauit
816 4047 1036 4129 Schneiderus,
1053 4054 1132 4134 qdod
1148 4052 1228 4118 llee·

107 4146 156 4211 dni
170 4149 204 4213 in
218 4150 368 4233 oolloqnio
388 4170 456 4213 onon
476 4146 636 4212 Ariouisto
658 4151 696 4214 de
709 4172 783 4234 pnee
797 4153 897 4217 habito
913 4174 974 4216 non
989 4163 1150 4238 propterea
1164 4155 1228 4217 lau·

106 4248 171 4315 dsri
183 4248 371 4332 debuissent,
387 4251 467 4336 qnod
481 4270 549 4316 enm
562 4250 763 4337 inpugnsudo
775 4253 854 4319 leue
869 4254 907 4318 de
921 4249 1055 4320 Caesus
1074 4272 1229 4317 uereren-
