2692 4688
79 201 145 283 aas
505 191 728 267 osdendo
751 190 885 263 crvns

101 371 124 442 8
139 391 208 439 esse
222 369 412 454 imperatoris
427 367 475 433 sni
490 367 736 452 tribunorumque
750 364 845 451 plebis
859 363 987 431 iniurias
1002 364 1176 433 defendere.
1200 360 1261 433 Co·

137 473 221 559 gnita
236 471 361 539 mitian
376 472 530 539 uoluntate
540 469 707 535 Ariminum
723 490 789 537 cnm
805 489 841 535 ea
856 466 975 552 legione
990 467 1190 551 proficiscitur
1204 467 1261 533 iti-

113 658 116 663 ·
138 595 196 665 qne
211 574 346 641 tribuam
362 572 474 659 plebis,
499 574 548 655 qui
567 572 605 637 cd
621 593 686 635 enm
703 572 918 654 confugerant,
944 569 1104 649 conuenite
1126 569 1259 654 reliquas

101 677 123 743 2
138 676 273 765 ¹legiones
289 697 330 741 ex
345 675 477 741 hibernis
493 686 599 755 euocat
614 685 646 737 et
658 674 798 756 subsequi
815 673 907 736 iubet.
939 670 987 737 Ec
1001 669 1043 737 L.
1056 668 1174 739 Caesar
1187 673 1259 739 adc-

137 780 255 845 lescens
272 777 372 857 uenit,
398 778 481 843 euius
496 787 583 862 pater
597 771 742 841 Caesaris
757 785 824 840 erat
839 775 967 860 legatus.
1012 771 1043 839 ls
1058 775 1177 859 reliquo
1191 797 1257 841 ser·
1278 788 1292 838 s

138 902 226 949 mooe
240 882 397 961 consecto,
415 879 499 943 cuins
514 879 560 943 rei
576 900 667 943 cansa
682 889 822 956 uenerat,
846 877 956 942 habere
978 898 1013 943 se
1028 900 1045 943 a
1060 875 1206 964 Pompeio
1221 879 1259 944 sd

103 980 206 1047 deum
223 982 330 1066 priuati
347 981 432 1044 officii
448 982 586 1047 mandata
603 982 804 1045 demonstrat:
836 977 925 1044 Velle
940 977 1114 1065 Pompeium
1128 1002 1164 1047 se
1180 977 1259 1047 Cae·

139 1085 201 1151 sari
217 1094 386 1170 purgatum,
404 1104 442 1149 ne
458 1104 506 1160 ea,
524 1104 600 1167 quae
615 1083 797 1166 reipublicae
813 1103 903 1147 cansa
919 1083 1027 1167 egerit,
1045 1083 1076 1149 in
1091 1104 1175 1148 snam
1188 1105 1259 1148 ecn-

139 1187 290 1257 tnmeliam
307 1195 416 1249 uertat.
448 1181 575 1270 Semper
593 1206 628 1253 se
642 1184 826 1268 reipublicae
842 1187 997 1249 commoda
1012 1186 1138 1270 priuatis
1153 1206 1261 1253 neces·

138 1287 317 1355 situdinibus
333 1285 473 1353 habuisse
487 1286 614 1373 potiora.
655 1282 818 1351 Caesarem
835 1308 953 1371 qnoque
975 1309 1030 1371 pro
1044 1309 1098 1351 sua
1114 1287 1260 1371 dignitato
1283 1296 1312 1351 tt

139 1389 248 1455 debere
265 1399 295 1454 et
308 1389 440 1453 studium
456 1400 486 1452 et
502 1388 685 1453 iracundiam
700 1411 782 1453 suam
798 1388 982 1474 reipublicae
997 1390 1146 1453 dimittere
1163 1408 1261 1472 neque

140 1493 215 1557 adeo
231 1490 366 1575 grauiter
381 1489 469 1553 irasci
484 1490 632 1568 inimicis,
652 1501 701 1569 nt,
720 1512 785 1556 enm
807 1491 866 1556 iilis
887 1512 998 1557 nocere
1011 1512 1048 1557 se
1062 1501 1183 1575 speret,
1199 1490 1262 1554 rei·

104 1592 275 1676 dpublieae
291 1602 409 1655 noceat.
449 1588 550 1655 Pauca
574 1593 705 1657 eiusdem
728 1594 849 1677 generis
871 1595 954 1658 addit
973 1614 1039 1657 cnm
1061 1593 1260 1657 excusatione

139 1689 274 1778 Pompeii
290 1694 461 1758 coniuncta.
503 1692 616 1758 Eadem
635 1698 696 1760 sere
712 1706 801 1779 atque
816 1696 925 1761 eisdem
942 1693 1042 1759 uerbis
1057 1704 1179 1777 praeter
1192 1690 1259 1757 Rc·

140 1795 220 1861 seius
236 1795 298 1889 agit
320 1817 386 1861 enni
403 1790 538 1860 Caesare
554 1797 669 1881 sibique
684 1797 857 1883 Pompeium
873 1815 1121 1865 commemorasse
1135 1795 1259 1860 demon·
1285 1806 1317 1861 ts

104 1899 226 1977 ostrat.
261 1896 347 1981 Quae
363 1918 412 1965 res
436 1897 491 1965 etsi
513 1899 585 1963 nihii
601 1901 636 1963 ad
652 1899 795 1965 leuandae
812 1900 937 1967 iniurias
953 1900 1103 1986 pertinere
1117 1896 1259 1961 uideban-

141 2010 203 2079 tnr,
222 2011 320 2067 tamen
336 1999 460 2067 idoneos
476 2011 581 2069 nactus
598 2003 752 2083 homines,
775 2022 829 2086 per
844 2024 918 2089 qnos
933 2023 987 2081 ea,
1005 2022 1081 2086 qnae
1097 1999 1206 2079 uellet,
1224 2001 1261 2063 ad

141 2122 209 2189 enm
225 2102 444 2193 perferrentur,
462 2103 536 2195 petit
549 2103 586 2169 ab
602 2116 749 2188 utroque,
766 2106 906 2190 quoniam
921 2101 1055 2189 Pompeii
1072 2104 1209 2169 mandata
1224 2103 1261 2167 ad

141 2224 174 2268 se
190 2203 369 2282 detulerint,
392 2225 430 2271 ne
446 2217 612 2289 grassentur
626 2227 681 2273 sua
697 2227 813 2293 quoque
829 2207 866 2275 ad
882 2227 950 2272 eum
965 2206 1114 2291 postulata
1130 2206 1259 2287 deferre,

139 2307 168 2379 si
184 2328 276 2392 paruo
291 2305 392 2371 labore
408 2327 533 2393 magnas
550 2309 773 2377 controuersias
791 2309 897 2375 tollere
912 2320 1003 2393 atque
1018 2329 1135 2375 omnem
1145 2305 1262 2371 ltaliam
1284 2317 1319 2375 2⁰

104 2408 127 2472 2
141 2420 222 2477 metu
238 2409 367 2475 liberare
382 2408 508 2495 possint.
542 2409 609 2474 siti
630 2432 749 2496 semper
773 2411 896 2495 primam
912 2411 1094 2495 reipublicae
1110 2410 1205 2475 inisse
1219 2410 1263 2473 di·

140 2511 285 2596 gnitatem
302 2509 421 2597 uitaque
436 2511 594 2593 potiorem.
626 2509 767 2582 Doluisse
782 2534 834 2589 se,
860 2513 936 2601 quod
952 2511 1051 2598 popuii
1065 2510 1196 2579 Romani
1211 2513 1262 2577 ite·

140 2611 277 2681 aeficium
288 2611 344 2683 sibi
360 2633 413 2697 per
425 2614 634 2681 contumeliam
650 2615 686 2679 ab
702 2615 830 2681 inimicis
839 2625 1082 2700 extorqueretur,
1101 2626 1261 2701 ereptoque

141 2713 303 2783 semenstri
318 2714 442 2799 imperio
458 2715 487 2779 in
504 2716 607 2781 urbem
622 2717 846 2793 retraberetur,
863 2717 948 2787 euius
963 2715 1099 2801 absentis
1114 2718 1264 2785 rationem

105 2812 127 2891 3
143 2812 244 2889 hateri
261 2818 408 2903 pronioris
425 2819 553 2883 consitiis
568 2819 693 2905 populus
709 2820 861 2885 iussisset.
892 2816 1007 2885 Tamen
1023 2818 1102 2887 hanc
1116 2819 1262 2885 iacturam
1285 2830 1320 2884 ts

140 2918 264 2989 honoris
280 2920 326 2989 sni
342 2919 523 3012 reipublicae
540 2941 628 2989 causa
644 2942 739 3005 aequo
755 2922 854 2987 animo
872 2921 994 2991 tulisses
1013 2942 1079 2991 enm
1093 2920 1209 2993 litteras
1224 2922 1262 2991 sd

142 3033 277 3089 senatum
295 3024 421 3103 miserit,
440 3033 469 3090 nt
478 3044 581 3094 omnes
590 3023 627 3087 ah
636 3024 819 3093 exercitibus
836 3024 1035 3105 discederent,
1050 3040 1090 3085 ne
1103 3021 1132 3086 id
1143 3022 1262 3107 quidem

106 3121 362 3211 dimpetrauissc.
400 3124 479 3197 Tota
502 3122 590 3193 italia
613 3125 745 3193 delectus
768 3125 891 3202 haberi,
915 3123 1039 3191 retineri
1061 3122 1196 3209 ¹legiones
1219 3134 1261 3209 tt,

142 3245 218 3315 qnae
234 3227 270 3299 ab
286 3248 320 3301 se
336 3226 525 3299 simulatione
539 3222 671 3297 Parthici
686 3227 756 3293 belli
770 3227 832 3293 sint
846 3226 1011 3305 abductae,
1028 3226 1179 3295 ciuitatem
1196 3247 1265 3295 esse

142 3326 174 3403 in
190 3329 293 3403 armis.
326 3324 463 3419 Quodam
479 3330 553 3395 haec
573 3330 672 3405 omnia
688 3330 745 3399 nisi
761 3331 798 3393 ad
813 3350 898 3395 snam
913 3329 1076 3416 perniciem
1090 3329 1266 3413 pertineret
1287 3339 1322 3395 ss

250 3583 441 3651 diyberniso.
547 3586 562 3638 i
576 3587 697 3653 priuatim
712 3588 737 3638 d.
843 3588 1045 3643 icoonsrtstb.
1150 3589 1266 3637 necessi-

142 3659 276 3723 tudisihns
288 3661 378 3715 oded
384 3678 408 3727 s,
424 3662 628 3716 necessitatibus
641 3681 669 3717 u.
794 3666 825 3719 td
838 3665 943 3732 pociora
955 3680 982 3723 s.
1103 3663 1135 3716 ¹2
1147 3671 1177 3715 nt
1188 3663 1263 3728 edd,

142 3753 216 3793 sss.
321 3741 453 3793 ηοω.
562 3740 719 3806 speras-sti.
826 3738 1265 3801 diuerbisotarktsserebnsnt

142 3817 297 3883 sissiipcs',
320 3818 352 3868 ds
369 3819 651 3884 praedamnatam,
674 3819 705 3877 ds
724 3819 803 3872 rebus
815 3819 904 3875 Aldus
921 3825 950 3871 si
960 3832 1033 3884 seqq.
1049 3822 1114 3868 sats
1127 3833 1155 3868 ss.

141 3893 171 3953 ii
188 3895 296 3960 primam
309 3895 337 3947 tt
352 3895 384 3947 a.
406 3898 472 3946 ate
490 3897 677 3951 sesecundum
691 3897 759 3953 (tad.
773 3896 807 3959 d,
829 3896 858 3948 P.
877 3896 908 3951 ii.
930 3898 1037 3969 primam
1054 3895 1201 3947 secundam
1218 3910 1264 3947 esa.

142 3972 227 4031 Face.
241 3974 267 4037 si,
282 3975 389 4040 primm
402 3990 434 4037 ος
448 3974 609 4040 rsipnbiiess
623 3975 729 4042 primm
743 3974 803 4025 edd.
927 3976 962 4033 Ὦ
974 3975 1040 4040 qnod
1053 3988 1099 4040 pro
1113 3970 1237 4025 iessdeic
1248 3987 1266 4022 c

145 4051 210 4103 ‘assi
216 4056 330 4118 praeter
341 4048 378 4103 ὦ.
483 4050 516 4102 23
530 4052 562 4104 ab
575 4052 689 4107 isissieis
701 4067 755 4105 om.
770 4052 794 4105 s·
906 4054 941 4106 st
953 4051 1095 4103 semenstri
1108 4065 1126 4100 a
1140 4050 1213 4099 ‘mse
1228 4048 1263 4098 δ’.

252 4121 338 4191 coins]
351 4124 402 4179 sihi
415 4126 440 4175 t.
546 4129 580 4185 26
592 4127 646 4195 sni]
658 4128 756 4195 proprii
770 4126 795 4181 d.
906 4128 939 4184 27
952 4128 1062 4179 miserat
1074 4130 1139 4178 sats
1151 4137 1222 4174 corr.
1237 4137 1263 4172 a.

251 4202 554 4271 itimpetrsnissetst.
671 4205 846 4257 titeetmct.
969 4204 1002 4259 2⁹
1015 4202 1113 4257 Persici
1128 4218 1155 4254 s.
