2692 4688
30 187 95 257 ess
364 156 367 167 '
433 177 896 261 pessumeuntem

53 358 75 427 1
90 356 170 429 tibus
184 369 338 442 paretque
352 356 430 422 idem
446 355 607 443 periculum
623 354 781 420 inferebat.
806 351 980 423 Accedebat
992 353 1061 431 buc,
1079 363 1113 425 nt
1127 373 1212 417 num·

91 478 177 545 quam
193 460 334 539 conferti,
354 460 406 524 sed
422 458 485 522 rari
500 458 675 542 magnisque
689 455 857 525 interuallis
872 455 1213 547 proeliarentur-statio·

91 583 205 646 ncsqm
220 562 382 646 dispositas
398 560 562 638 baberent,
585 570 674 642 atque
694 560 769 625 alios
793 558 845 625 alii
867 558 1009 644 deinceps
1023 557 1212 642 exciperent,

35 663 77 737 17
91 663 261 750 integrique
276 674 307 727 et
321 674 461 729 recentes
475 661 645 745 defetigatis
659 661 869 727 succederent.
896 659 1028 727 Postero
1046 660 1094 727 die
1110 661 1215 744 procul

91 788 109 831 ι
124 767 232 832 castris
249 765 351 830 bostes
365 765 398 829 in
413 764 538 830 collibus
554 765 756 830 constiterunt
769 764 890 847 rarique
905 785 939 827 se
955 764 1116 829 ostendere
1123 773 1156 828 et
1167 764 1213 831 le·
1234 777 1251 833 t

56 867 78 935 2
93 868 161 935 nius
175 889 263 953 quom
278 867 374 951 pridie
389 877 510 931 nostros
527 867 640 949 equites
657 866 771 952 proelio
784 866 936 931 lacessere
951 876 1125 950 coeperunt.
1151 861 1214 931 Sed

91 970 234 1046 meridie,
260 990 326 1034 cum
343 964 460 1033 Caesar
480 969 637 1052 pabulandi
653 989 743 1033 causa
761 979 823 1032 tres
839 968 976 1051 legiones
991 977 1079 1050 atque
1095 988 1212 1033 omnem

92 1072 255 1156 equitatum
272 1093 337 1135 eum
347 1068 425 1135 Gaio
434 1069 588 1135 Trebonio
604 1070 702 1154 legato
718 1069 863 1146 misisset,
882 1078 1007 1154 repente
1022 1090 1064 1133 ex
1077 1069 1214 1163 omnibus

92 1174 227 1260 partibus
242 1174 279 1237 ed
296 1173 486 1258 pabulatores
501 1173 732 1250 aduolaueruut,
749 1171 793 1237 sic
809 1170 852 1234 uti
867 1170 904 1234 eb
919 1172 1014 1256 signis
1030 1170 1213 1255 legionibus·

57 1275 152 1361 dque
167 1297 228 1341 nou
244 1274 436 1342 absisterent.
459 1273 569 1345 Nostri
583 1275 697 1341 acriter
710 1275 804 1339 ineos
820 1274 930 1357 impetu
945 1275 1025 1339 lecto
1040 1275 1217 1357 repulerunt
1239 1286 1272 1341 tu

92 1398 191 1462 neque
205 1379 291 1442 finem
308 1378 451 1461 sequendi
468 1380 615 1455 lecerunt,
632 1377 728 1460 quoad
741 1375 872 1441 subsidio
885 1375 990 1439 conlisi
1001 1375 1130 1458 equites,
1147 1396 1216 1441 cum

57 1479 162 1564 bpost
182 1502 217 1544 se
238 1481 373 1565 legiones
389 1480 547 1557 uiderent,
571 1479 749 1564 praecipites
773 1479 874 1543 hostes
899 1489 1026 1560 egerunt
1046 1496 1216 1567 magnoque

93 1602 198 1647 eorum
220 1602 345 1647 nurnero
368 1581 529 1646 interiecto
552 1600 647 1663 neque
668 1581 714 1645 sui
736 1579 896 1663 colligendi
921 1600 1022 1663 neque·
1031 1581 1216 1655 consistendi

59 1681 80 1746 5
95 1693 149 1746 aut
162 1702 204 1747 ex
219 1681 333 1747 essedis
350 1681 505 1747 desiliendi
522 1683 695 1747 facultatem
711 1682 867 1747 dederuut.
898 1680 951 1747 Ex
966 1681 1022 1747 bac
1037 1684 1109 1766 lugu
1122 1684 1215 1767 preti·

96 1805 173 1865 uus,
197 1805 272 1869 quae
289 1785 418 1867 undique
433 1796 655 1861 conuenerant,
672 1785 787 1849 auxilie
802 1784 1021 1864 discesserunt,
1037 1802 1136 1869 neque
1149 1797 1219 1871 post
1237 1798 1272 1853 ts

93 1886 125 1951 id
141 1897 257 1972 tempus
272 1907 409 1970 umquem
436 1889 560 1953 summis
584 1885 738 1953 uobiscum
755 1888 850 1972 copiis
865 1886 968 1952 hostes
984 1890 1214 1959 contenderunt.

39 1986 83 2061 18
99 1983 217 2055 Caesar
238 1989 359 2074 cognito
382 1989 508 2055 consilio
530 2010 634 2055 eornm
657 1990 694 2054 ud
717 1990 825 2054 llumeu
841 1988 993 2055 Tamesim
1015 1991 1045 2054 iu
1061 1992 1137 2059 lines
1153 1986 1231 2059 cos·

94 2091 254 2156 siuellauui
284 2092 449 2158 exercitum
471 2092 574 2172 duxit3
601 2094 678 2176 quod
707 2094 816 2157 llumee
846 2113 905 2157 uno
928 2093 1048 2157 omuino
1069 2092 1137 2159 loco
1165 2116 1218 2180 pe·

58 2190 81 2258 2
95 2192 193 2274 dibus,
210 2205 299 2277 atque
314 2195 370 2259 lucc
385 2216 488 2279 aegre,
506 2195 627 2260 transiri
644 2206 753 2281 potest.
777 2193 825 2259 Eo
841 2215 907 2258 cum
923 2195 1068 2273 uenisset,
1083 2196 1214 2265 oninium

95 2298 226 2363 aduertit
240 2298 277 2363 ad
292 2299 417 2364 alteram
433 2298 562 2361 fluminis
578 2299 672 2382 ripam
689 2319 813 2381 magnes
830 2319 898 2363 esse
913 2297 1015 2382 copias
1030 2296 1156 2365 bestium
1167 2294 1214 2363 in·
1235 2307 1272 2364 2⁰

59 2398 80 2463 3
96 2410 239 2465 structas.
281 2399 360 2483 Ripa
376 2411 474 2464 autem
491 2412 556 2465 erat
571 2402 667 2465 acutis
683 2401 806 2465 sudibus
821 2402 965 2485 praefixis
979 2399 1113 2477 munite,
1133 2398 1216 2465 eiss-

59 2500 81 2564 1
97 2501 221 2583 demque
236 2503 356 2584 generis
372 2501 427 2565 sub
449 2523 525 2585 aqua
548 2503 665 2567 defixae
679 2503 769 2567 sudes
786 2503 905 2567 domiue
922 2503 1112 2586 tegebantur.
1158 2499 1217 2569 llic

95 2601 187 2667 rebus
209 2602 336 2687 cognitis
360 2624 376 2666 a
402 2604 527 2687 captiuis
550 2606 741 2694 perfugisque
757 2601 874 2670 Caesar
897 2606 1062 2690 praemisso
1083 2604 1218 2689 equitatu

61 2700 81 2766 5
97 2704 254 2769 confestim
271 2705 405 2791 legiones
420 2706 560 2791 subsequi
575 2709 675 2773 iussit.
707 2706 768 2773 Sed
784 2730 820 2774 eu
836 2708 991 2773 celeritate
1006 2717 1097 2790 etque
1110 2727 1148 2773 ee
1163 2708 1219 2772 im-

95 2816 166 2890 petn
181 2807 290 2875 milites
306 2810 425 2886 ierunt,
451 2830 517 2873 cum
543 2811 640 2894 capite
661 2811 726 2874 solo
743 2832 782 2875 cx
798 2832 874 2895 eque
889 2820 1053 2887 extarent,
1069 2819 1102 2873 ut
1116 2810 1220 2877 bootes
1240 2819 1276 2877 2⁵

94 2907 233 2995 impetum
255 2911 404 2997 legionum
427 2922 516 2995 atque
536 2914 666 2996 equitum
690 2914 841 2979 sustinere
864 2935 924 2979 neu
940 2923 1065 2997 possent
1076 2912 1219 2996 ripasque

40 3008 83 3078 ld
98 3012 282 3078 dimitterent
296 3036 332 3078 ac
347 3036 381 3078 se
404 3015 492 3100 lugac
514 3015 700 3078 mandarent.
734 3011 993 3092 Cassiuellauuus‚
1012 3024 1151 3099 utsupra
1167 3015 1219 3079 de·

97 3117 344 3196 monstrauimus,
361 3118 440 3181 ouini
457 3118 592 3202 deposita
608 3138 660 3202 spe
669 3119 870 3183 contentionis
879 3117 1009 3183 dimissis
1025 3117 1219 3200 aunplioribus

97 3214 191 3300 copiis
206 3216 324 3283 milibus
333 3216 455 3284 circiter
469 3232 613 3305 quattuor
627 3220 845 3285 essedariorum
860 3219 974 3285 relictis
989 3218 1099 3285 itinera
1114 3228 1218 3281 uostm

206 3396 434 3464 lnouqoemffl).
539 3401 722 3456 ‘lconsertilo
829 3401 1032 3452 daliiomde.
1145 3397 1221 3450 dds·

98 3470 215 3536 letigstis
235 3476 260 3526 A
272 3474 316 3539 (a's
336 3491 396 3526 cum
413 3484 515 3542 pruneto
535 3481 584 3529 sub
599 3479 624 3530 le
637 3486 665 3530 et
676 3495 691 3530 a
703 3478 848 3546 suprave.)
859 3480 885 3530 B
897 3485 939 3544 et,
961 3484 1010 3546 qut
1021 3492 1067 3546 pro
1084 3480 1221 3546 praende-

97 3554 150 3616 te't,
163 3553 200 3603 Ι).
323 3555 337 3604 5
351 3553 436 3606 leuius
447 3556 473 3606 A
480 3558 581 3621 2005
594 3558 692 3610 lentius
706 3575 735 3623 e,
750 3557 831 3609 lulius
845 3558 870 3608 b.
1006 3557 1170 3609 dlseescere
1182 3556 1217 3607 B.

205 3627 300 3681 SGeio
313 3631 351 3693 B,
367 3631 396 3683 C.
410 3648 446 3698 u,-
458 3633 490 3700 Q.
505 3636 550 3686 bc.
662 3636 676 3686 9
690 3636 806 3703 partibus
819 3653 849 3700 e,
863 3650 916 3686 om.
931 3638 956 3687 B
969 3639 1041 3687 ‘mae
1059 3635 1109 3687 lt'.

98 3708 131 3760 10
143 3708 311 3775 reppulerunt
323 3711 355 3762 11.
462 3714 491 3764 ll
507 3715 589 3779 quosd
604 3714 634 3777 d,
650 3716 716 3781 quod
730 3716 793 3779 Ac,·
807 3730 856 3781 que
868 3714 981 3780 reliqui.
1075 3713 1106 3766 12
1119 3719 1220 3779 postes

98 3786 276 3853 (Bplbedep
288 3797 356 3855 poet,
369 3795 469 3842 omisso
482 3807 521 3851 ee,
536 3794 610 3843 ‘mes
626 3794 676 3844 lb’.
775 3808 866 3857 magno
880 3808 968 3844 eornm
982 3793 1007 3843 b.
1097 3791 1127 3842 lt
1139 3796 1220 3857 prdem

97 3878 131 3916 ex
143 3880 195 3915 cm.
211 3866 236 3916 b.
342 3871 465 3920 exscB.
573 3869 834 3937 tsuootqueom.t.
940 3870 1108 3937 ldnmqusnr
1121 3871 1155 3923 B.

98 3941 131 3994 lt
143 3939 272 3992 Tamesim
286 3944 311 3993 B
316 3982 324 4007 ,
341 3943 500 3996 ‘Thermesion
512 3960 576 3997 mse.
586 3947 721 4013 plerique·
736 3948 847 3999 Orosius
867 3949 928 4014 (sed
939 3951 966 3998 in
980 3952 1038 3998 ea'es
1050 3947 1127 3999 cedd.
1138 3958 1221 4015 pm·

98 4021 141 4068 ter
151 4017 209 4069 alia
221 4016 370 4071 Tameoalm
383 4021 521 4086 deputam),¹
535 4020 657 4074 Tamesis
670 4040 698 4074 u.
883 4023 1062 4077 Cnslnellsusi
1077 4022 1110 4077 B.

96 4094 129 4149 11
144 4094 320 4162 prsedxlsque
332 4098 358 4147 A
367 4098 435 4148 bes.
539 4100 573 4153 22
586 4100 618 4151 lle
632 4101 709 4152 rebus
722 4102 756 4151 B.
872 4104 906 4155 bt
920 4110 999 4170 atque
1011 4119 1041 4154 eo
1055 4105 1153 4171 impetn
1165 4103 1191 4155 A
1199 4103 1223 4154 B

99 4174 181 4227 clla
189 4213 197 4239 ,
213 4180 291 4241 atque
303 4174 400 4243 inpetu
412 4192 436 4227 c.
541 4177 576 4230 25
589 4186 710 4230 extarent
721 4180 754 4231 B.
859 4179 892 4234 27
905 4178 1115 4235 Caeuuellauuos
1127 4182 1162 4233 B.

97 4252 130 4306 21
144 4259 255 4319 quatuor
268 4252 324 4317 (B).
429 4252 542 4320 relictis]
558 4255 666 4306 retentis
680 4258 727 4321 (r).
