2692 4688
493 214 814 281 -187-

98 406 154 449 nus
169 384 307 464 lisoedit,
325 385 403 468 quod
419 385 647 470 post‘egerunt’
657 383 956 454 adicitur‘Cassius’.
981 388 1069 474 Quae
1083 395 1116 457 in
1131 393 1221 459 Laid.

96 509 142 572 pr.
160 497 191 550 et
215 482 298 550 Seal.
322 488 433 573 scripta
456 500 539 568 suut,
562 490 660 555 deleto
682 490 776 555 uerbo
801 493 949 575 ‘egerunt’
971 494 1081 578 optime
1096 495 1220 560 babent.

97 589 128 654 ltl
150 590 267 654 illatum
289 601 335 654 est
356 612 374 653 a
394 593 553 676 magistro,
578 593 627 676 qui
649 613 684 658 se
705 595 734 657 in
759 594 847 678 paulu
862 594 999 677 longiore
1014 598 1221 663 enuntiatione

97 713 158 757 uon
180 692 341 776 expediret
361 704 393 757 et
413 695 489 758 baee
510 697 547 760 at
569 691 773 760 Caesarianos
795 698 954 761 referenda
971 699 1172 766 existi-aret.
1195 698 1221 766 li

95 816 169 859 uero
183 795 273 878 plane
289 796 362 860 nibil
377 797 442 880 pari
456 807 547 880 atque
560 809 649 863 antea
659 799 776 863 rabone
784 808 922 882 egerunt.
946 796 1026 864 Nam
1042 799 1219 880 Messanae,

95 919 169 980 quae
184 918 238 961 res
255 898 343 981 paulo
358 909 428 963 ante
444 901 540 965 relata
555 912 614 978 est,
632 922 670 965 ne
686 911 867 985 temptarunt
880 902 997 984 qrrilem
1009 922 1104 967 naues
1120 902 1222 967 delen·

95 1002 179 1077 lere,
197 1010 229 1063 et
242 1000 300 1066 uix
314 1002 451 1085 oppitu-
467 1013 616 1068 retentum
632 1014 690 1082 est,
708 1004 767 1082 bie,
790 1014 825 1068 ut
839 1005 979 1089 deiuueps
993 1006 1137 1084 refertur,
1161 1027 1222 1071 noa

94 1104 189 1168 selum
207 1123 302 1167 naues
316 1115 457 1169 seruatae
480 1115 562 1181 sunt,
580 1107 736 1170 sedetiam
754 1102 880 1170 Cassius
896 1128 960 1171 eum
977 1107 1158 1171 detrimento
1173 1128 1222 1170 re·

96 1205 210 1288 pulsus.
242 1201 357 1271 Contra
380 1204 507 1272 Cassius
528 1209 632 1272 eudem
656 1209 742 1271 modo
763 1219 853 1290 atque
872 1206 1037 1273 Messanae
1058 1210 1221 1274 seouutluua

95 1318 202 1373 saum
225 1323 349 1374 neutum
371 1329 465 1373 naues
489 1311 525 1372 ab
548 1312 689 1375 incendia
703 1312 868 1375 instructae
884 1312 1016 1375 immisit.
1042 1308 1102 1375 Sel
1118 1332 1222 1375 nume·

95 1431 158 1476 m
174 1410 374 1496 qnadraginta
388 1413 508 1477 nauium
525 1413 744 1492 onerariarum
767 1435 840 1496 quus
856 1408 983 1479 Cassius
999 1415 1035 1478 atl
1051 1414 1222 1478 inpendium

96 1524 293 1598 praeparatas
308 1513 469 1581 immisisse
482 1516 610 1594 dieitur,
635 1516 737 1581 multis
752 1516 887 1599 partibus
904 1536 977 1582 uero
992 1515 1137 1581 maiorem
1153 1535 1222 1580 esse

97 1628 190 1682 etex
211 1617 278 1700 ipsu
299 1637 335 1681 re
356 1628 480 1701 apparet
502 1628 596 1682 etex
619 1639 668 1692 eu,
692 1619 770 1702 qnutl
786 1618 893 1682 diuam.
918 1617 999 1683 Nam
1015 1614 1221 1684 Caesarianae

96 1718 204 1784 elassis
218 1718 370 1784 diuidiam
390 1729 506 1803 partem
527 1718 658 1798 Vibone,
682 1721 832 1786 dimidiam
847 1719 1010 1786 Messanae
1026 1721 1120 1785 luisse
1135 1721 1220 1786 initio

95 1821 126 1886 b.
144 1845 173 1887 e.
191 1821 376 1887 asenniam
392 1833 452 1886 est.
477 1819 639 1887 Messanae
653 1833 753 1886 autern
768 1844 873 1889 omnes
886 1823 1220 1898 naueeineensaesuut‚

96 1945 174 2008 puae
189 1926 310 1990 luerunt
323 1944 449 1989 numero
467 1920 609 1989 XXXV.
631 1921 740 2010 ltaque
755 1927 952 2010 quadraginta
967 1925 1095 1988 nauibus
1109 1923 1222 1989 imanis·

97 2028 143 2091 sis
166 2022 292 2092 Cassius
313 2027 369 2091 sibi
391 2026 455 2111 ipse
477 2010 539 2110 pur·
553 2026 762 2091 detrimentum
792 2035 880 2107 atque
903 2021 1029 2093 Caesari
1056 2028 1219 2092 intulisset.

96 2127 308 2194 Animaduerti
321 2130 464 2206 arbitror,
482 2151 549 2193 eum
571 2126 730 2191 Messanae
744 2122 875 2189 XXXV
892 2148 984 2194 naues
1000 2125 1144 2194 Caesaris
1159 2131 1222 2193 lue·

96 2232 173 2306 rint,
191 2232 242 2296 uel
261 2232 391 2297 maxime
411 2231 563 2316 probabile
583 2249 651 2294 ease
666 2229 792 2292 alteram
808 2228 958 2292 dimidiam
973 2233 1079 2296 elassis
1096 2243 1220 2315 partem,

98 2354 175 2418 qnae
190 2343 258 2398 erat
272 2332 403 2414 Vibone,
419 2333 618 2418 quadraginta
634 2330 752 2397 nauium
767 2332 872 2397 luisse.
908 2330 1013 2414 ltaque
1026 2333 1074 2397 bie
1086 2352 1145 2399 non
1161 2352 1223 2396 ma-

99 2439 147 2521 gis
167 2458 257 2522 qnam
273 2438 303 2521 5.
319 2436 342 2503 2
363 2457 519 2503 numerum
543 2436 663 2500 nauium
679 2455 696 2498 a
713 2428 821 2500 Cassio
837 2436 873 2499 al
889 2436 1057 2501 incendium
1073 2436 1223 2501 immissa·

98 2562 163 2606 rum
180 2543 361 2607 declaratum
379 2542 492 2626 putaui,
510 2541 563 2604 sed
580 2538 671 2604 uerba
686 2537 821 2603 ‘uireiter
832 2538 1040 2623 quadraginta’
1053 2551 1120 2623 post
1134 2560 1222 2625 supe·

99 2645 181 2708 liora
205 2644 434 2731 ‘applicatisque
454 2645 567 2708 nostris
588 2644 624 2708 ad
646 2652 756 2706 terram
779 2642 914 2706 nauibus'
937 2644 1103 2720 eolloeaui,
1127 2656 1160 2708 ut
1175 2645 1222 2708 bio

101 2748 172 2811 item
188 2757 279 2830 atque
293 2747 322 2830 fi.
339 2746 361 2810 2
380 2768 521 2812 numerus
537 2746 656 2810 nauium
666 2741 1158 2829 Caesarianammsignilioaretur.
1184 2742 1220 2811 ln

98 2850 220 2927 uerbis,
252 2869 330 2932 quae
351 2851 438 2934 paulo
458 2860 527 2915 ante
546 2850 577 2914 in
593 2849 679 2912 eodl.
697 2848 856 2932 leguntur,
890 2847 955 2910 ‘sed
971 2847 1223 2930 opportunissime

103 2953 217 3017 nuntiis
245 2952 344 3017 allatis
366 2953 502 3037 oppidum
525 2953 581 3016 luit
607 2947 772 3015 delonsum'
797 2947 970 3033 Maduigius
993 2969 1095 3031 opusc.
1121 2947 1174 3010 alt.
1192 2968 1222 3031 p.

99 3055 397 3121 maenomenon
423 3054 498 3119 ‘luit’
516 3055 587 3119 lerri
604 3073 665 3119 nou
680 3073 780 3136 posse.
805 3049 872 3134 lpse
888 3050 1044 3115 delendum
1059 3050 1220 3114 iudicauit:

100 3161 186 3238 niti,
211 3158 282 3243 quia
300 3159 408 3222 deintle
428 3158 508 3222 aliud
529 3156 694 3223 subiectum
709 3154 850 3231 inlertur,
870 3152 1049 3235 propabilius
1064 3152 1161 3217 uisum
1177 3163 1224 3216 est

101 3262 254 3348 ‘oppidum
274 3273 302 3325 st
324 3260 492 3325 defensum’
521 3281 540 3324 a
563 3254 698 3324 Caesare
718 3255 988 3339 scripturaruum,
1020 3277 1060 3321 ex
1076 3277 1135 3339 qua
1149 3257 1224 3322 sori·

101 3374 187 3449 ptura
203 3363 273 3428 aliis
289 3365 363 3429 loeis
377 3365 449 3428 ittot
467 3363 544 3427 ‘luit'
561 3372 662 3426 natum
679 3380 749 3424 esse
765 3360 841 3424 idem
857 3356 1031 3442 llladuigiua
1046 3360 1158 3424 (locuit.

186 3463 227 3532 C.
247 3465 320 3546 tuo,
338 3465 453 3530 binter
467 3465 612 3550 prodigia,
636 3483 712 3546 quae
736 3462 891 3526 uiatoriam
907 3459 1051 3528 Caesaris
1066 3462 1224 3547 portende·

100 3581 183 3649 rant,
201 3571 258 3634 boe
273 3572 422 3634 refertur:
442 3567 529 3633 ‘ltem
545 3565 698 3631 Trallibus
712 3565 744 3628 in
759 3564 871 3647 templo
886 3563 1061 3642 Victoriae,
1079 3565 1128 3630 ubi
1145 3561 1224 3631 Cae·

100 3674 180 3737 saris
200 3683 330 3737 statuam
351 3680 623 3748 oonseerauerant‚
656 3668 752 3753 pal-a
771 3687 825 3751 per
848 3687 900 3731 eus
923 3666 1034 3732 diesin
1051 3669 1225 3735 teutoiuter

101 3785 280 3859 oougmenta
301 3775 427 3860 lapidum
451 3795 492 3837 ex
507 3773 677 3856 pauimento
693 3770 834 3833 extitisse
851 3769 1084 3835 ostendebatur'.
1111 3769 1224 3837 Verum

98 3877 194 3941 uerba
209 3877 262 3941 illa
279 3877 321 3941 ‘in
338 3876 427 3941 teeto'
443 3877 635 3959 refragantur
649 3871 847 3937 consentienti
863 3872 1032 3937 testimonio
1046 3871 1115 3938 Val.
1133 3872 1222 3939 Max.

101 3977 129 4059 l,
151 3977 187 4058 6,
205 3979 249 4043 12
263 3991 295 4044 et
314 3978 397 4045 Plut.
416 3976 507 4045 Caes.
524 3975 579 4056 47,
597 3976 647 4061 qui
663 3976 789 4058 palmam
804 3973 860 4039 sub
875 3985 975 4040 statua
992 3973 1137 4041 Caesaris
1152 3998 1225 4040 ena-

99 4093 162 4148 tam
178 4103 250 4148 esse
263 4085 411 4147 relernat.
435 4079 542 4165 Itaque
557 4101 618 4144 nun
626 4089 753 4163 possunt
765 4077 838 4144 baeu
846 4099 884 4142 eu
894 4079 1024 4156 delendi,
1042 4080 1118 4164 quod
1134 4079 1225 4144 etiam

101 4197 183 4251 treta
207 4186 328 4271 panim
348 4185 488 4270 antiquos
509 4185 633 4261 seimus,
658 4182 688 4246 itl
708 4182 786 4264 quot
809 4183 846 4246 ‹le
860 4180 1077 4246 Alexandrinis
1092 4179 1173 4243 Hirt.
1191 4179 1223 4246 b.

100 4287 407 4370 Alex.1,31elert.
429 4286 538 4356 Puu'aa
558 4285 653 4352 llirtii
674 4285 769 4351 uerba
792 4291 945 4366 ‘testaque
964 4294 1036 4349 sunt
1049 4281 1157 4347 rubera
1171 4291 1226 4347 aut
