2692 4688
436 191 576 263 coum.
599 190 662 262 1111
684 190 778 263 CAP-
794 194 946 263 22-24.
1242 197 1308 264 bil

128 370 217 449 sidio,
234 368 313 452 quod
328 367 402 432 sads
417 387 487 432 esse
501 366 715 447 arbitrabatur,
731 376 848 451 portum
865 377 969 431 tenere
983 368 1082 432 iussit.
1105 366 1163 432 llis
1175 389 1247 433 con·
1260 368 1305 439 28

128 473 243 539 stitutis
264 471 356 536 rebus
376 480 481 535 nactus
502 470 639 534 idoneam
663 471 700 533 ad
720 470 922 552 nauigandum
939 479 1144 553 tempestatem
1159 471 1249 537 tertis

128 577 194 641 lere
207 573 310 660 uigilia
326 572 417 638 soluit
439 573 613 658 equitesque
627 573 659 635 in
673 572 848 636 ulteriorem
864 583 981 657 portum
997 573 1136 657 progredi
1151 582 1182 635 et
1196 593 1250 637 us-

128 698 184 743 ues
197 679 405 743 conscendere
420 685 452 739 et
465 695 500 739 se
514 674 600 757 sequi
614 674 714 739 iussit.
761 674 790 738 Α
806 674 912 757 quibus
935 696 1000 737 cum
1025 675 1113 759 paulo
1135 675 1287 741 tnmlias2

91 794 108 844 t
131 789 212 846 esset
226 779 480 854 administratum,
491 777 562 861 ipse
578 777 653 841 bora
667 777 789 841 circiter
803 777 861 840 diei
876 788 983 860 quarta
997 797 1064 839 cum
1080 778 1183 860 primis
1197 799 1252 842 ua·

128 882 214 947 uibus
235 878 428 945 Britanniam
449 880 549 962 attigit
569 890 658 962 atque
679 879 721 942 ibi
742 880 773 942 in
795 879 932 944 omnibus
954 879 1079 943 collibus
1094 882 1250 964 expositas

129 984 257 1048 bostium
272 982 374 1066 copies
390 993 522 1046 armatas
537 982 708 1065 conspexit.
755 978 850 1045 Cuius
877 982 933 1045 loci
958 982 1031 1046 baeu
1048 993 1113 1046 erat
1128 994 1249 1063 natura,
1265 980 1285 1045 3

129 1098 219 1169 atque
233 1087 275 1151 ita
290 1085 440 1150 montibus
456 1084 592 1167 augustis
607 1105 690 1148 mare
705 1083 931 1161 continebatur,
958 1086 1000 1147 uti
1017 1105 1059 1148 ex
1073 1085 1146 1149 locis
1162 1107 1250 1170 supe-

128 1189 260 1253 rioribus
274 1188 307 1251 iu
322 1187 394 1252 litus
409 1187 500 1251 telum
516 1186 595 1269 adigi
611 1197 724 1269 posset.
756 1184 845 1250 lluue
861 1188 898 1250 ad
913 1188 1122 1268 egrediendum
1138 1187 1287 1271 nequa-4

70 1302 107 1357 te
130 1311 218 1374 quam
233 1290 372 1355 idoneum
388 1290 485 1355 locum
501 1289 685 1367 arbitratus,
709 1289 778 1352 dum
798 1289 930 1371 reliquae
945 1310 1040 1353 naues
1055 1311 1091 1354 eo
1108 1291 1250 1355 conueni-

129 1403 211 1471 rent,
227 1392 265 1457 ad
281 1392 384 1456 boram
400 1412 508 1455 nonam
523 1392 555 1456 iu
570 1391 691 1455 ancoris
707 1393 890 1475 expectauit.
932 1389 1059 1456 iuterim
1073 1393 1180 1476 legatis
1196 1390 1285 1458 tsi-b

130 1494 277 1578 bnsisqne
297 1495 425 1560 militum
449 1494 623 1558 conuocatis
645 1503 678 1558 et
696 1514 773 1576 quae
788 1515 828 1558 es
843 1491 999 1558 Voluseno
1015 1508 1195 1578 cognosset,
1218 1507 1252 1562 et

129 1616 204 1680 quae
218 1597 283 1663 lieri
298 1597 403 1675 uellet,
419 1597 550 1662 ostendit
565 1596 750 1679 monuitque,
767 1606 801 1661 ut
815 1596 861 1661 rei
875 1597 1014 1660 militaris
1029 1599 1127 1678 ratio,
1150 1599 1249 1663 maxi·

130 1720 177 1764 me
191 1710 226 1764 ut
239 1700 418 1765 maritumae
432 1720 483 1764 res
499 1699 703 1785 postularent,
728 1709 762 1764 nt
781 1720 857 1782 quae
873 1699 1003 1764 celerem
1018 1711 1108 1783 atque
1122 1700 1250 1764 instabi-

69 1814 105 1866 15
128 1801 188 1867 len
202 1813 314 1867 motum
330 1803 486 1880 baberent,
503 1802 541 1867 ad
555 1812 657 1867 nutum
673 1812 706 1866 et
717 1802 756 1866 ad
772 1813 887 1886 tempus
902 1822 1008 1867 omues
1026 1822 1076 1866 res
1093 1802 1182 1866 abiis
1197 1803 1250 1866 ad·

128 1905 384 1970 ministrareutur.
428 1903 486 1970 ttis
509 1905 641 1970 dimissis
661 1915 694 1970 et
714 1914 837 1968 uentum
859 1914 890 1968 et
908 1916 1026 1969 nestum
1040 1927 1100 1969 uuo
1115 1905 1286 1990 temporali

129 2017 239 2070 nactus
253 2007 413 2072 secundum
428 2007 496 2073 dato
511 2009 599 2091 signo
621 2019 653 2072 et
673 2005 800 2072 sublatis
814 2007 934 2071 ancoris
950 2007 1071 2072 circiter
1084 2009 1166 2072 milia
1181 2029 1251 2091 pss-

129 2128 219 2172 suum
241 2120 352 2191 septen
372 2109 409 2176 ab
431 2132 467 2176 eo
489 2112 556 2176 loco
580 2129 759 2196 progressus
780 2119 884 2191 aperto
899 2129 934 2171 ac
950 2109 1037 2190 plano
1052 2111 1140 2174 litore
1155 2131 1250 2175 uaues

129 2211 299 2277 coustituit.
343 2211 387 2279 Aa
410 2213 529 2280 barbari
552 2215 678 2278 consilio
699 2212 907 2277 Romanorum
932 2211 1052 2294 cognito
1082 2213 1247 2294 praemisso
1261 2213 1308 2283 24

65 2324 103 2378 tt
126 2314 263 2396 equitatu
277 2325 309 2381 et
322 2316 503 2393 essedariis,
528 2337 585 2399 quo
606 2317 779 2402 plerumque
801 2334 913 2399 genere
933 2313 966 2376 iu
982 2314 1103 2397 proeliis
1119 2316 1162 2378 uti
1178 2336 1251 2379 eon·

131 2427 275 2495 suerunt,
291 2419 418 2502 reliquis
432 2419 525 2503 copiis
546 2418 699 2483 subsecuti
715 2428 834 2482 uestros
851 2417 978 2481 nauibus
994 2418 1097 2501 egredi
1113 2419 1251 2502 probibe-

129 2519 215 2584 bast.
258 2517 338 2587 Brut
352 2521 390 2586 ob
406 2522 460 2585 bas
474 2541 583 2586 causas
598 2541 712 2585 summa
727 2519 902 2597 difficultas,
925 2520 1003 2603 quod
1019 2542 1112 2586 naues
1128 2522 1287 2609 propter2

130 2624 363 2708 magnitudinem
380 2623 439 2689 nisi
453 2624 484 2688 in
500 2624 560 2688 alto
576 2623 719 2688 constitui
735 2644 794 2688 nou
810 2633 965 2708 poteraut,
990 2623 1136 2690 militibus
1151 2640 1251 2692 autern

129 2724 240 2808 ignotis
255 2725 350 2804 loeis,
373 2726 525 2810 impeditis
544 2727 680 2791 manibus
703 2746 810 2810 magno
833 2736 865 2789 et
884 2727 972 2809 graui
994 2746 1086 2791 onere
1100 2748 1251 2793 armorum

71 2836 105 2889 25
130 2828 284 2913 oppressis
298 2829 389 2894 simul
403 2840 434 2894 et
448 2830 485 2894 de
500 2831 627 2894 nauibus
643 2829 836 2894 desiliendum
845 2840 877 2894 et
891 2829 922 2891 in
931 2828 1069 2890 fluctibus
1082 2829 1250 2893 consisten-

239 3033 255 3086 3
268 3033 361 3099 uigilia
374 3049 456 3088 naues
469 3036 590 3104 soluits,
605 3037 697 3102 uigilia
709 3037 794 3087 nuens
807 3051 888 3086 naues
901 3034 983 3085 soluit
995 3034 1019 3084 b.
1149 3035 1251 3101 equites

131 3111 235 3176 quasin
249 3111 274 3163 D
281 3146 291 3175 ,
304 3112 407 3177 equites
420 3113 446 3162 in
460 3115 486 3164 b.
590 3113 710 3180 progredi
724 3127 855 3177 nauesque
869 3113 894 3162 b.
1007 3113 1023 3163 4
1036 3127 1093 3161 cum
1106 3113 1182 3178 paulo
1195 3114 1253 3165 AB

130 3189 235 3257 Esses,
249 3206 308 3241 euru
320 3190 348 3241 id
360 3191 438 3257 paulo
452 3193 497 3243 de.
621 3195 636 3244 b
649 3193 712 3243 born
725 3190 832 3240 circiter
844 3189 896 3240 diei
909 3195 1002 3255 quartu
1014 3188 1101 3239 Aru
1112 3189 1172 3240 edd.
1186 3195 1252 3242 ιιιιιι

130 3266 595 3337 rs,baradieieiroiterqnartsju.
682 3268 852 3321 ddritanium
866 3268 898 3317 B.
991 3267 1250 3324 tarantasmum.

126 3345 215 3410 pet.
323 3347 594 3412 eratum.m.pr.b.
721 3344 1251 3412 datqueitaABCDId05adeobcd‚

130 3420 277 3488 adnuens.
383 3422 682 3488 montiumangustiiss.
807 3429 836 3472 ut
842 3423 872 3487 f.
992 3421 1255 3484 ladigiABCDE

132 3497 240 3564 abes,
255 3497 334 3547 adiici
348 3497 519 3567 (‘ca1adici')
534 3502 639 3566 ‘forsan
652 3500 680 3550 c’
691 3514 719 3549 ιι.
842 3499 909 3548 huuc
922 3498 1121 3561 adgrediendum
1135 3499 1168 3562 d,
1183 3499 1252 3553 buna

132 3577 306 3643 adgrediendi
320 3577 345 3628 b.
479 3593 639 3645 nequaquam
653 3580 773 3629 idoneum
786 3576 869 3627 locum
882 3575 1025 3626 arbitratus
1037 3577 1093 3627 AB
1103 3578 1202 3638 eum·
1215 3580 1254 3632 lo⁴

133 3668 191 3705 ιιι
203 3668 317 3720 neqnsq.
332 3655 403 3705 idon.
417 3655 651 3721 subjetoms'sso
663 3654 782 3705 idoneum
797 3653 811 3702 b
820 3691 828 3717 ,
844 3668 954 3719 nequaq.
969 3653 1039 3702 idon.
1053 3653 1110 3702 arb.
1125 3653 1210 3707 locum
1222 3673 1250 3709 ιι.

242 3731 273 3783 ll
290 3733 394 3783 ancoris
406 3733 446 3795 B,
461 3733 583 3783 nachoris
596 3748 625 3783 ιι.
746 3731 908 3798 (expectauit
920 3731 955 3793 B)
968 3731 1097 3796 spectauit
1107 3731 1143 3780 Ι).

134 3808 166 3865 ¹2
177 3815 321 3872 cognosset
331 3809 357 3860 B
370 3808 561 3872 ‘uetustiores’,
577 3808 743 3871 cognouisset
755 3823 769 3857 a
781 3812 808 3857 ct
818 3823 871 3857 sec.
886 3823 920 3857 m.
935 3807 968 3857 B.
1087 3806 1117 3859 ts
1131 3810 1255 3863 manime-

133 3903 181 3954 qne
194 3895 225 3938 st
238 3885 310 3938 bed.
451 3887 484 3939 ll
495 3888 649 3940 maritumae
663 3887 686 3938 A
694 3885 751 3950 (B).
874 3893 902 3936 nt
915 3900 981 3951 quae
994 3884 1106 3950 Lipsius
1113 3923 1122 3949 ,
1137 3894 1253 3954 utquam

17 4018 20 4023 ,
133 3964 212 4016 codd.
337 3962 772 4031 lbabiisA(B)C,sblaisEs.
897 3964 1145 4016 lbetuestatemb.

135 4044 166 4098 ll
178 4039 334 4107 seeundum]
346 4040 424 4094 simul
436 4043 462 4095 b.
567 4043 671 4094 ancoris
683 4043 739 4094 AB
746 4079 755 4108 ,
769 4043 890 4094 aucboris
903 4059 931 4093 ιι.
1041 4042 1111 4093 mille
1124 4058 1217 4109 passus
1230 4058 1252 4093 e.

244 4121 277 4175 ts
289 4127 379 4188 aperto
391 4137 445 4175 oss.
459 4123 516 4173 AB
526 4121 548 4175 0
561 4121 588 4176 ‘8
599 4123 653 4175 ala's'
660 4121 678 4171 ’.
826 4123 861 4177 24
873 4137 952 4173 onore
965 4136 1094 4172 armornm
1106 4135 1142 4170 m.
1152 4134 1199 4184 pr.
1213 4119 1254 4178 s,

134 4216 264 4253 armornm
277 4215 355 4253 onere
367 4216 429 4253 oum
441 4217 495 4252 uno
509 4201 560 4253 bu.
665 4201 698 4256 at
711 4200 845 4269 expressis
857 4215 893 4252 ιιι.
905 4215 950 4267 pr.
966 4200 988 4252 C
996 4235 1004 4261 ,
1020 4198 1118 4265 pressis
1132 4212 1145 4245 ι
1150 4196 1179 4259 s.

135 4277 220 4346 etde]
233 4281 416 4347 etaemus,
430 4279 566 4333 etcumt.
