2692 4688
539 178 840 245 ...u-

127 361 187 417 rat.
233 348 293 434 Qui
315 362 415 416 maren
442 351 519 434 quod
535 349 711 416 existimare
725 349 864 430 uidetur,
888 349 1062 434 imperfecta
1077 350 1119 416 ita
1134 360 1251 419 tanturn

128 454 247 539 probari
263 475 365 538 posse,
382 455 409 519 si
424 455 492 518 finis
508 453 723 530 declararetur,
741 452 845 519 eodem
861 453 948 518 modo
964 464 1053 537 atque
1069 452 1117 517 bie
1132 454 1161 518 id
1178 466 1252 520 tent·

127 575 183 641 pus
200 557 328 641 positum
345 567 393 620 est
407 554 585 621 aCicerono
600 557 636 618 ad
652 553 738 618 Fani.
755 551 782 630 l,
799 553 832 633 8,
851 552 893 617 10
909 555 971 637 ‘qui
987 558 1052 639 plus
1068 557 1186 640 opibus,
1202 580 1254 623 ar·

127 659 205 737 mis,
230 659 363 743 potentia
384 659 503 733 ualent,
526 659 688 740 profecisse
708 666 822 721 tantum
839 657 909 721 milti
925 657 1065 722 uidentur
1079 659 1206 723 stultitia
1223 671 1254 724 et

127 761 330 827 inconstantia
344 761 606 837 aduersariorum,
631 770 664 823 ut
688 760 777 823 etiam
798 760 979 824 auctoritate
1001 761 1059 825 iam
1083 743 1149 845 plus
1169 762 1254 828 nale·

127 865 217 929 reut’.
248 860 348 947 Ipsum
366 863 481 927 dicendi
498 882 594 946 genus
608 860 794 925 notissimum
811 873 870 926 est.

215 963 254 1031 C.
271 967 304 1043 3,
322 965 342 1029 3
358 967 431 1028 haee
446 975 494 1029 est
509 963 593 1027 codd.
608 963 777 1047 scriptura:
802 963 862 1028 ‘Ad
878 965 1003 1029 alteram
1019 974 1133 1049 partem
1148 988 1254 1032 sucee-

130 1069 204 1133 dunt
219 1065 310 1146 Vbii,
328 1087 453 1150 quornm
470 1066 530 1130 init
543 1066 651 1131 ciuitas
665 1067 762 1149 ampla
778 1077 869 1150 atque
883 1067 1013 1144 boreus,
1038 1077 1072 1130 ut
1086 1079 1133 1132 est
1147 1079 1252 1154 captus

130 1167 372 1248 Germanorum,
395 1180 427 1233 et
448 1168 535 1252 paulo
552 1188 637 1251 quam
654 1177 727 1232 snut
740 1169 872 1233 eiusdem
888 1169 1011 1252 generis
1027 1179 1058 1234 et
1072 1171 1183 1236 ceteris
1198 1172 1253 1236 bu·

127 1273 300 1354 maniores,
323 1282 481 1357 propterea
504 1272 581 1355 quod
604 1269 742 1335 Rhenum
767 1272 928 1356 attingunt,
946 1271 1128 1354 multumque
1142 1274 1179 1338 ad
1194 1294 1249 1339 eoa

128 1384 312 1439 mercatores
328 1375 492 1451 uentitaot,
516 1384 544 1438 at
561 1374 616 1457 ipsi
632 1383 754 1457 proptor
768 1373 1015 1458 propinquitatem
1032 1375 1108 1454 qnod
1125 1372 1251 1441 Gallicis

128 1487 201 1540 sant
215 1475 347 1539 maribam
362 1475 547 1539 adsuefacti.
578 1472 637 1537 llic
653 1474 745 1539 uerba
762 1482 805 1538 ‘et
819 1476 917 1558 paulo'
933 1484 1005 1538 cett.
1021 1468 1253 1561 Oudendorpius

127 1578 170 1642 ita
185 1576 356 1641 enarrauitz
380 1585 432 1639 ‘et
446 1576 533 1660 paulo
549 1576 759 1654 humaniores,
781 1597 868 1660 qnam
884 1587 955 1641 sunt
970 1575 1105 1641 bominac
1120 1577 1253 1642 eiusdem

127 1679 270 1765 genens,
295 1688 326 1743 at
341 1677 534 1742 humaniores
548 1678 682 1743 ceteds’.
727 1675 824 1760 Quam
841 1677 1020 1743 sententiam
1035 1678 1167 1764 ineptam
1183 1699 1253 1744 esan

128 1777 332 1847 Subneidarus
347 1781 440 1857 uidit,
464 1801 530 1844 cum
552 1790 584 1844 et
605 1780 738 1845 eiusdem
754 1781 876 1866 generis
892 1780 1027 1846 bomines
1043 1792 1074 1845 et
1089 1781 1182 1846 ceteri
1199 1802 1254 1847 nc·

129 1884 263 1950 cessario
284 1884 405 1966 utrique
421 1881 566 1947 Gerasam
586 1883 782 1968 intellegendi
804 1893 918 1948 essent.
964 1879 1033 1967 lpse
1048 1880 1253 1949 Schneideraa

128 2008 220 2052 unum
235 1985 366 2049 codicem
383 1995 519 2063 secutos,
536 1983 626 2051 Laid.
643 2007 704 2071 pr.,
721 1986 762 2049 ita
778 1985 886 2050 edidits
906 1995 949 2049 ‘et
963 1985 1062 2069 paulo,
1080 2006 1167 2070 quam
1182 1996 1254 2051 suat

128 2089 260 2152 eiusdem
276 2091 409 2172 generis,
425 2100 498 2153 suot
513 2089 623 2153 ceteris
639 2087 853 2165 humaniores’3
870 2087 1009 2169 superius
1023 2099 1123 2153 antona
1146 2090 1252 2152 ‘snut’

128 2191 299 2277 significare
313 2191 356 2255 ait
377 2200 464 2255 ‘esse
479 2190 606 2255 solent’.
638 2188 673 2254 ld
688 2210 762 2254 uero
777 2190 842 2255 fieri
857 2189 1043 2255 nullomodo
1059 2199 1175 2273 potest:
1200 2211 1254 2254 ne·

130 2314 188 2377 qne
203 2293 350 2378 singulari
365 2294 444 2357 illius
461 2293 572 2355 codicis
587 2292 754 2374 scripturae
768 2292 910 2355 maiorem
931 2292 1139 2355 auctoritatem
1164 2312 1252 2374 quam

130 2397 324 2460 coniecturae
348 2396 532 2459 tribuendam
557 2415 623 2456 esse
644 2403 778 2476 apparet.
809 2391 883 2458 Non
906 2392 1103 2477 probabiliora
1126 2393 1162 2455 ab
1185 2392 1253 2456 aliis

129 2499 281 2582 proposita
295 2507 377 2560 sunt.
416 2495 504 2560 Vnus
528 2495 590 2559 Tb.
607 2493 784 2571 Bentleius,
808 2505 927 2577 etpost
950 2516 1015 2557 eum
1031 2492 1251 2577 Elberlingius,

128 2609 242 2662 rectam
258 2599 403 2662 orationis
420 2598 544 2661 formam
559 2597 669 2672 ellecit,
687 2608 721 2660 ut
736 2597 834 2661 deleto
848 2607 975 2680 utroquo
1000 2598 1068 2661 ‘et'
1084 2598 1124 2661 ita
1141 2597 1254 2660 scribe-

129 2711 234 2765 retnrs
255 2697 338 2764 ‘Vbii
355 2701 517 2764 succedunt
532 2737 574 2747 -
589 2701 696 2785 paulo,
720 2722 806 2784 quam
828 2710 900 2763 snnt
920 2699 1050 2763 eiusdem
1066 2702 1188 2783 generis
1203 2719 1254 2764 ce·

128 2804 206 2878 teri,
232 2802 444 2867 humaniores'.
490 2800 567 2867 Mibi
589 2813 688 2867 tamen
705 2803 803 2887 potius
818 2802 850 2865 in
866 2802 943 2865 bunc
958 2802 1076 2866 modum
1093 2802 1167 2866 baec
1182 2822 1255 2867 oon·

128 2905 280 2969 stituenda
296 2905 362 2969 uisa
376 2915 466 2970 sunt:
495 2912 539 2970 ‘et
553 2905 640 2989 paulo
655 2917 726 2969 suut
741 2906 871 2971 eiusdem
887 2905 1008 2990 generis
1022 2904 1134 2969 ceteris
1150 2904 1255 2969 buma-

129 3008 253 3072 niores’.
293 3006 372 3072 Nara
388 3008 462 3072 baec
477 3010 572 3072 forma
588 3008 733 3073 orationis
749 3019 779 3072 et
793 3008 830 3071 ob
846 3008 1004 3091 superiora
1020 3007 1111 3071 uerba
1139 3013 1192 3070 ‘ut
1206 3015 1255 3070 eat

128 3119 233 3193 captus
249 3106 488 3174 Germanornm’
504 3110 659 3195 aptissima
673 3121 722 3175 est
736 3110 924 3194 (conceditur
938 3109 1016 3174 enim
1032 3107 1252 3173 Germanorum

128 3211 271 3275 indicium
287 3212 386 3294 aliqua
402 3231 443 3277 ex
458 3224 542 3297 parte
557 3213 647 3277 etiam
662 3212 801 3278 Romano
816 3210 929 3276 bomini
945 3211 1063 3295 probari
1080 3216 1190 3294 posse)
1205 3218 1249 3287 et,

129 3332 196 3376 cum
212 3313 297 3396 plura
311 3313 467 3377 interiecta
483 3315 557 3391 sint,
575 3316 682 3378 melius
698 3314 771 3380 baec
787 3315 874 3399 plena
893 3314 1031 3377 oratione
1047 3312 1251 3394 adiunguntur

129 3436 215 3496 quam
232 3435 285 3498 per
296 3414 524 3498 appositionem.
550 3414 688 3500 Denique
704 3420 790 3503 origo
804 3416 1045 3500 interpolationis
1061 3415 1117 3478 hac
1133 3413 1253 3478 rationo

128 3516 247 3581 facilins
270 3527 405 3599 apparet.
451 3516 531 3582 Nanr
556 3519 702 3603 particula
726 3518 850 3601 ‘wana'
873 3528 995 3600 propter
1017 3515 1252 3600 comparatinum

130 3617 346 3682 ‘humaniores’
361 3618 476 3683 adiecta
491 3630 550 3699 est,
569 3632 602 3685 nt
615 3618 673 3700 lll,
691 3619 724 3698 9,
741 3617 763 3685 6
777 3620 879 3684 eadem
896 3630 964 3703 post
981 3619 1184 3703 ‘plurimum’3
1202 3618 1254 3680 de·

126 3718 199 3784 inde
214 3742 282 3784 curn
297 3720 394 3784 oratio
410 3720 465 3784 hac
480 3742 514 3785 re
530 3723 647 3788 turbata
662 3733 764 3800 esset,
792 3721 934 3786 ‘conns’
957 3721 1135 3805 interposito
1153 3720 1254 3782 ‘et’a

128 3822 336 3906 superioribus
352 3824 453 3888 uerbis
469 3834 638 3908 separatura
654 3836 713 3890 est.
741 3822 852 3908 Neque
867 3825 946 3888 enim
962 3824 1074 3905 antiqui
1091 3820 1206 3887 librarii
1222 3820 1254 3885 in

129 3924 226 3988 forma
240 3924 386 3988 orationis
402 3924 594 3990 resarcienda
609 3928 790 3991 sententiam
805 3927 969 4005 curabant,
995 3945 1032 3990 ne
1049 3927 1173 3989 formam
1189 3923 1255 4007 qui·

129 4027 197 4092 ten
213 4028 290 4091 oltra
306 4027 443 4111 proxima
459 4030 564 4094 uerba.
594 4028 638 4095 llt
651 4030 841 4095 librariorum
855 4029 923 4093 sine
939 4029 1073 4094 fraudem
1088 4027 1154 4091 sine
1169 4046 1254 4090 erro·

128 4150 194 4195 mm
204 4129 413 4195 bioocrsatum
429 4134 660 4216 essesequentia
671 4135 808 4219 probant,
822 4133 855 4197 in
869 4133 978 4216 quibua
991 4131 1118 4195 alteram
1137 4126 1252 4209 ‘quod',

130 4232 210 4318 qnod
226 4232 496 4319 ‘propinquitatem'
511 4235 661 4320 sequitur,
678 4236 888 4323 interpolatum
902 4255 973 4300 esse
986 4251 1091 4297 omnes
1100 4229 1250 4295 uiderunt.
