2684 4694
506 213 808 281 ...25-

92 384 123 451 h.
140 381 223 450 Gall.
240 379 334 460 VIII,
351 385 446 468 prael.
465 387 495 466 β.
512 382 580 449 Iol
594 385 625 450 t.
644 406 673 449 c.
690 384 729 463 t,
746 383 778 449 ³.
795 381 857 464 36,
876 385 906 452 1.
923 385 983 464 38,
1000 387 1032 454 3.
1049 388 1111 466 la,
1131 390 1217 458 lllet
1248 462 1254 470 ,

93 486 153 566 11,
177 484 317 551 Suetonii
333 482 426 551 Caes.
450 485 504 551 56.
544 484 688 553 Similiter
711 483 823 552 Straho
837 485 883 554 lv
897 511 928 573 p.
944 490 1008 556 267
1024 492 1105 557 atu.
1122 493 1215 563 ainc-

91 579 260 678 μνήματα
282 589 423 674 appellat.
453 586 568 653 Verum
590 587 771 654 Plutarchus
787 585 879 654 Caes.
900 590 945 655 at
964 595 1169 683 ἐφημερίδας
1184 608 1217 662 ct

91 691 249 777 Appianas
264 689 307 773 (l,
324 713 353 775 p.
371 687 415 754 90
430 686 630 777 Schweigh.)
646 711 750 774 parum
764 701 833 776 apte
849 692 906 756 hoc
920 715 1029 760 nomen
1045 697 1214 763 distrahens

90 793 180 868 totae
193 787 398 879 ἀναγραφαὶ
410 793 477 860 τῶν
491 794 669 879 ἐφημέρων
683 799 793 880 ἔργων
808 795 963 859 dixerunt.
992 794 1026 860 lt
1040 796 1143 862 Latini
1159 820 1215 864 ex·

92 907 206 962 tmmac
225 895 411 978 antiquitatis
433 896 542 960 imitati
555 905 638 959 sunt.
668 893 751 959 Nam
766 892 965 981 Symmachus
980 919 1028 983 ep.
1046 897 1104 979 IV,
1123 901 1164 965 18
1178 903 1214 966 al

89 996 448 1064 Pmtatliumaioserihite
467 994 608 1063 ‘Priscae
616 995 770 1091 qulorum
777 1000 938 1063 memorias
946 1001 1056 1065 deferri
1069 1002 1100 1066 in
1111 1024 1213 1069 manus

90 1111 159 1167 auus
173 1101 320 1186 postulas.
357 1099 497 1165 lIeuolue
517 1097 659 1165 Patauini
679 1101 835 1184 scriptoris
852 1111 1010 1181 extrema,
1034 1103 1139 1185 quihus
1163 1126 1213 1170 res

90 1200 161 1268 Gaii
175 1200 318 1269 Caesaris
333 1203 534 1288 explicantur,
556 1212 630 1280 ant,
646 1201 674 1265 si
687 1201 785 1285 impar
799 1213 847 1265 est
862 1202 1012 1269 desiderio
1027 1214 1079 1268 tuo
1091 1203 1212 1285 Liuius,

88 1327 176 1371 suma
190 1305 408 1390 ephemeridem
423 1303 463 1368 C.
477 1302 620 1371 Caesaris
636 1303 1050 1388 decerptamhihliothoculae
1066 1328 1162 1385 6666,
1179 1318 1214 1372 61

88 1408 144 1473 tihi
164 1409 282 1472 maneri
302 1408 483 1472 mitteretur.
522 1404 608 1471 llaec
631 1406 827 1491 lentigines,
845 1406 934 1485 situs,
952 1429 1067 1492 pugnas
1082 1411 1213 1492 etquid·

88 1511 159 1594 quill
174 1511 230 1575 luit
244 1510 275 1574 in
290 1510 423 1574 morihus
438 1520 492 1574 aut
506 1508 621 1595 legibus
642 1505 809 1572 Galliarum
830 1509 971 1573 lucebit’.
1002 1508 1084 1575 Idem
1100 1532 1211 1577 nomen

87 1612 191 1697 optimi
207 1623 238 1677 et
252 1612 452 1695 antiquissimi
467 1612 586 1676 colicas
602 1605 764 1687 Caesaris,
790 1610 900 1696 quihus
919 1611 978 1675 soli
999 1621 1068 1676 octo
1091 1613 1159 1677 lihri
1174 1614 1211 1679 tle

88 1715 166 1781 hetto
183 1713 297 1781 Gallico
312 1715 520 1791 continentur,
544 1712 577 1776 in
593 1711 676 1775 calce
691 1711 887 1796 subscriptum
905 1711 1016 1776 hahent
1031 1715 1086 1778 hoc
1101 1717 1208 1780 modos

89 1813 144 1883 ‘C.
161 1817 316 1895 Caesaris,
333 1828 417 1903 pout.
434 1837 533 1892 max„
549 1813 715 1898 ephemeris
730 1825 1000 1899 rerumgestarum
1015 1815 1085 1880 helli
1101 1814 1211 1882 Gallici

88 1919 164 1985 liher
179 1917 256 1987 VIII
271 1919 418 2004 explicit’.
448 1917 533 1982 llaec
548 1918 625 1982 enim
642 1917 784 2000 leguntur
796 1918 827 1979 in
843 1913 983 1982 Parisino
997 1918 1104 2002 primo,
1123 1936 1210 2002 quem

88 2021 216 2089 eundem
232 2040 301 2084 esse
316 2033 404 2104 atqua
418 2018 642 2085 Floriaeeusem
664 2039 683 2083 6
704 2015 742 2082 P.
759 2017 887 2083 Daniele
909 2019 1007 2083 uisum
1024 2020 1210 2086 demonstra·

86 2123 146 2202 ho,
165 2121 317 2187 Vossiano
332 2123 447 2206 priano,
473 2119 683 2207 Egmoutlaoo,
699 2119 934 2185 Vratislauiensi
951 2121 1063 2205 primo:
1088 2144 1157 2186 nam
1178 2123 1209 2189 in

81 2223 410 2312 Ι11663666166666166
426 2233 562 2288 extrema
579 2242 646 2306 para
661 2222 760 2286 octaui
781 2223 851 2286 lihri
873 2224 972 2307 periit.
1003 2221 1094 2289 Initio
1108 2235 1208 2290 antem

88 2328 182 2392 totius
197 2326 333 2410 corporis
348 2326 477 2391 cliniis
492 2325 656 2403 codicibus,
673 2346 748 2410 quos
764 2324 928 2400 nominaui,
946 2334 1067 2409 praeter
1080 2323 1208 2390 Vossia-

88 2450 157 2495 anm
172 2429 316 2513 primum,
333 2429 420 2493 onius
436 2429 563 2513 primum
576 2427 677 2491 lolium
694 2427 800 2511 periit,
819 2436 849 2491 et
863 2427 894 2490 iu
909 2425 1047 2492 Parisino
1063 2429 1207 2501 secondo,

88 2528 295 2618 Scaligerauo,
312 2529 456 2596 Leidcusi
471 2530 578 2615 primo,
595 2529 625 2593 in
641 2530 747 2617 quihus
763 2551 868 2594 omnes
883 2533 1090 2596 commentarii
1103 2532 1209 2616 legun·

88 2643 153 2707 tur,
176 2633 246 2697 lihri
261 2629 331 2697 Gaii
347 2629 491 2698 Caesaris
514 2632 584 2696 helli
600 2629 710 2697 Gallici
731 2633 768 2697 cle
784 2635 958 2699 narratione
973 2644 1140 2719 temporum
1157 2656 1209 2719 ap·

89 2736 251 2821 pellantur.
297 2731 588 2800 Commentariorum
616 2755 726 2800 nomen
747 2756 790 2798 ex
813 2735 898 2800 honis
921 2736 1072 2802 codicibus
1092 2737 1125 2801 in
1147 2757 1209 2800 nno

67 2903 74 2911 ,
87 2834 228 2904 Parisino
242 2835 356 2920 primo,
383 2837 461 2921 quoi
482 2838 596 2915 sciam,
620 2847 774 2902 seruatum
789 2847 837 2901 est
850 2847 988 2902 extrem
1004 2838 1081 2901 lihro
1098 2835 1158 2902 Vll
1172 2837 1209 2902 de

88 2937 304 3017 satellitum,
321 2939 370 3004 cui
385 2939 459 3004 haec
474 2938 642 3024 subscripta
657 2941 813 3023 legantura
833 2939 1079 3004 ‘commentarius
1095 2934 1210 3002 Cama·

89 3041 132 3107 ria
145 3041 222 3107 liher
234 3041 378 3126 septimus
393 3040 539 3124 explicit'3
556 3040 662 3105 ‹lciucle
678 3041 710 3104 in
724 3041 924 3105 deterioribus
940 3039 1111 3122 quibusdam
1128 3049 1209 3124 post-

88 3142 203 3211 tutata
216 3143 387 3209 restitutum
403 3151 463 3206 cst.
486 3138 715 3227 Ephemeritlem
730 3152 828 3206 autem
845 3142 1031 3225 antiquiores
1045 3143 1210 3227 scriptores

90 3245 315 3331 appellauerunt
327 3243 480 3320 libellum,
501 3242 534 3307 in
549 3263 635 3325 quem
650 3247 784 3328 apposita
801 3245 1008 3310 alienationem
1024 3244 1070 3309 rei
1086 3243 1210 3310 familia·

89 3348 133 3413 ris
146 3359 189 3427 et,
207 3348 234 3411 ai
248 3346 318 3430 qnid
332 3344 414 3409 aliud
425 3345 588 3409 notandum
601 3344 734 3410 hreniter
745 3347 912 3424 uidebatur,
928 3346 1120 3425 relerehant3
1135 3346 1208 3410 itam

91 3449 310 3526 calendarium,
335 3469 394 3533 quo
413 3469 454 3513 ex
476 3467 587 3534 genere
602 3448 722 3513 nitletur
736 3449 830 3514 luisse
845 3449 1013 3534 ephemeris
1029 3446 1209 3513 a'Percntio

90 3551 230 3619 Varrone
246 3550 306 3618 Cn.
323 3548 466 3637 Pompeio
481 3552 612 3636 scripta,
636 3551 668 3614 in
688 3572 745 3635 qua
760 3551 915 3616 inchoatio
930 3549 1047 3617 Oceani
1065 3561 1096 3615 ct
1110 3560 1208 3614 motus

89 3656 163 3721 atrii
178 3662 269 3720 erant
282 3654 429 3718 annotati.
466 3651 536 3718 vit.
550 3650 681 3717 Porcell.
708 3653 772 3718 lex.
795 3665 827 3718 et
841 3652 983 3719 Schneid.
1007 3653 1045 3716 ut
1060 3650 1154 3716 Varr.
1177 3672 1208 3735 p.

89 3755 163 3823 226.
202 3753 239 3821 ln
254 3756 301 3820 his
323 3755 415 3838 igitur
430 3757 550 3840 propria
563 3756 702 3820 uocahuli
717 3756 764 3819 nis
778 3767 897 3820 retenta
913 3766 970 3820 est.
1007 3753 1209 3819 Historiarum

90 3879 163 3926 6666
177 3859 271 3923 lihros
286 3859 327 3922 ita
344 3868 463 3943 praeter
476 3856 686 3944 Symmachum
702 3868 733 3923 et
745 3857 951 3941 Apollinarem
967 3854 1140 3934 Sidonium,
1158 3856 1209 3939 qui

89 3981 136 4046 ep.
152 3957 219 4039 IX,
242 3958 384 4024 111166
400 3960 618 4045 ephemeridem
634 3970 859 4039 commemorat,
875 3957 1037 4044 Septimius
1052 3959 1103 4023 ille
1118 3958 1208 4037 dixit,

89 4062 177 4128 homo
191 4063 326 4128 incertae
336 4064 456 4141 acutis,
473 4064 526 4127 sel
541 4073 624 4126 certe
637 4059 817 4146 Symmacho
829 4082 890 4127 non
902 4063 1026 4126 multum
1041 4060 1209 4146 antiquior,

89 4167 139 4250 qni
153 4166 371 4252 ephemeridem
387 4165 458 4230 helli
472 4163 599 4229 Troiani
613 4184 655 4229 ex
670 4162 789 4230 Graeco
811 4174 930 4228 retenta
946 4162 1065 4229 Graeca
1080 4162 1209 4247 appella·

88 4268 172 4335 noae
192 4270 296 4334 nestit.
338 4266 443 4353 Atque
467 4278 502 4332 61
522 4268 806 4335 commentariorum
825 4286 934 4332 noman
955 4267 1016 4430 iqi-
1037 4260 1209 4351 Symmachi
