2684 4694
73 218 139 286 est
526 209 655 278 aaut}
678 207 867 278 aufflcau

136 407 207 452 unm
217 405 293 468 quae
310 384 408 447 fossae
424 393 476 446 aut
490 383 617 447 insidiae
632 382 797 464 elephantis
812 391 883 444 ante
899 389 999 444 castra
1013 390 1178 465 portasque
1193 383 1269 448 ualli

137 491 234 553 [acue
250 495 364 562 essent,
381 484 527 566 simulque
543 484 670 548 consilia
685 494 787 546 nesua
798 492 904 545 contra
919 483 1039 545 easdem
1055 482 1170 546 bestias
1181 505 1267 548 conr·

137 591 380 674 parationcmque
403 607 519 670 pugnae
542 605 793 668 cognosceremus
815 595 904 666 atque
926 585 965 646 iis
995 586 1264 651 renuntiaremus'.

104 688 202 773 utini
225 688 384 753 collaudati
399 710 417 751 a
433 684 567 752 Caesare
583 687 789 770 stipendioque
804 686 905 748 donati
923 685 959 748 ad
975 688 1107 770 reliquos
1122 689 1266 772 perfugas

139 792 337 856 deducuntur.
384 785 520 870 Quorum
543 789 706 851 orationem
729 788 873 851 celeriter
894 790 1009 853 ueritas
1033 789 1261 873 conprobauit:
1285 802 1300 853 t

140 913 269 977 namque
290 901 410 973 postero
432 890 480 953 die
502 911 543 953 ex
559 890 726 972 legionibus
742 890 808 968 bis,
831 910 906 972 quas
921 887 1043 954 Gaetuli
1058 891 1267 970 nominarunt,

140 993 249 1057 milites
264 991 422 1076 legionarii
444 992 612 1074 complures
626 990 663 1054 ab
680 988 821 1074 Scipione
842 992 874 1055 in
890 1002 991 1056 castra
1006 988 1146 1056 Caesaris
1162 994 1268 1074 perfu-

82 1094 127 1166 86
140 1104 262 1178 gerunt.
307 1092 389 1157 Dum
404 1093 476 1157 baec
492 1093 527 1155 ad
543 1092 710 1177 Ruspinam
725 1103 884 1177 geruntur,
908 1092 956 1157 Μ.
974 1090 1063 1172 Cato,
1088 1095 1139 1177 qui
1153 1092 1268 1158 Vticae

140 1207 291 1281 praeerat,
315 1196 448 1258 delectus
464 1194 572 1258 cotidie
587 1193 806 1272 libertinorum,
826 1193 984 1272 Afrorum,
1008 1216 1166 1260 seruorum
1181 1196 1268 1259 deni·

140 1318 197 1380 que
220 1308 250 1360 et
265 1295 487 1379 cuiusquemodi
502 1297 623 1376 generis
639 1296 808 1372 hominnm,
833 1297 884 1382 qni
898 1297 985 1360 modo
1001 1317 1055 1380 per
1068 1307 1197 1360 aetatem
1215 1316 1268 1359 ar-
1290 1305 1318 1358 te

140 1420 190 1463 nia
211 1401 293 1465 ferre
315 1409 473 1482 poterent,
498 1397 608 1461 babere
630 1409 719 1482 atque
741 1397 796 1461 snb
818 1418 937 1461 manum
959 1394 1091 1480 Scipioni
1114 1398 1146 1461 in
1161 1408 1267 1462 castra

103 1500 326 1565 2sun1mittere
349 1519 409 1561 non
431 1499 613 1563 intermittit.
657 1497 767 1584 Legati
789 1499 908 1562 interim
931 1519 972 1562 ex
993 1500 1099 1583 oppido
1114 1499 1263 1578 Tbisdra‚

141 1602 173 1665 in
189 1622 247 1683 quo
263 1600 353 1663 tritici
369 1601 497 1662 modium
514 1601 594 1664 milia
611 1611 673 1663 ccc
689 1611 873 1684 comportata
888 1603 1006 1663 inerant
1025 1620 1042 1662 a
1063 1600 1268 1684 negotiatori·

139 1702 195 1766 bns
210 1700 325 1766 ltalicis
340 1701 581 1785 oratoribusque,
606 1703 644 1765 ad
659 1699 824 1767 Caesarem
845 1720 966 1777 neuere,
986 1711 1155 1783 quantaque
1172 1701 1266 1785 copia

142 1804 283 1868 frumenti
298 1803 374 1887 apud
390 1823 424 1866 se
438 1803 491 1881 sit,
516 1805 642 1881 docent,
667 1806 811 1886 simulque
828 1813 927 1879 urant,
949 1813 981 1865 ut
1001 1801 1059 1866 sibi
1082 1803 1268 1886 praesidinm
1291 1813 1317 1866 tt

141 1906 249 1983 mittat,
274 1927 332 1987 qno
355 1905 472 1968 lucilius
495 1916 527 1968 et
549 1907 729 1970 frumentum
752 1918 784 1970 et
805 1907 908 1990 copiae
934 1925 1007 1968 snae
1030 1915 1264 1968 conseruentnr.

106 2006 126 2071 3
142 2002 258 2087 Quibus
270 2003 387 2069 Caesar
401 2007 433 2070 in
449 2008 618 2091 praesentia
633 2010 746 2094 gratius
762 2011 823 2094 egit
838 2006 1075 2091 praesidiumque
1090 2006 1175 2070 breui
1190 2016 1267 2069 tem

142 2129 215 2193 pore
236 2129 271 2173 se
290 2108 450 2173 missurum
475 2110 552 2173 dixit
573 2111 804 2194 cohortatusque
826 2114 862 2176 ad
886 2132 958 2175 suos
982 2109 1065 2172 ciues
1080 2108 1161 2172 iubet
1174 2107 1267 2190 proli·

106 2207 228 2274 luisci.
270 2207 308 2274 P.
326 2208 434 2276 Sittius
450 2213 568 2276 interim
585 2234 651 2276 cum
667 2214 762 2296 copiis
775 2212 937 2277 Numidiae
954 2215 1028 2276 bnes
1044 2212 1197 2293 ingressus
1213 2227 1267 2271 ca·

142 2314 258 2376 stallum
275 2313 306 2376 in
321 2315 431 2376 montis
447 2314 513 2377 loco
528 2314 643 2378 munito
657 2316 805 2395 locatum,
829 2316 860 2379 in
875 2315 953 2398 quod
968 2309 1043 2377 luba
1058 2311 1126 2375 belli
1141 2309 1268 2394 gerendi
1287 2318 1319 2374 lt

142 2416 238 2496 gratia
261 2425 293 2476 et
312 2416 494 2478 frumentum
516 2426 547 2478 et
566 2437 615 2480 res
640 2428 776 2496 ceteras,
801 2437 877 2500 quae
898 2417 935 2479 ad
959 2415 1068 2480 bellurn
1082 2413 1151 2477 usui
1166 2413 1267 2476 solent

142 2534 223 2594 esse,
248 2525 499 2596 comportauerat‚
525 2516 555 2579 ni
570 2520 771 2602 expugnando
787 2529 834 2582 est
848 2519 971 2602 potitus.

83 2614 129 2685 37
230 2611 359 2694 Caesar,
382 2629 537 2700 postquam
553 2619 720 2703 legionibus
735 2621 887 2684 ueteranis
902 2620 1028 2695 duabus,
1045 2617 1177 2698 equitatu
1191 2612 1268 2678 leui·

142 2739 200 2801 quc
222 2728 375 2783 armatura
396 2720 497 2803 cupias
519 2742 591 2785 suas
611 2742 652 2785 ex
672 2723 803 2786 secundo
820 2732 984 2785 commeatu
1001 2728 1146 2793 auxerat,
1171 2735 1267 2779 naues

145 2821 204 2905 [Vl]
218 2821 373 2884 onerarias
383 2821 483 2884 statim
496 2821 579 2886 iubet
589 2821 765 2909 Lilybaeum
782 2824 819 2887 ad
829 2824 974 2906 reliquum
987 2820 1154 2885 exercitum
1168 2828 1269 2882 trans·
1289 2826 1320 2879 2⁵

142 2922 318 3007 portandum
340 2923 505 3007 proficisci3
534 2925 597 3007 ipsc
617 2935 652 2988 Vl
676 2922 744 2989 liat.
768 2923 859 2988 Febr.
885 2924 1006 2988 circiter
1036 2920 1136 3003 uigilia
1165 2920 1267 3000 prima

142 3024 280 3108 imperat,
299 3025 502 3109 speculatores
517 3027 763 3111 apparitoresque
778 3048 881 3091 omnes
892 3037 928 3089 nt
942 3024 997 3089 sibi
1009 3030 1128 3107 praesto
1143 3031 1264 3083 essent.

107 3121 249 3206 2Itaqne
273 3127 408 3190 omnibus
432 3127 537 3191 insciis
561 3149 658 3211 neque
682 3128 900 3213 suspicantibus
931 3127 1034 3210 uigilia
1064 3123 1152 3187 tertia
1181 3123 1267 3186 iubet

142 3246 246 3289 omues
261 3227 396 3310 legiones
412 3250 452 3292 ex
468 3231 576 3295 castris
591 3232 677 3295 educi
692 3241 781 3314 atque
796 3252 830 3294 se
845 3228 987 3310 consequi
1003 3227 1041 3291 ad
1055 3226 1191 3309 oppidum
1201 3222 1266 3287 Ru·

142 3328 255 3413 spinam
272 3349 391 3406 uorsus,
408 3331 440 3393 in
455 3354 514 3414 quo
536 3333 601 3417 ipsc
617 3333 795 3417 praesidium
812 3332 926 3409 babuit,
943 3341 973 3393 et
990 3330 1069 3412 quod
1085 3327 1208 3411 primum
1226 3327 1264 3389 ad
1288 3334 1318 3388 tt

106 3430 300 3495 domicilium
324 3431 388 3493 eius
411 3434 547 3497 accessit.
591 3432 665 3499 lude
687 3436 841 3521 paruulum
863 3431 1081 3520 proclinitatom
1104 3431 1265 3512 degressus

249 3567 264 3617 3
277 3567 318 3618 bis
331 3584 347 3618 o
361 3571 387 3633 b,
401 3571 439 3621 eis
452 3572 468 3621 2
481 3572 549 3623 dett.
564 3571 624 3623 edd.
639 3578 704 3623 oute
715 3573 799 3636 Atd.,·
814 3573 838 3624 ei
852 3572 939 3624 Aldus
951 3587 1026 3636 seqq.
1152 3568 1166 3617 i
1181 3581 1196 3615 a
1210 3581 1264 3616 om.

138 3663 165 3698 o.
269 3649 338 3700 dbis
352 3666 369 3700 α
381 3650 440 3702 edd.
456 3657 518 3700 areta
532 3652 607 3713 Ate„
622 3653 654 3703 iis
667 3652 754 3704 Aldus
767 3668 796 3702 o.
902 3650 1093 3701 nominarunto
1108 3644 1131 3707 b,
1148 3643 1268 3692 nomina-

139 3735 275 3778 uernntn.
396 3728 632 3795 lproiugernntb.
750 3727 954 3794 ldilectus(o).
1069 3721 1225 3787 llpossent
1237 3722 1264 3770 b.

245 3802 304 3867 snb]
315 3819 370 3853 snm
378 3819 404 3868 o,
414 3820 537 3856 summam
548 3807 572 3857 b.
678 3806 793 3874 Scipioni
801 3821 827 3866 a,
837 3806 998 3873 Scipionisc.
1104 3799 1136 3849 ¹2
1144 3797 1264 3848 summit-

137 3885 192 3927 tere
205 3893 230 3940 o,
243 3895 295 3928 non
310 3879 393 3929 subm.
498 3881 611 3933 'lbisdrn
625 3899 673 3950 ego
682 3903 691 3947 ,·
700 3882 829 3934 Tbisdrne
843 3898 870 3948 a,
881 3881 1001 3933 ‘Tbisdre
1015 3874 1198 3927 ucl'lbisdore
1209 3877 1269 3924 mee'

137 3954 252 4017 omnea'3
266 3953 377 4006 Tisdrae
389 3972 416 4006 u.
431 3958 462 4008 Ρ.
481 3959 510 4011 17
524 3966 597 4012 emta.
704 3961 735 4013 13
749 3962 903 4027 comportati
915 3976 969 4011 seo.
983 3975 1019 4009 m.
1036 3958 1060 4007 b.
1168 3954 1197 4005 17
1210 3954 1266 4016 egit

136 4047 152 4083 a
166 4033 190 4095 b,
205 4033 260 4096 nsit
272 4048 298 4081 tt·
405 4035 521 4088 lsseines
533 4055 586 4091 om.
602 4040 627 4091 b.
733 4039 866 4091 testatus
880 4056 906 4104 o,
920 4040 1001 4089 Sirius
1015 4053 1042 4087 u.
1149 4035 1264 4086 ldmon-

135 4109 170 4160 tis
183 4124 200 4160 o
214 4111 229 4160 b
242 4126 264 4172 e,
279 4119 364 4162 monte
377 4128 448 4165 unua
461 4117 515 4167 del.
530 4134 557 4168 o.
664 4118 835 4183 belligerandi
851 4119 876 4168 b.
981 4113 1110 4182 2⁵[v1]1².
1120 4113 1170 4165 2¹0
1184 4117 1260 4164 extr.

241 4187 387 4240 Litibaenm
400 4206 426 4242 o.
558 4195 591 4247 26
605 4210 630 4244 vi
643 4195 684 4245 lxt
694 4211 721 4244 a.
849 4195 883 4249 29
897 4201 985 4246 castra
999 4209 1025 4243 o.
1158 4206 1217 4242 sese
1234 4192 1259 4244 b.

246 4264 276 4317 31
293 4265 433 4331 degressus
446 4268 631 4337 Kreyssigtns,
646 4270 781 4336 digressus
794 4271 871 4324 codd.
