2692 4688
500 201 797 276 ...ue-

85 381 163 466 sint‚
187 383 308 450 dubium
330 400 390 447 nnn
413 393 479 461 θείς
501 383 623 447 sanauit
643 394 743 447 entem
765 382 874 447 dudum
889 379 997 446 Morus
1011 383 1054 447 ile
1069 381 1207 448 scriben-

85 491 153 555 dum
170 507 240 553 esse
254 484 409 551 iudicans:
436 492 551 568 ‘neque
574 485 672 549 nostri
694 485 830 570 langius,
854 505 942 568 qnam
961 505 1048 568 quem
1062 485 1101 550 ael
1116 485 1207 550 fine·

85 601 223 678 porrecta
238 589 302 652 loce
318 599 421 672 aperta
436 586 638 671 pertinebant,
655 586 797 651 cedentes
811 587 929 670 insequi
939 586 1105 653 auderent’.
1128 586 1208 654 Nul-

85 693 144 758 lum
161 691 240 757 enim
255 691 358 754 uitium
383 691 572 775 peruagstius
592 699 641 753 est
655 710 742 770 quam
757 688 922 773 particulse
936 689 1124 774 copuletiune
1139 711 1208 776 pen·

84 816 175 861 nerse
190 815 207 858 a
223 793 354 856 librariis
369 791 516 856 adiectae.
548 787 601 855 Sic
616 790 683 854 hor.
701 811 808 854 comm.
827 787 870 866 V,
887 788 940 868 18,
957 789 1025 856 316
1039 788 1139 876 Bang.
1157 813 1206 877 pr·

84 896 174 963 Leid.
192 916 239 981 pr.
257 891 341 959 Scsl.
359 892 459 957 Haun.
476 914 523 977 pr.
540 893 652 977 legitur
674 892 758 978 ‘ripa
774 902 872 955 autem
888 906 954 957 erat
967 895 1065 959 acutis
1081 894 1206 958 salibus

85 998 286 1085 praefixisqne
301 996 434 1070 mnnite',
451 1006 484 1061 et
497 995 529 1060 in
543 996 646 1059 codiee
661 995 823 1080 archetypo
838 993 895 1059 luit
911 992 990 1074 vll,
1005 992 1061 1070 62,
1084 993 1107 1060 8
1133 1002 1209 1060 ‘nu-

85 1113 217 1167 strorum
225 1099 351 1163 militum
363 1097 593 1181 uotorumque,
610 1092 698 1174 VIII,
715 1095 770 1175 27,
786 1097 808 1162 2
824 1095 1042 1163 ‘elIlomennm
1059 1109 1090 1162 et
1102 1108 1208 1163 exten*-

84 1225 153 1269 num
169 1199 472 1278 enumerationem,
490 1199 687 1283 similiterque
702 1198 799 1263 61661.
816 1199 869 1263 lib.
889 1196 950 1274 16,
971 1199 994 1264 2
1018 1211 1091 1265 ‘unt
1104 1210 1210 1265 nustn

84 1304 197 1371 auxilia
212 1313 266 1368 aut
280 1298 436 1367 Gallorum
452 1298 730 1382 Germanorumque
738 1297 760 1363 ³.
798 1296 900 1363 Verba
916 1311 1016 1365 eutem
1042 1310 1148 1385 ‘quen
1169 1301 1211 1367 61

83 1409 172 1472 finem
188 1402 336 1488 porrects'
351 1400 562 1483 coniungenda
575 1412 645 1465 sunt
659 1421 726 1465 enm
741 1399 835 1464 uerba
853 1401 1075 1484 ‘per-tinebant,
1095 1413 1128 1467 et
1141 1403 1210 1469 loen

83 1519 188 1594 apertu
203 1505 240 1570 ed
260 1504 390 1586 aliquem
412 1501 500 1564 6666
523 1513 664 1582 porrecta
678 1501 831 1584 pertinere
846 1501 950 1565 eodem
966 1502 1053 1566 mode
1068 1505 1212 1570 dicuntur

83 1620 173 1692 atque
188 1607 277 1691 paulo
292 1600 465 1688 666161)
482 1600 598 1667 ‘hostes
614 1600 645 1665 in
659 1602 747 1667 siluis
761 1601 854 1667 maisi
868 1601 987 1667 latere'.
1014 1600 1065 1667 Cl.
1084 1603 1208 1670 6661

83 1706 162 1789 VII,
189 1704 250 1786 69,
273 1706 293 1772 5
317 1705 472 1790 ‘legiones
492 1703 675 1788 apraesirlio
690 1715 780 1787 etque
793 1705 1013 1789 impedimentis
1027 1705 1209 1772 interclusas

83 1812 246 1877 maximnm
261 1810 373 1873 llumen
389 1805 578 1885 distinebnt',
595 1805 625 1869 b.
643 1805 704 1870 clu.
721 1804 749 1885 I,
766 1805 829 1882 65,
853 1805 870 1869 1
894 1813 983 1890 ‘quus
998 1807 1048 1873 uti
1062 1809 1209 1875 Afranius

83 1914 185 2000 procul
201 1913 284 1977 nisus
299 1932 366 1975 cum
380 1907 504 1977 Petreio
518 1906 700 1992 compens,
716 1906 771 1987 82,
787 1906 810 1970 1
826 1908 908 1973 ‘linc
921 1909 994 1977 dues
1009 1921 1112 1993 perles
1126 1910 1209 1977 selu

84 2015 270 2101 occupabunt
291 2014 387 2087 dune,
412 2011 504 2076 tertie
527 2011 655 2077 necabat
676 2013 713 2076 sd
729 2010 883 2075 incursum
898 2021 990 2095 utque
1004 2013 1142 2096 impetum
1157 2032 1210 2077 re·

83 2118 178 2197 licta'q
204 2114 271 2181 Cic.
288 2136 343 2201 pru
358 2112 437 2179 1166.
454 2113 539 2198 perl.
563 2133 618 2178 reu
632 2112 667 2191 7,
681 2112 723 2178 21
749 2120 868 2176 ‘ulrum
890 2113 1037 2177 inclusum
1052 2124 1141 2196 alque
1154 2113 1210 2179 ul·

85 2222 177 2287 ditum
192 2220 290 2284 lutere
303 2218 337 2282 in
351 2214 492 2290 ceculto',
516 2216 553 2280 16
568 2236 654 2299 pren.
671 2236 758 2279 cuns.
775 2214 815 2291 4,
838 2212 860 2279 6
884 2221 968 2279 ‘cum
984 2213 1208 2281 Mithridaticus

83 2326 212 2411 impetis
235 2331 387 2403 telumque
408 2314 539 2381 Pontum
560 2326 708 2380 armatum
734 2317 903 2383 ceruicibus
924 2318 1122 2383 interclusum
1143 2318 1207 2383 suis

83 2421 293 2492 sustinerent'.

170 2522 209 2589 C.
226 2521 288 2599 21,
311 2517 334 2583 1
348 2530 418 2584 ente
431 2517 541 2583 Alium
555 2519 601 2584 sic
616 2519 777 2585 edebatnr=
812 2518 948 2604 ‘Quibus
961 2523 1101 2589 omnibus
1114 2523 1208 2589 66161

84 2624 211 2713 permoti
226 2622 342 2707 equites
358 2620 509 2698 Treueri,
533 2641 658 2702 quorum
673 2622 755 2687 inter
769 2620 874 2689 Gallus
897 2627 1016 2691 uirtutis
1038 2626 1139 2709 apiniu
1159 2635 1209 2691 est

83 2725 263 2814 singularis,
286 2723 336 2807 qni
359 2720 466 2787 auxilii
482 2743 576 2786 eausa
590 2724 627 2788 ab
643 2723 765 2789 ciuitate
780 2727 817 2789 61
834 2723 1000 2793 Caesarem
1015 2727 1100 2793 missi
1116 2748 1209 2795 6666-

83 2842 168 2910 rent,
181 2850 248 2895 cum
264 2826 454 2891 multitudine
469 2824 598 2891 hostium
614 2836 714 2890 castra
727 2837 833 2892 nostre
847 2815 1012 2915 compleri,
1028 2831 1209 2897 66616616-

83 2934 189 3020 giones
204 2929 297 3016 premi
313 2948 349 2994 uc
365 2948 460 3014 paene
475 2928 696 2992 circumuentas
711 2929 820 3008 teneri,
837 2932 972 3006 calones,
989 2933 1122 3020 equites,
1140 2934 1209 2997 lun·

83 3037 214 3112 litores,
237 3029 385 3096 Numidas
401 3033 537 3096 diuersus
557 3029 776 3113 dissipatosque
797 3033 829 3097 in
852 3054 956 3099 omnes
978 3045 1080 3118 partes
1102 3034 1208 3118 lugens
1246 3036 1248 3041 ’

82 3138 242 3212 uidissent,
260 3134 424 3219 desperatis
440 3132 553 3197 nostris
568 3132 659 3197 rebus
674 3132 792 3198 domum
808 3136 1038 3201 contenderunt'
1055 3147 1127 3202 ceu.
1151 3135 1208 3201 Al·

84 3239 138 3304 ulus
156 3237 328 3313 ‘nostras'‚
352 3235 430 3317 qued
445 3245 516 3300 ante
541 3234 711 3319 ‘legiones'
735 3237 857 3321 legitur,
882 3238 983 3303 amisit
1002 3249 1125 3303 secutus
1138 3239 1207 3305 sine

83 3339 172 3407 16616
187 3338 320 3404 culicem
335 3336 531 3419 interpolatae
547 3337 693 3414 familiae,
719 3359 786 3401 cum
810 3359 907 3422 neqne
928 3341 959 3404 in
974 3337 1077 3404 IInnn.
1102 3361 1149 3425 pr.
1174 3350 1208 3405 et

84 3442 177 3508 Vinrl.
195 3461 241 3526 pr.
265 3457 301 3503 eu
316 3456 378 3500 nux
398 3447 496 3514 extet,
513 3458 609 3520 neque
625 3458 666 3501 ex
679 3439 803 3522 reliquis
818 3441 950 3505 eiusdem
966 3442 1097 3507 familiae
1111 3461 1207 3506 ennu-

83 3555 175 3610 tetur.
208 3538 312 3606 Secnti
327 3549 398 3604 sunt
412 3539 533 3622 reliqui.
565 3537 717 3605 Videbunt
730 3540 808 3605 enim
825 3563 887 3607 666
900 3542 1056 3610 Remum
1069 3543 1206 3627 legiones

84 3643 214 3710 discerni
228 3642 266 3707 ab
281 3642 348 3707 eliis
363 3640 549 3727 legionibus,
570 3642 608 3706 16
623 3641 731 3728 quibus
746 3661 784 3706 ne
799 3644 927 3729 cogitari
941 3646 1059 3729 quidem
1074 3654 1205 3728 peteret,

83 3748 137 3814 sel
147 3746 282 3831 legiones
297 3766 317 3810 e
331 3743 497 3821 calonibus,
514 3744 662 3829 equitibus
676 3743 859 3830 reliquisque
874 3749 978 3832 copiis.
1000 3744 1207 3812 Schneiderus

82 3871 157 3915 uero
175 3858 314 3913 ‘nostras
329 3845 480 3931 legiones'
499 3847 633 3912 restituit
646 3857 735 3931 etque
749 3848 790 3913 ils
807 3849 960 3933 aptissime
974 3848 1137 3932 significari
1152 3870 1208 3933 pu·

83 3953 160 4019 lauit
171 3951 326 4016 Treueros
336 3948 543 4014 Ilcmannrum
559 3949 743 4032 potissimum
759 3971 822 4029 res,
840 3952 891 4035 qui
906 3951 993 4035 lunge
1007 3949 1067 4015 ali·
1083 3951 1208 4016 formu

82 4055 127 4121 nti
142 4064 359 4132 consuessent,
375 4052 450 4116 6166
465 4051 591 4116 afflictas
608 4052 732 4117 miratos
749 4073 828 4117 esse.
875 4050 937 4118 sea
952 4074 987 4118 ea
1001 4053 1154 4122 sententis
1168 4053 1207 4118 ub

84 4159 142 4225 noc
156 4159 223 4223 lccc
238 4157 369 4221 numme
384 4155 482 4219 aliena
497 4165 555 4220 est.
590 4151 701 4238 Neque
715 4156 795 4219 enim
810 4155 878 4219 ideo
893 4156 1048 4240 fugiebant
1061 4155 1205 4235 Treueri,

84 4262 161 4348 quoi
176 4261 211 4343 ii,
227 4259 278 4346 qni
292 4258 512 4345 affligebantur,
529 4255 769 4336 humaniorem,
787 4257 872 4340 quasi
884 4259 1052 4324 remansuri
1063 4260 1205 4336 luissent,
