2692 4688
426 201 566 273 COMM.
581 202 599 269 l
613 200 709 271 CAP.
725 202 880 273 32-85.
1212 206 1275 277 stt

95 378 160 465 qati
173 376 378 455 mitterentur,
396 375 442 440 bis
458 377 668 441 auctoritatem
682 375 805 441 attribui
820 377 1016 460 timoremque
1029 395 1153 458 eomas,
1168 381 1218 463 qui

95 483 266 559 mitterent,
283 479 458 563 significari.
488 478 606 545 Tenuis
621 490 711 563 atque
725 480 835 545 inbrmi
850 481 926 545 baon
939 479 1031 544 animi
1046 480 1152 545 uideri.
1177 479 1220 549 Se

98 606 193 664 men,
214 596 248 649 ut
262 583 404 666 operibus
419 583 536 647 anteire
550 582 719 660 studuerit,
743 583 788 647 sic
803 582 917 648 iustitia
933 596 965 647 et
978 584 1128 666 aequitate
1142 585 1220 649 uelle

98 707 256 773 comeare.
286 682 402 749 Probat
415 706 480 749 rem
495 695 619 751 senatus
635 686 671 750 de
687 685 840 749 mittendis
854 685 981 769 legatis3
998 687 1070 764 sed,
1087 686 1136 769 qui
1151 687 1219 750 nait·
1231 686 1277 759 88

62 802 89 857 t.
100 800 250 869 tenentur,
268 810 329 855 nou
338 785 574 872 reperiebantur,
591 788 781 871 maximeque
790 788 905 853 timoris
921 808 1010 853 causo
1025 811 1080 875 pro
1092 810 1127 855 sa
1140 791 1222 873 quis·

101 914 160 978 qna
173 893 202 957 iul
219 911 327 957 munus
343 891 501 975 legationis
515 889 683 953 recusabat.
727 888 890 973 Pompeius
911 891 990 955 enim
1010 892 1169 957 discedens
1183 893 1221 958 ab
1235 891 1258 959 2

99 996 175 1061 urbe
189 995 221 1061 in
235 1004 345 1059 senatu
367 994 488 1058 dixerat
507 993 612 1057 eodem
632 1012 667 1057 se
682 992 852 1058 habiturum
867 994 954 1069 loeo,
978 994 1027 1076 qui
1042 992 1159 1059 llomae
1173 1017 1222 1061 ra·

99 1097 285 1165 mansissent
299 1107 331 1163 et
345 1096 396 1179 qui
410 1096 441 1161 in
457 1096 567 1159 castris
582 1092 725 1159 Caesaris
741 1096 880 1161 luissent.
912 1092 964 1160 Sic
980 1097 1109 1161 triduum
1120 1096 1257 1180 dison-⁸

100 1200 265 1265 talionibus
281 1197 587 1280 excusationibusque
602 1198 781 1263 extrahitur.
820 1196 976 1264 subicitur
990 1199 1079 1263 etiam
1095 1196 1135 1263 L.
1151 1198 1221 1264 Me·

44 1314 78 1371 tt
100 1304 203 1381 tellus,
221 1301 357 1367 tribunus
373 1300 481 1385 plebis,
498 1299 535 1363 ab
550 1300 680 1364 inimicis
690 1295 844 1379 Caesaris,
862 1304 910 1385 qui
920 1301 995 1363 lianc
1004 1323 1066 1365 rem
1076 1301 1223 1366 distrabat

100 1406 292 1487 reliquaeque
312 1424 383 1481 res,
407 1422 605 1484 quoscumque
626 1423 719 1485 agere
739 1402 922 1481 instituerit,
945 1404 1096 1486 impediat.
1128 1400 1259 1468 Gnissi

102 1506 225 1591 cognito
240 1506 365 1571 consilio
381 1501 497 1569 Caesar
514 1506 624 1569 trustra
640 1505 744 1570 diebus
758 1505 872 1587 aliquot
885 1507 1081 1590 consumptis,
1098 1526 1137 1571 ne
1151 1506 1223 1570 reli·

102 1630 191 1694 qnum
209 1608 465 1693 temperandum,
482 1607 665 1683 inseruistis,
683 1627 760 1690 quae
771 1629 861 1692 ogere
869 1609 1085 1687 destinauerat,
1103 1608 1223 1674 aburbe

103 1710 302 1796 proficiscitur
315 1722 405 1793 atque
420 1711 451 1775 in
466 1709 641 1776 ulteriorem
657 1707 785 1775 Galliam
802 1711 949 1794 peruenit.
996 1707 1064 1792 Quo
1086 1732 1153 1775 cnm
1169 1733 1222 1775 ue·
1235 1708 1281 1781 Μ

48 1825 80 1879 ts
102 1813 210 1891 nisset,
227 1812 384 1897 cognoscit
397 1812 520 1877 missum
535 1832 553 1875 a
567 1810 710 1895 Pompeio
727 1809 888 1876 Vibullium
904 1811 1034 1890 linium,
1051 1833 1138 1895 quem
1153 1833 1225 1896 pau·

104 1917 150 1981 cis
171 1927 242 1979 aute
266 1914 369 1983 diebus
384 1912 518 1978 Corfinio
541 1926 657 1997 captum
684 1915 749 1997 ipse
771 1915 941 1993 dimiseram
966 1916 1130 2000 proiectum
1153 1917 1262 1981 item2

107 2016 269 2084 Domitium
291 2016 328 2081 ad
354 2017 553 2101 aucupandam
574 2014 743 2081 Massiliam
772 2017 897 2081 nauibus
926 2018 1069 2080 actuariis
1089 2029 1223 2101 septem,

107 2141 183 2205 quas
198 2116 264 2204 lqili
280 2127 312 2183 et
325 2118 356 2182 in
370 2114 493 2184 Cosuuo
508 2141 526 2184 a
542 2119 668 2202 priuatis
683 2129 805 2184 coactos
820 2117 940 2194 seruis,
957 2119 1092 2196 libertis,
1109 2120 1225 2184 colonis

105 2223 171 2289 suis
185 2221 404 2307 compleueratq
429 2222 610 2306 praemissos
633 2221 723 2285 etiam
738 2220 854 2301 legutos
869 2216 1080 2283 Massilienses
1095 2221 1225 2297 domum,
1242 2220 1262 2285 3

47 2336 83 2395 2⁰
106 2324 224 2391 nobiles
238 2322 467 2403 adulescentes,
493 2346 569 2407 qnos
592 2323 629 2386 ab
651 2323 724 2387 urbe
747 2321 903 2387 discedens
918 2317 1080 2403 Pompeius
1095 2333 1162 2384 erat
1175 2322 1227 2385 ad-

108 2427 264 2504 hortatus,
288 2447 328 2493 nn
349 2448 429 2491 noua
446 2422 590 2491 Caesarris
613 2426 708 2490 officia
730 2436 865 2489 ueterum
881 2444 1002 2489 suorunr
1017 2422 1228 2489 beneficiorum

107 2530 140 2595 in
155 2549 209 2595 eos
222 2529 397 2597 aenariam
420 2529 616 2613 expellerent.
655 2525 774 2609 Quibus
797 2527 942 2593 mundatis
965 2527 1095 2614 acceptis
1115 2525 1265 2594 Massi-l

107 2632 219 2703 lienses
235 2640 338 2716 portus
353 2628 481 2697 Caesari
496 2634 683 2708 clauseranta
700 2632 838 2709 Albicos,
855 2630 999 2694 barbaros
1015 2631 1161 2706 homines,
1179 2633 1229 2715 qui

108 2736 141 2801 in
157 2754 261 2801 eorum
277 2734 334 2799 uto
349 2733 513 2817 antiquitus
536 2744 624 2798 erant
637 2746 812 2816 montesque
826 2753 917 2817 supro
932 2730 1101 2795 Massiliam
1116 2734 1231 2797 inrnlc·

52 2849 86 2905 stt
108 2836 201 2915 bant,
224 2837 261 2903 ad
277 2857 311 2901 se
327 2847 530 2914 uocauerant5
555 2838 734 2901 frumentum
751 2856 789 2899 ex
806 2834 940 2901 linitimis
954 2833 1127 2916 regionibus
1143 2832 1266 2916 atqnob

111 2960 153 3006 ex
168 2938 306 3004 omnibus
320 2939 452 3003 castellis
473 2939 504 3005 in
520 2938 623 3003 urbem
639 2949 863 3016 conuexerautq
887 2956 1037 3001 armornm
1053 2935 1185 2999 officinas
1200 2935 1233 2999 in

113 3041 188 3107 urbe
201 3041 414 3122 instituerant3
430 3062 545 3122 muros,
563 3052 678 3126 portas,
695 3040 822 3105 classem
837 3037 1022 3105 reficiebant.
1058 3034 1180 3102 Euocat
1192 3039 1231 3105 ad
1245 3037 1290 3110 85

226 3302 236 3352 l
252 3299 294 3352 bis
305 3314 324 3350 ο
335 3298 395 3354 add.
410 3305 475 3352 asts
487 3299 589 3351 Alduar
596 3339 604 3366 ‚
619 3300 652 3352 lla
665 3298 752 3351 Aldus
766 3314 793 3349 u.
940 3296 1062 3348 attribuit
1074 3313 1091 3348 c
1101 3298 1125 3348 b.

113 3376 294 3443 briqnlbaars
306 3391 322 3426 a
332 3376 356 3426 b.
496 3391 525 3428 so
539 3376 611 3443 raro]
625 3376 666 3428 sin
678 3392 739 3426 eom
752 3391 766 3425 o
779 3388 861 3440 asper
872 3390 889 3425 a
902 3388 928 3424 a.
1051 3373 1066 3424 3
1081 3372 1172 3439 opibus
1184 3388 1233 3425 cs.

224 3454 324 3505 anteire
336 3454 383 3517 cd,
399 3456 494 3506 anteiri
505 3457 553 3506 ab.
660 3454 697 3520 et]
712 3462 789 3520 atque
804 3453 828 3503 b.
952 3451 1195 3520 buppericbuntnr
1206 3468 1233 3504 a.

225 3530 242 3582 i
254 3533 371 3582 excusati
385 3532 554 3597 omnibusque
566 3548 592 3595 n,
607 3532 775 3597 omnibusque
789 3531 814 3580 b.
959 3530 988 3581 ll
1004 3543 1169 3596 quascunque
1183 3526 1234 3593 (a).

228 3608 371 3662 lbanittnt
383 3625 441 3674 ego,
457 3611 543 3660 mittut
555 3626 572 3661 c
582 3611 611 3672 b‚·
626 3614 764 3660 omittatur.
870 3604 975 3656 iniectis
989 3606 1012 3656 ls
1024 3622 1051 3656 a.
1158 3605 1237 3658 llat-

116 3687 178 3756 que]
191 3694 219 3738 at
232 3687 257 3738 b.
362 3689 622 3753 comperuenissetb.
730 3689 761 3738 lb
773 3686 880 3736 missurn
894 3684 970 3748 obe,
985 3686 1092 3734 mlssnm
1105 3684 1131 3732 ln
1145 3682 1237 3750 lllspa-

116 3765 314 3818 aiamAldnau.
329 3764 360 3815 Ρ.
371 3764 429 3816 ldb.
535 3763 674 3814 Vibellium
686 3777 712 3826 a,
727 3761 863 3813 lnbatlinun
876 3775 890 3809 a
902 3765 931 3809 at
943 3760 1154 3810 alterumutrum
1164 3760 1235 3813 ‘msa

113 3844 259 3913 plcriqna’.
384 3843 416 3894 tt
429 3843 603 3908 occupandum
617 3841 656 3907 (s)
671 3842 744 3892 ‘msc
757 3836 898 3906 plerr'qus’,
913 3837 1089 3904 occupandum
1102 3850 1128 3887 as.

118 3923 152 3975 ts
163 3920 240 3985 Sigili
254 3920 326 3983 acal,
343 3919 428 3985 sigilli
442 3921 473 3980 t,·
489 3918 556 3983 lqilii
570 3934 596 3968 o.
704 3914 805 3966 Casnoo
818 3930 845 3977 a,
859 3913 960 3965 Cosano
976 3914 1000 3964 b.
1124 3914 1156 3967 ts
1168 3910 1238 3967 Maa-

117 4000 281 4053 siliensosa.
386 3997 657 4051 lbadnlcseentesc.
778 3991 1032 4049 22Moxilienseau.
1149 3994 1239 4048 ml·

118 4080 206 4131 biccos
220 4092 246 4127 a.
387 4078 421 4130 25
433 4084 510 4142 atque
524 4075 549 4124 in
562 4073 679 4127 omnibns
694 4087 711 4122 a
721 4072 745 4122 b.
868 4070 902 4128 26
915 4071 1030 4123 officinas
1044 4071 1070 4121 ln
1083 4072 1172 4122 urbem
1185 4072 1235 4122 ab.

226 4154 260 4209 bl
274 4153 455 4219 instituerunt]
468 4160 611 4204 euenerunt
624 4167 659 4201 m.
672 4164 715 4216 pr.
730 4166 757 4201 a.
890 4159 980 4217 portas
994 4152 1105 4204 classem
1119 4166 1141 4213 c,
1155 4148 1237 4218 portis

119 4231 275 4295 alacrem,
288 4240 377 4298 ponas
391 4230 515 4282 claustris
528 4230 562 4292 bf
574 4227 685 4280 classem
698 4234 786 4294 portas
798 4241 826 4278 u.
