2684 4694
505 200 810 270 ...up-

100 373 200 440 lneum
215 374 301 458 petit,
318 392 376 457 qno
390 391 485 439 mnes
500 375 608 460 appelli
622 373 775 441 iussernt’.
793 373 842 440 llo
856 396 923 440 euna
936 378 1082 457 uenisset,
1099 399 1224 463 oppres·

101 478 146 544 sis
162 477 291 541 hosden
305 477 548 560 exploratoribus
570 477 711 544 celeriter
732 478 837 563 copiae
858 479 1073 544 tramittuntnr.
1119 477 1226 565 Pergit

102 576 223 647 Caesar
237 581 280 663 (c.
297 575 352 656 61,
370 578 424 661 3)e
450 577 534 644 ‘Vno
548 581 611 644 lere
626 590 760 665 tempore
774 579 831 645 sub
845 580 943 644 lucem
956 581 1088 646 hostibus
1103 584 1224 648 nuntia·

102 681 200 747 turin
214 680 325 745 castris
346 679 551 745 Romanorum
574 692 695 764 praeter
716 681 961 747 consuetudinem
977 683 1167 761 tumultuari,
1193 695 1227 749 et

102 804 241 869 magnum
255 784 302 849 ire
317 803 424 867 egenen
435 784 564 847 aduerso
580 784 699 848 llnmiue
714 785 905 868 sonitumque
921 806 1069 848 remorum
1078 784 1109 848 in
1122 786 1225 851 eadem

101 897 188 971 perte
202 884 352 963 emnem,
377 895 409 948 et
424 886 511 969 paulo
526 885 604 950 infre
620 886 729 951 milites
744 889 965 972 transportari'.
989 885 1094 970 ltaque
1109 887 1233 967 bostar,¹

101 1010 169 1053 cum
185 985 279 1053 trlbus
294 986 369 1051 loeis
388 987 543 1053 llomnnes
558 989 690 1055 mnnsire
705 989 937 1068 existimarent,
955 1011 1027 1053 snas
1043 1010 1159 1073 quoque
1174 1012 1227 1055 co-

102 1091 168 1176 pies
183 1091 213 1154 in
229 1100 293 1155 tres
304 1101 406 1175 partes
416 1091 645 1171 distribuerunt,
663 1112 804 1175 quaeres
819 1113 856 1156 eo
872 1092 952 1170 loco,
969 1093 1007 1156 de
1021 1112 1080 1175 qno
1095 1093 1225 1176 agimus,

103 1214 133 1257 e.
148 1189 207 1270 61,-
220 1190 254 1271 5,
271 1193 460 1259 dederetur:
494 1191 584 1257 ‘Nam
602 1195 751 1277 praesidio
766 1216 782 1259 e
797 1194 922 1280 regione
937 1204 1104 1259 castrorum
1121 1196 1227 1259 relicto

104 1305 134 1359 et
150 1316 244 1379 parua
258 1316 349 1360 mann
363 1294 563 1360 Metiosedum
578 1316 686 1360 uersum
702 1298 813 1375 missa,
831 1319 907 1381 quae
923 1309 1037 1362 matum
1053 1298 1228 1382 progredia-

104 1407 167 1474 tur,
184 1408 325 1480 meantum
339 1417 433 1461 naues
443 1397 673 1481 processissent,
691 1398 821 1481 reliquas
833 1401 934 1482 copim
945 1399 1227 1465 eontrnLabiennm

107 1499 277 1565 duxerunt'.
316 1498 375 1562 llic
392 1498 524 1563 Vbertus
545 1511 628 1564 reete
650 1522 703 1564 ecs
725 1501 935 1584 reprehendit,
959 1503 1008 1585 qni
1024 1501 1226 1567 Metiosedum

104 1603 184 1667 inlrn
198 1600 352 1667 Lutetiam
368 1605 489 1688 propius
505 1623 587 1667 mare
603 1603 731 1687 pesitum
748 1603 843 1667 luisse
859 1603 1121 1668 existimauerunt.
1145 1603 1226 1668 Nam

105 1703 133 1767 si
148 1725 184 1768 ea
198 1726 268 1788 pars
284 1704 430 1783 bostium,
448 1725 524 1787 qnae
539 1702 738 1768 Metiosedum
755 1726 864 1770 uersus
880 1703 1070 1778 mittebatur,
1094 1706 1227 1769 meando

104 1808 225 1872 flumine
241 1808 375 1890 prolecta
390 1819 484 1884 esset,
501 1807 531 1869 ir
544 1808 668 1870 eandem
683 1819 797 1890 partem
808 1808 884 1871 isset
898 1828 963 1871 enm
979 1808 1103 1890 reliquis
1119 1809 1225 1892 copiis,

103 1930 181 1992 pone
197 1920 303 1973 eontra
315 1907 484 1973 Labienum
500 1908 696 1973 ducebantur.
742 1907 847 1991 ltaque
868 1910 944 1973 hane
959 1930 1080 1993 paruam
1098 1913 1227 1976 bostium

104 2033 226 2077 menum
242 2012 371 2074 aduerso
387 2011 506 2073 llnnrine
519 2013 681 2094 prolectam
698 2031 767 2074 esse
784 2023 906 2093 apparet
921 2013 957 2075 ad
974 2013 1105 2097 quinque
1120 2015 1228 2079 celtor-

104 2124 173 2187 tes‚
198 2133 276 2195 qnae
298 2133 335 2175 ee
351 2111 459 2176 itinere
481 2108 650 2174 aLabieno
671 2133 739 2174 rum
760 2112 976 2195 impedimentis
996 2117 1106 2180 missae
1127 2131 1226 2197 erant,

105 2215 347 2300 persequendase
365 2225 397 2277 et
411 2233 516 2290 naues,
534 2234 610 2295 quae
626 2213 673 2276 hie
689 2225 970 2292 commemorantur,
989 2236 1042 2279 eae
1053 2217 1230 2303 intellegen-

106 2318 162 2383 dne
177 2327 266 2395 sunt,
291 2338 364 2401 ques
380 2312 498 2381 Caesar
520 2313 579 2395 60,
603 2315 625 2379 4
646 2317 754 2380 lintres
769 2318 982 2401 appellauerat.
1026 2315 1140 2382 Verum
1163 2340 1231 2383 eum

106 2418 243 2497 Caesar,
273 2442 359 2502 mem
386 2421 417 2484 in
440 2429 554 2503 partem
577 2418 651 2484 haee
674 2417 827 2483 Gallorum
850 2441 957 2484 manus
978 2422 1114 2504 prolecta
1136 2431 1230 2500 esset,
1266 2462 1269 2466 ι

106 2524 276 2609 significare
292 2522 402 2599 uellet,
426 2521 600 2585 incredibile
622 2533 671 2585 eat
691 2542 758 2585 enm
780 2521 836 2584 bne
851 2524 995 2585 eiusmodi
1011 2523 1118 2608 oppido
1133 2523 1232 2607 posito

106 2626 307 2710 significasse,
324 2625 401 2708 quod
415 2624 584 2706 legentibus
601 2624 687 2707 plena
702 2634 786 2688 esset
799 2625 953 2705 ignotum,
971 2626 1146 2710 praesertim
1163 2647 1231 2689 eum

107 2751 136 2793 e.
155 2727 216 2806 58,
238 2727 261 2790 2
274 2737 305 2790 et
318 2723 340 2789 6
354 2737 386 2790 et
399 2723 460 2803 60,
484 2725 501 2788 1
525 2726 604 2790 aliud
626 2726 765 2810 oppidum
786 2727 818 2789 in
838 2727 944 2790 eadem
962 2730 1087 2812 regione
1103 2729 1231 2811 positum

107 2839 372 2895 commemorasset
386 2829 509 2912 eiusque
524 2829 613 2892 situm
629 2840 772 2905 accurate
786 2829 984 2894 declarasset.
1026 2826 1132 2910 ltaque
1147 2839 1233 2893 recte

108 2930 247 3016 Scaliger
260 2943 292 2996 et
308 2930 440 2996 Vkertus
455 2931 532 2994 idern
549 2931 598 2994 bie
619 2932 757 3016 oppidum
783 2933 910 3017 positum
933 2931 1026 2994 luisse
1048 2940 1230 3008 statuerunt,

107 3037 185 3118 qnod
200 3035 260 3099 illis
275 3035 349 3097 locis
364 3042 432 3096 erat
446 3032 647 3109 nominatum,
671 3035 723 3096 sed
739 3029 878 3117 Scaliger
899 3034 1097 3115 interpolatos
1113 3031 1232 3096 codices

107 3149 229 3202 secutus
244 3146 303 3213 est,
321 3156 376 3198 nos
393 3156 459 3197 curn
473 3132 591 3196 Vkerto
608 3135 768 3196 secundum
785 3155 831 3212 ea,
850 3153 925 3217 qnae
941 3154 1030 3217 supra
1047 3134 1235 3197 demonstra·

108 3241 217 3316 nimum,
234 3235 429 3302 Melndunnm
445 3235 649 3299 restituemus.
681 3232 789 3317 Neque
805 3236 834 3298 id
849 3246 963 3299 temere
979 3237 1115 3301 iacimus.
1152 3235 1233 3300 Nam

108 3364 176 3406 eum
191 3364 220 3404 c.
238 3338 292 3417 60,
312 3337 441 3423 lBong.
459 3359 505 3422 pr.
524 3358 591 3401 cunr
607 3336 795 3420 interpolatis
813 3334 1005 3402 ‘Metiosedo’
1021 3341 1166 3424 scriptum
1181 3340 1234 3403 ba·

108 3443 195 3519 beat,
218 3453 301 3505 certo
323 3461 360 3505 ea
384 3461 434 3504 res
457 3439 569 3503 indicio
590 3449 640 3504 est
658 3438 718 3501 iam
741 3438 771 3502 in
795 3440 898 3504 codice
913 3443 1076 3527 arclrctypo
1092 3444 1120 3507 ei
1135 3442 1234 3527 oppidi

109 3545 241 3622 nomini,
266 3545 344 3627 qnod
359 3539 476 3609 Caesar
490 3553 650 3629 posuerat,
675 3541 754 3605 eliud
771 3543 863 3606 luisse
878 3543 1053 3626 ascriptum.
1091 3540 1126 3609 ld
1141 3546 1236 3628 igitur

111 3658 144 3712 ut
157 3648 283 3729 reliquia
298 3645 374 3711 locis
389 3668 489 3710 ueram
505 3647 683 3730 scripturam
704 3645 736 3709 in
760 3656 844 3729 parte
859 3644 993 3708 codicum
1010 3648 1142 3730 expolit,
1166 3648 1235 3730 quid

110 3750 216 3813 mirum
233 3759 292 3826 cst,
311 3750 388 3832 qued
404 3770 431 3812 c.
448 3748 503 3828 61,
520 3747 540 3812 5
556 3749 632 3812 idem
648 3749 680 3811 in
696 3747 832 3811 omnibus
848 3749 935 3810 codd.
954 3748 1063 3811 lactum
1080 3752 1147 3813 esti
1173 3748 1235 3814 Sed

110 3873 186 3935 quae
200 3872 293 3916 eausa
307 3852 408 3928 luerit,
425 3862 458 3915 nt
472 3873 525 3935 pro
532 3847 1088 3933 MelodnnoMetiosedumponeretur,
1106 3852 1235 3937 autquid

111 3955 169 4018 boc
183 3974 293 4018 nemen
308 3954 469 4037 significet,
486 3954 599 4016 neseio.
635 3950 828 4016 Melndunnm
845 3962 943 4014 auteur
960 3963 1079 4035 praeter
1093 3975 1141 4032 ea,
1158 3975 1237 4038 ques

111 4058 148 4122 de
162 4057 297 4121 codicum
313 4057 492 4120 anctoritate
507 4076 598 4139 supro
613 4056 742 4132 ostendi,
757 4054 823 4137 ipse
837 4053 899 4116 situ
916 4057 1152 4119 commendator.
1176 4055 1238 4120 Fae

112 4160 192 4224 enim
208 4160 236 4222 id
253 4160 409 4242 oppidum,
433 4157 509 4240 quod
532 4157 619 4220 bodie
643 4165 765 4219 uocatur
784 4153 910 4219 Melon:
932 4159 1015 4220 etin
1037 4158 1139 4222 itiner.
1157 4156 1239 4221 Ant,

112 4263 172 4326 iter
186 4259 310 4326 Lutetia
325 4260 510 4345 Agedieum,
536 4281 593 4342 quo
608 4257 763 4322 Labienus
778 4259 928 4341 profectus
944 4270 1011 4338 est,
1035 4261 1080 4323 sic
1096 4269 1240 4322 noteture
