2692 4688
25 192 91 262 att
429 193 488 263 DE
508 189 655 261 BELLO
676 187 866 259 eunuco
915 204 922 223 ⁴

48 364 150 430 irem
164 365 293 431 deierat.
325 363 390 430 llas
405 365 455 431 ille
470 365 501 430 in
517 366 615 431 iaculo
629 365 771 450 inligatas
786 364 874 430 effert
888 359 1030 428 etGallut
1045 357 1206 427 interGal·

48 465 69 531 b
85 466 131 533 los
145 468 211 533 sine
228 468 287 533 nlla
301 469 474 553 suspicione
489 479 626 533 uersatus
641 468 678 532 ad
694 462 858 532 Caesarem
873 465 1022 550 peruenit.
1050 462 1099 528 Ab
1114 484 1151 530 eo
1167 465 1204 530 tle

27 568 74 639 41
88 569 231 655 perieulis
246 565 404 636 Ciceronis
419 570 605 655 legionisque
621 569 823 654 cognoscitur.
870 563 987 632 Caesar
1008 567 1140 651 acceptis
1156 566 1205 631 lit·

85 673 159 737 teria
183 673 256 737 bora
277 673 400 737 circiter
420 683 458 738 xl
481 672 540 737 diei
562 673 664 738 statim
684 672 820 736 nuntium
842 670 873 734 in
895 666 1077 734 liellouacos
1099 669 1137 731 at
1156 665 1204 732 M.

85 770 231 841 Crassum
248 787 437 858 quaestorem
452 775 553 854 mittit,
570 775 654 840 cuius
670 775 795 839 hiberna
809 771 935 837 aberant
950 771 986 836 ab
1001 792 1038 834 eo
1048 772 1128 835 milia
1136 791 1206 856 pas·
1228 783 1244 832 τι

48 876 172 943 2snum
186 887 279 957 XXV3
303 876 386 942 iubet
407 877 503 943 media
526 889 615 942 noete
629 877 778 962 legionem
794 875 942 959 proficisci
958 875 1156 956 celeriterque
1170 873 1209 938 ad

49 977 122 1044 bae
137 980 253 1044 uenire.
285 978 362 1043 Exit
376 1002 444 1045 eum
460 980 563 1043 nuntio
579 976 723 1044 Crassus.
753 979 894 1043 Alterum
909 976 945 1040 ad
961 973 1068 1041 Gaium
1079 973 1208 1040 Fabium

86 1079 217 1166 legatum
233 1080 339 1160 mittit,
356 1083 436 1146 utin
451 1080 639 1147 Atrebatium
656 1082 731 1146 fines
747 1081 894 1165 legionem
911 1079 1054 1157 adducat,
1079 1099 1135 1162 qua
1150 1077 1209 1143 sibi

49 1181 148 1249 bitur
162 1184 329 1249 laciendum
344 1184 469 1250 sciebat.
510 1182 624 1249 Scribit
637 1183 793 1262 Labieno,
815 1184 841 1247 si
857 1180 1039 1266 reipublicae
1054 1180 1209 1245 commodo

88 1287 188 1352 lacere
203 1297 325 1372 posset,
347 1306 415 1352 eum
430 1288 549 1372 legione
564 1288 600 1352 al
617 1289 691 1352 lines
706 1285 890 1351 Neruiorum
907 1283 1020 1348 ueniat.
1052 1280 1212 1367 Reliquam
1236 1293 1270 1346 11

86 1399 203 1474 partem
219 1389 385 1467 exereitus,
403 1391 480 1472 quod
496 1390 583 1474 paulo
598 1391 703 1455 aberat
716 1388 848 1474 longius,
869 1406 929 1450 non
944 1395 1029 1470 putat
1044 1396 1209 1469 expectan-

90 1490 176 1569 tlarug
194 1490 311 1573 equites
326 1491 448 1555 circiter
462 1492 697 1575 quadringentos
715 1513 757 1556 ex
771 1489 917 1575 proximis
931 1487 1065 1552 bibernis
1081 1487 1206 1574 colligit.

12 1590 77 1661 ’47
91 1590 177 1657 liora
198 1591 320 1656 circiter
341 1594 430 1656 tertia
453 1594 490 1658 ab
516 1593 762 1658 antecursoribus
778 1593 814 1656 de
830 1586 935 1655 Crassi
952 1590 1083 1655 aduentu
1098 1589 1212 1657 certior

52 1692 188 1759 2lactus
204 1714 241 1758 eo
257 1694 304 1758 elie
320 1694 401 1758 milia
415 1715 555 1779 passuum
571 1706 623 1760 xx
638 1695 783 1782 procedit.
815 1691 960 1760 Crassum
977 1690 1211 1759 Samarobriuae

89 1795 226 1882 praeficit
246 1796 452 1881 legionemque
472 1797 627 1877 attribuit,
651 1797 789 1882 quodibi
811 1796 1022 1881 impedimenta
1043 1795 1210 1874 exereitus,
1236 1805 1269 1858 tt

90 1896 210 1963 obsides
227 1898 394 1977 ciuitatum,
412 1899 532 1965 litteras
547 1901 681 1986 publicas
697 1902 934 1983 frumentumque
949 1918 1057 1976 omne,
1081 1897 1160 1982 quod
1175 1917 1212 1962 eo

54 1995 76 2063 1
91 1999 264 2066 tolerandae
280 2000 385 2066 biennis
401 2020 493 2067 causa
509 2003 685 2083 deuexerat,
702 2003 899 2087 relinquebat.
927 1999 1053 2080 Fabius,
1070 2009 1105 2065 ut
1118 2000 1213 2086 impe-

90 2111 189 2168 ratum
206 2115 283 2183 erat,
301 2104 419 2170 nonita
433 2107 556 2170 multum
572 2116 707 2171 moratus
722 2106 754 2170 in
770 2105 878 2170 itinere
893 2126 957 2168 cum
974 2104 1094 2190 legione
1104 2121 1213 2167 occur-
1266 2102 1270 2120 '

55 2203 143 2271 trit.
183 2203 339 2272 Labienus
360 2207 485 2274 interitu
501 2205 606 2273 Sabini
627 2219 659 2274 et
680 2209 772 2274 caede
796 2208 960 2272 cohortium
977 2206 1114 2292 cognita,
1141 2224 1210 2268 euna

90 2327 195 2375 omnes
210 2309 247 2374 atl
262 2330 328 2374 eum
343 2309 545 2376 Treuerorum
561 2311 665 2396 copiae
681 2311 849 2389 uenissent,
865 2311 1001 2388 ueritus,
1017 2309 1045 2374 si
1058 2309 1102 2372 ex‘
1112 2305 1212 2370 biber·
1233 2316 1270 2372 2⁰

38 2436 43 2447 ·
90 2410 139 2477 nis
154 2413 242 2495 fugae
257 2412 383 2477 similem
399 2414 612 2497 protectionem
629 2414 770 2492 iecisset,
795 2423 829 2476 nt
851 2412 979 2477 bostium
1004 2412 1144 2495 impetum
1159 2428 1214 2473 sn·

92 2512 206 2576 stinere
222 2525 335 2596 posset,
352 2516 528 2598 praesertim
544 2537 618 2600 qnos
633 2516 749 2580 recenti
764 2516 892 2579 uictoria
907 2513 1010 2586 elierri
1024 2512 1137 2591 sciret,
1162 2512 1215 2576 lit·

56 2611 77 2677 b
93 2623 173 2678 teras
190 2608 316 2678 Caesari
331 2616 476 2692 remittit,
502 2628 613 2699 quanto
630 2640 694 2682 cum
710 2620 842 2703 periculo
857 2619 1006 2703 legionem
1022 2636 1063 2680 ex
1078 2613 1211 2680 bibernis

93 2715 257 2782 educturus
273 2729 367 2799 esset,
384 2737 446 2782 rem
455 2730 570 2804 gestam
585 2720 616 2786 in
624 2718 817 2785 Eburonibus
825 2719 995 2806 perscribit,
1013 2717 1212 2783 docetomnes

199 2941 384 3010 lpcrlccatb.
488 2946 714 3000 inomcbedc.
820 2947 984 3012 inligatasc.
1099 2942 1215 2995 οἷοι-11

92 3016 232 3085 ‘plerique’
245 3023 274 3070 et
284 3035 338 3071 acc.
352 3016 428 3073 ij
439 3021 499 3090 (pr.
514 3022 617 3089 inient),
631 3023 707 3076 all'ert
719 3037 736 3074 ο
748 3021 787 3091 (ιί
799 3023 868 3089 adl.)
882 3023 956 3074 bdc.
1060 3021 1076 3075 1
1089 3019 1214 3088 pctiealls

88 3094 145 3148 Ac
152 3093 179 3145 Β
192 3094 307 3161 ‘alitque
317 3097 421 3162 plom’
435 3099 475 3167 (a)
487 3118 502 3151 c
512 3105 541 3150 ct
551 3114 587 3165 ιι,
600 3116 659 3151 cem
666 3102 772 3168 fim'scct
783 3099 909 3167 peniculo.
1014 3098 1149 3164 cenassit
1161 3098 1210 3149 be.

196 3171 422 3237 tlteltonagoca.
528 3177 674 3230 omisitt'.
779 3175 896 3245 hyberna
908 3189 935 3228 ο.
1058 3173 1213 3229 icxltcnn

89 3248 117 3301 A
124 3246 201 3299 elta
214 3248 240 3298 ⁴7
252 3248 319 3299 atit’
332 3254 358 3300 at
369 3266 423 3304 uc.
438 3267 474 3304 m.
488 3269 520 3320 n,
535 3256 637 3307 excitus
650 3273 666 3307 a
678 3260 707 3307 ct
715 3268 766 3321 pro
778 3270 841 3307 ιιοο.
855 3256 917 3307 lect.
931 3270 954 3306 e.
1072 3251 1165 3305 Gaium
1177 3268 1209 3318 c,

91 3326 163 3379 Cu.
267 3326 410 3382 babducat
422 3333 458 3383 D.
581 3333 760 3388 tractandum
773 3349 810 3385 can
824 3348 879 3385 ιιιιο
891 3334 945 3386 det.
961 3350 989 3385 ιι.
1110 3331 1213 3385 sciebat

89 3400 216 3466 «Μὴ
230 3416 283 3454 ⁰1⁸>
298 3404 407 3470 “lietb
540 3408 572 3461 lb
585 3411 668 3477 possit
682 3411 696 3461 b
709 3416 750 3474 ct,
765 3413 815 3476 qut
824 3416 889 3462 unte
903 3410 991 3463 l'acerc
1000 3412 1097 3476 penit,
1112 3422 1141 3460 a.
1155 3406 1214 3461 Aa·

90 3479 170 3532 Μ·
185 3479 223 3529 “l
230 3495 260 3544 P·
273 3479 318 3531 ⁸5·
504 3485 532 3538 ll
549 3484 749 3556 expectandam]
763 3488 935 3540 exercendam
949 3487 1035 3539 bede
1046 3491 1212 3553 etcupmc.

89 3558 277 3626 expectandum
290 3574 315 3609 ο.
478 3562 510 3617 12
524 3563 568 3631 ea]
582 3573 623 3616 set
635 3567 670 3618 A.
827 3566 929 3632 colligit
942 3566 998 3618 ‘uel
1007 3564 1117 3630 collegit
1128 3564 1216 3615 estest

89 3632 200 3697 ποιοί,
214 3636 285 3702 cogit
297 3637 377 3689 tede
388 3645 418 3692 aa
427 3640 456 3691 ltt
469 3643 570 3693 tntcro
583 3649 610 3695 ct
622 3635 638 3708 ς’
649 3656 772 3710 cupreae.
787 3656 814 3694 ο.
967 3640 1135 3709 1111οο11ο]
1148 3640 1216 3693 caa-

89 3728 135 3766 sar
144 3713 210 3766 cdd.
226 3715 240 3765 b
253 3721 280 3767 ct
291 3733 352 3783 ιιιρ.
367 3731 439 3769 acre.
452 3733 480 3771 ο.
601 3722 699 3773 certior
711 3728 751 3773 est
764 3716 851 3772 lactus
865 3720 909 3772 bd
916 3735 939 3771 c.
1075 3719 1107 3772 tt
1120 3718 1215 3784 utgtctl

88 3792 140 3857 (a).
274 3797 392 3862 procedit
406 3797 521 3863 ‘reta'qut
531 3797 641 3862 omncs',
655 3797 823 3865 progreditur
833 3809 851 3847 a
862 3797 953 3849 beda.
1093 3796 1125 3849 11
1139 3797 1216 3848 attet-

88 3870 146 3922 bait
158 3871 230 3923 ‘maa
242 3874 387 3941 ptartquc',
402 3876 427 3926 el
440 3877 563 3928 attribuit
574 3875 674 3945 (ιι)ιιι.
816 3875 847 3928 lb
860 3875 996 3926 ciuitatum
1009 3889 1063 3926 om.
1078 3876 1102 3926 b.

89 3964 227 4002 cnaeom.
244 3953 269 4002 b.
376 3954 562 4007 terame.
678 3951 957 4020 ratrammo).
1076 3953 1217 4006 conuenia-

88 4036 148 4082 aeut
159 4045 186 4081 a.
348 4033 459 4097 ucrltua,
473 4034 496 4083 st
509 4047 541 4084 ex
554 4047 610 4096 ac,-
623 4034 735 4099 ueritus,
750 4049 782 4084 ue
795 4047 828 4085 cx
841 4033 868 4085 A
876 4030 949 4098 Ol),-
962 4033 1074 4097 ueritus,
1087 4046 1130 4099 ae,
1145 4030 1169 4085 el
1183 4044 1216 4085 aa

90 4106 158 4160 cca.
174 4109 244 4158 cont.
259 4122 287 4156 ιι.
302 4105 365 4159 th.
380 4111 474 4175 script.
486 4109 570 4162 duee.
585 4109 632 4176 VI,
647 4111 690 4176 11,
704 4109 731 4162 1.
823 4111 856 4167 21
871 4119 901 4162 at
913 4124 966 4162 οιιι.
980 4109 1104 4177 (ο)1οιι.

88 4189 221 4241 saattaecc
233 4193 323 4254 poscat
333 4186 496 4252 Lambinus,
512 4189 644 4241 sustinere
656 4204 707 4241 nan
720 4195 810 4257 possm
822 4187 899 4240 cedd.
914 4193 977 4240 ctu.
1082 4187 1118 4245 2³
1126 4185 1216 4240 remit·

88 4265 122 4317 tit
133 4282 150 4317 ιι
160 4281 211 4331 ce,
225 4264 306 4317 aaittlt
319 4265 334 4316 b
347 4268 377 4316 ec
386 4278 422 4316 ιο.
434 4278 480 4332 pr.
495 4266 533 4330 G,·
546 4265 656 4319 dimittit
669 4265 743 4318 ‘mse
753 4263 894 4333 pleraqus’.
