2684 4694
616 222 751 307 ururu

526 485 572 555 Α.
608 482 826 557 HIHTII

264 655 1092 777 FRAGMENTA.

579 945 785 955 ——-—-..

181 1091 406 1160 amicare
422 1094 481 1160 au
495 1093 543 1160 u.
559 1092 758 1163 uvaurvu
771 1090 1030 1163 crcuueuuu
1045 1095 1177 1180 (uam.

204 1230 271 1295 otc.
288 1234 333 1297 cd
345 1230 417 1297 Aa.
436 1233 517 1312 XII,
534 1231 588 1314 40,
606 1232 644 1297 1:
669 1229 776 1318 Qualis
792 1232 892 1297 futura
906 1233 947 1297 sit
961 1227 1105 1298 Caesaris
1121 1234 1243 1319 uitupe-

117 1333 195 1398 ratio
210 1345 315 1398 eontra
330 1334 530 1399 laudationem
547 1357 660 1412 meam,
678 1335 820 1421 perspexi
835 1355 877 1398 cx
892 1354 929 1398 ec
942 1335 1039 1415 libre,
1057 1356 1148 1423 quem
1164 1336 1240 1402 Hir·

114 1436 176 1500 tius
198 1437 234 1499 ad
254 1456 302 1500 me
317 1437 415 1514 misit,
439 1437 470 1502 iu
486 1459 542 1522 quo
559 1439 672 1522 colligit
685 1437 759 1501 uitia
775 1432 920 1516 Catonis,
945 1440 997 1503 sed
1013 1458 1078 1502 cum
1094 1438 1241 1503 maximis

115 1537 249 1602 laudibus
264 1538 351 1604 meis.
375 1536 480 1624 Itaque
496 1539 562 1603 misi
578 1540 687 1605 librum
702 1538 739 1604 ad
748 1536 896 1617 Muscam,
912 1550 945 1604 ut
959 1541 1017 1604 tuis
1032 1540 1168 1621 librariis
1185 1538 1239 1605 da·
1260 1553 1275 1604 t

114 1648 172 1703 ret.
203 1635 281 1703 Volo
302 1640 382 1703 cuim
405 1663 472 1705 eum
493 1642 658 1724 diuulgari3
683 1644 760 1726 qued
776 1664 836 1727 quc
849 1643 961 1705 facilius
977 1628 1055 1719 fiat,
1070 1641 1241 1724 imperabis

114 1740 185 1805 tuis.
201 1741 256 1820 41,
267 1744 306 1806 4:
325 1740 417 1806 Hirtii
433 1743 587 1827 epistelam
599 1745 626 1809 si
636 1745 759 1831 legaris,
769 1738 1241 1831 quaemihiquasinrprimdccptc

113 1842 232 1909 uidetur
247 1845 311 1909 eius
328 1846 567 1930 uituperatiouis,
580 1869 667 1930 quam
680 1842 796 1912 Caesar
811 1846 931 1928 scripsit
945 1842 1122 1925 deCatuue,
1140 1848 1236 1913 iacies

114 1966 181 2022 me,
199 1947 267 2029 quid
285 1947 338 2011 tihi
352 1948 448 2012 uisum
464 1950 516 2023 sit,
533 1951 559 2013 si
577 1950 628 2015 tibi
645 1952 704 2015 erit
718 1952 914 2027 commodum,
931 1949 1102 2014 certiorem.
1120 1949 1177 2028 44,
1195 1953 1233 2014 i:

111 2045 196 2111 Illius
211 2047 337 2127 librum,
362 2070 447 2132 quem
463 2053 501 2117 ad
516 2074 563 2116 me
578 2053 660 2117 misit
674 2053 710 2117 de
726 2048 863 2128 Catone,
880 2060 1038 2136 propterea
1053 2052 1123 2115 unda
1138 2050 1236 2115 diuui·
1260 2062 1289 2114 m

112 2152 180 2241 gari
201 2173 218 2216 a
240 2152 318 2228 tuis,
341 2161 375 2216 ut
398 2173 438 2216 ex
453 2154 575 2217 istorum
592 2154 813 2239 uituperatione
828 2153 867 2217 sit
882 2151 962 2216 iilius
977 2151 1073 2217 maior
1086 2152 1231 2218 laudatio.

112 2254 174 2334 45,
191 2254 229 2319 3ι
252 2253 300 2319 'Iu
315 2275 389 2319 uerc
405 2254 547 2340 peruulga
561 2253 705 2321 Hirtium.
728 2255 762 2321 ld
778 2256 856 2320 euim
873 2254 968 2339 ipsum
984 2265 1139 2341 putaram,
1155 2253 1236 2340 quod

114 2358 242 2433 scribis,
259 2367 310 2434 ut,
328 2378 393 2420 curn
409 2358 562 2442 ingenium
578 2357 663 2421 amici
679 2358 774 2422 nostri
791 2357 986 2442 probaretur,
1002 2349 1173 2432 timridedun
1187 2358 1234 2422 ui·

113 2458 266 2543 tuperandi
276 2454 402 2523 Catonis
411 2459 597 2524 irrideretur.
611 2458 666 2538 47,
676 2458 714 2525 3:
732 2458 821 2528 Hirtii
831 2459 994 2540 librum,trt
1005 2459 1232 2548 facimdittulga.

542 2624 797 2696 urlsrouuu.
1096 2668 1098 2672 .
1258 2643 1287 2695 u

455 2770 494 2812 Αὓ
507 2768 541 2812 Ι.
559 2768 690 2813 mum
705 2762 882 2811 crusnam.

195 2869 240 2949 (a.
256 2866 312 2950 47)
331 2866 396 2932 Cic.
412 2870 456 2933 cd
469 2870 541 2933 Aet.
554 2868 619 2948 XI,
637 2865 689 2945 14,
700 2862 739 2931 3ι
764 2861 893 2947 Quintus
909 2865 1019 2952 pergit,
1036 2878 1070 2932 ut
1084 2869 1120 2933 ad
1135 2892 1186 2939 mc
1202 2884 1234 2938 et

110 2968 210 3034 Pansa
232 2970 352 3058 scripsit
374 2980 405 3034 et
420 2968 554 3049 Hirtius,
578 2971 663 3053 isque
684 2969 755 3031 item
769 2966 903 3032 Atrium
919 2980 1023 3055 petere
1037 2993 1104 3035 cum
1120 2977 1235 3039 ceteris

111 3072 231 3135 dicitur.

607 3179 653 3257 (u.
670 3170 738 3257 45.)
1256 3187 1287 3241 td

198 3274 265 3339 Cic.
283 3276 328 3339 ud
340 3274 413 3339 Art.
430 3275 512 3352 XII,
525 3275 577 3358 35,
589 3276 625 3340 I:
651 3274 742 3340 Hirtii
757 3275 913 3360 epistulam
928 3276 980 3341 titi
996 3277 1064 3343 misi
1079 3287 1112 3343 at
1125 3297 1232 3344 meeu-

109 3385 167 3442 tem
184 3388 215 3442 et
229 3376 375 3442 heneuule
390 3378 543 3463 scriptam.

193 3477 280 3544 Idem
301 3480 376 3544 ibid.
394 3478 455 3557 37,
472 3480 510 3544 4:
539 3479 659 3546 Hirtius
681 3481 718 3546 ad
743 3503 789 3545 me
810 3480 933 3567 scripsit
954 3476 1031 3546 Sex.
1053 3477 1231 3566 Pompeium

107 3578 250 3645 Corduba
267 3583 369 3645 exisse
382 3593 413 3645 et
425 3583 536 3666 fugisse
547 3583 579 3648 iu
590 3583 762 3668 Hispaniam
774 3585 957 3662 citeriorem,
969 3580 1106 3647 Gnaeum
1116 3585 1233 3667 fugisse

107 3684 210 3747 nescio
226 3706 283 3766 quc
294 3710 302 3763 3
314 3705 410 3765 neque
427 3685 504 3747 enim
521 3707 602 3750 curu.
628 3684 715 3749 Nihil
730 3696 885 3770 praeterea
896 3684 980 3749 ucui.
1003 3681 1233 3751 LitterasNar·
1254 3699 1286 3751 2⁵

106 3785 183 3849 bone
200 3787 280 3849 dedit
293 3797 367 3849 xtttl
383 3783 451 3849 Hal.
469 3785 542 3850 Mai.

192 3885 277 3951 Idem
289 3889 365 3953 idid.
377 3886 477 3966 XIII,
488 3887 542 3965 21,
554 3887 591 3952 1:
617 3888 665 3953 Ad
681 3886 811 3953 Hirtium
828 3889 965 3954 dederam
982 3887 1136 3975 epistulam
1153 3911 1228 3955 saue

105 3987 258 4071 grandem,
277 4010 362 4071 quam
378 3991 555 4074 scripseram
573 3992 709 4076 proxime
724 3992 757 4055 iu
770 3991 958 4056 Tusculana.
983 3990 1073 4071 Huic,
1091 4013 1180 4075 quam
1197 4004 1229 4057 tu

105 4089 175 4153 mihi
192 4089 311 4167 misisti,
329 4090 490 4154 rescribam
507 4093 592 4157 alias.

213 4209 228 4260 9
242 4225 282 4261 me
296 4226 347 4261 cm.
362 4211 509 4262 Mediceur.
628 4213 660 4264 14
673 4213 783 4280 ἀοιιοΙμ
795 4213 942 4265 uersutus.
1054 4212 1089 4267 28
1103 4209 1228 4261 mucus-

104 4302 176 4358 cour,
190 4295 244 4340 tum
259 4286 417 4342 decurtatur
429 4294 457 4340 et
471 4289 678 4342 I'crncan'anus.
950 4315 960 4326 =
