2692 4688
518 232 664 303 ctrvt'
681 232 835 302 tlt-tl.
1231 238 1294 309 ott

114 411 265 495 eriperent
281 407 464 470 facultatem.
500 405 646 471 Eiusdem
661 405 747 471 collis
763 405 925 491 occupandi
942 404 1068 492 [gretia]
1083 404 1236 479 Labienus
1252 411 1272 477 3

114 512 271 576 consilium
282 519 403 593 ceperat
411 519 452 589 et,
463 529 520 593 quc
529 510 667 593 propiore
675 508 741 573 loco
751 509 858 588 iuerat,
868 527 904 572 eo
913 508 1040 574 celerius
1050 524 1233 578 occurrerat.

113 613 190 677 Erat
205 612 353 678 conuallis
368 612 443 675 satis
458 631 565 695 magna
580 610 753 688 latitudine,
778 611 932 680 altitudine
947 623 1105 697 praerupta
1121 614 1236 682 crebris
1248 618 1294 689 bii

114 717 189 780 loeis
204 717 366 800 speluncae
379 715 411 778 in
426 715 543 777 modum
559 713 703 793 subrutis,
721 734 796 797 quae
811 725 878 781 erat
893 714 1141 798 transgredienda
1157 712 1237 783 Cae·

76 831 92 884 1
116 819 191 896 sari,
208 829 366 901 antequam
380 817 418 880 ad
434 836 501 880 eum
516 815 634 895 collem,
650 837 735 900 quem
750 834 858 900 cepere
873 815 1004 894 uolebat,
1015 818 1235 901 perueniretur,

112 922 251 1004 ultraque
272 939 337 983 eam
361 918 527 983 conuallem
541 917 684 982 nliuetum
700 928 789 983 uetus
804 918 918 984 crebris
933 917 1090 984 arboribus
1106 922 1237 987 ecudeu·

112 1044 188 1087 sum.
222 1021 280 1087 Hic
296 1043 363 1085 cum
378 1018 530 1085 Labienus
545 1020 810 1087 animaduertisset
824 1016 1002 1098 Caesarem,
1022 1021 1049 1086 si
1064 1022 1154 1087 uellet
1168 1042 1235 1089 eum
1250 1025 1273 1091 2

113 1126 210 1190 locum
225 1144 393 1209 occupare,
419 1123 499 1208 prius
515 1142 642 1188 necesse
656 1142 725 1186 esse
741 1122 906 1188 conuallem
922 1123 1121 1208 oliuetumqne
1137 1134 1236 1192 traus-

113 1227 216 1312 31111,
233 1247 338 1290 eorum
353 1225 486 1289 locorum
503 1226 617 1310 peritus
633 1225 665 1289 iu
679 1224 797 1290 insidiis
812 1245 878 1289 eum
895 1236 980 1310 parte
995 1226 1145 1309 equitatus
1161 1228 1237 1294 leui-

57 1339 91 1394 to
113 1350 169 1413 que
191 1338 342 1393 armatura
365 1328 501 1391 consedit
520 1337 551 1390 et
571 1337 728 1413 praeterea
743 1337 956 1411 postmortem
972 1326 1141 1413 [collesque
1155 1326 1270 1396 Cae-3

113 1431 176 1495 sari
192 1430 291 1494 subito
306 1450 341 1495 se
355 1429 543 1514 ostenderet]
559 1431 674 1514 equites
689 1430 721 1494 iu
736 1430 853 1494 occulto
869 1429 1087 1508 colloeauerut‚
1105 1441 1150 1510 ut,
1167 1453 1234 1498 cum

112 1532 177 1617 ipse
198 1552 239 1596 ex
258 1532 413 1618 inprouiso
428 1532 612 1617 legionarios
627 1533 750 1597 adortus
765 1523 866 1608 esset,‘
891 1532 1022 1597 excelle
1037 1551 1071 1597 se
1086 1534 1235 1618 equitatus

113 1635 302 1713 ostenderet,
320 1647 351 1700 et
365 1656 399 1700 re
414 1635 523 1720 duplici
538 1633 726 1720 perturbatus
743 1632 860 1700 Caesar
874 1635 999 1719 eiusque
1013 1637 1165 1701 exercitus
1181 1652 1246 1704 ue·‘

113 1758 170 1821 que
192 1749 274 1801 retro
294 1738 486 1824 regrediundi
503 1757 600 1820 neque
615 1736 695 1800 ultra
710 1737 889 1820 procedendi
904 1736 1004 1802 oblata
1022 1738 1161 1804 insultate
1175 1741 1235 1805 cir·

56 1849 89 1902 ts
113 1850 288 1904 cumueutns
316 1840 541 1904 concideretur.
573 1834 692 1904 Caesar
720 1849 876 1923 postquam
900 1839 1034 1924 equitatu
1055 1850 1125 1904 aute
1145 1840 1270 1927 pree-d

112 1941 205 2006 misso
224 1942 338 2006 inscius
360 1941 536 2006 insidiarum
552 1962 619 2005 eum
634 1941 672 2004 ad
687 1959 753 2003 eum
770 1941 865 2004 locum
882 1941 1036 2021 uenisset,
1061 1941 1152 2008 abditi
1167 1944 1234 2010 siue

112 2043 197 2108 obliti
220 2054 445 2130 praeceptorum
461 2042 587 2109 Labieni
609 2043 676 2107 siue
697 2042 805 2121 ueriti,
829 2063 867 2106 ue
888 2045 920 2107 iu
935 2045 1017 2108 iussa
1031 2045 1069 2108 ab
1084 2046 1233 2129 equitibus

111 2147 367 2234 opprimerentur,
392 2147 454 2211 reri
477 2167 512 2211 ac
534 2147 643 2231 singuli
667 2145 703 2210 de
724 2163 798 2229 rupe
821 2145 941 2228 prodire
955 2156 987 2210 et
1001 2167 1116 2210 summa
1131 2157 1234 2232 petere

111 2248 209 2314 collis.
237 2245 322 2332 Quos
338 2245 483 2315 Caesaris
499 2249 614 2333 equites
630 2247 782 2312 consecuti
798 2246 904 2330 partim
920 2248 1147 2326 iuterfecerunt,
1165 2248 1268 2332 par-5

55 2362 89 2416 ct
114 2353 164 2416 tim
185 2352 323 2434 uiuorum
346 2361 416 2416 sunt
430 2352 534 2437 potiti3
559 2351 665 2416 deinde
680 2351 816 2436 protinus
831 2349 937 2415 collem
953 2362 1056 2436 petere
1071 2352 1233 2416 contende·
1247 2350 1269 2417 6

111 2462 184 2518 runt
204 2464 293 2537 atque
313 2475 379 2518 eum
394 2456 521 2520 decusso
536 2453 664 2521 Labieni
680 2453 830 2540 praesidio
845 2452 986 2517 celeriter
1000 2464 1233 2540 occupauerunt.

111 2554 266 2621 Lebieuus
289 2576 355 2620 cum
376 2567 461 2643 parto
481 2559 612 2642 equitnm
633 2557 689 2623 uix
710 2559 780 2642 iuga
794 2556 850 2621 sibi
866 2557 981 2643 peperit
996 2556 1134 2622 salutem.
1165 2552 1232 2621 liae
1249 2556 1288 2627 11

110 2681 145 2724 re
165 2680 221 2744 per
234 2661 349 2744 equites
363 2670 450 2744 gesta
465 2657 583 2727 Caesar
596 2660 761 2745 legionibus
778 2680 866 2744 opera
882 2659 1033 2724 distribuit
1047 2671 1134 2742 atque
1149 2658 1179 2722 iu
1195 2679 1234 2722 eo

114 2761 208 2840 colle,
233 2784 290 2847 quc
313 2774 380 2828 erut
394 2765 525 2850 potitus,
550 2773 649 2828 castra
664 2762 800 2829 muniuit.
832 2759 948 2826 Deinde
964 2760 1001 2824 ab
1015 2762 1078 2826 suis
1094 2758 1233 2826 maximis
1247 2760 1269 2826 2

51 2872 88 2930 2⁸
110 2865 219 2929 castris
240 2886 294 2950 per
313 2867 443 2930 medium
458 2888 593 2953 campum
608 2886 626 2930 e
641 2865 765 2949 regione
781 2862 879 2950 oppidi
895 2863 1035 2941 Vzittae,
1060 2864 1139 2946 quod
1154 2862 1234 2927 inter

110 2987 165 3032 sua
189 2979 290 3033 castra
312 2980 343 3034 ut
359 2965 510 3053 Scipionis
532 2971 565 3035 iu
587 2968 715 3055 planicie
738 2969 865 3054 positum
890 2977 957 3031 erat
977 2964 1193 3048 tenebaturque
1215 2984 1234 3029 u

111 3067 267 3153 Scipione,
284 3070 342 3132 duo
357 3070 479 3133 bracbia
495 3071 624 3136 instituit
638 3072 704 3135 duci
720 3069 807 3135 etita
823 3069 970 3152 dirigere,
992 3076 1026 3131 ut
1040 3066 1077 3132 ad
1093 3067 1233 3154 angulum

110 3171 251 3233 dextrum
266 3170 480 3255 sinistrumque
495 3173 560 3236 eius
576 3173 673 3257 oppidi
688 3172 896 3237 conuenirent.
913 3167 947 3235 ld
962 3170 1016 3238 bac
1028 3171 1146 3236 ratione
1158 3190 1233 3258 opus
1247 3170 1268 3236 3

110 3270 287 3354 instruebat,
304 3284 350 3352 ut,
363 3293 429 3338 cum
445 3274 566 3361 propius
581 3274 718 3361 oppidum
733 3274 835 3360 copias
851 3272 1032 3339 admouisset
1045 3294 1232 3360 oppugnare·

110 3531 263 3597 eripuerunt
275 3531 353 3584 codd.
369 3531 400 3584 Ρ.
409 3534 470 3586 bid.
578 3533 684 3598 lgrutiu
694 3530 824 3585 Cloelius
835 3533 957 3598 spurium
971 3547 1028 3583 eree
1039 3531 1122 3583 uidit.

109 3609 197 3660 ierat
208 3623 279 3658 auur
291 3607 356 3674 det,
371 3617 447 3660 eraut
458 3608 572 3675 reliqrri.
586 3610 617 3660 Ρ.
631 3609 681 3663 211
694 3613 769 3661 ectr.
882 3607 1099 3674 transgredienda
1111 3624 1134 3670 c,
1148 3613 1233 3658 treus-

109 3686 268 3750 qredieudae
281 3701 298 3737 u
312 3687 336 3738 1.
442 3688 458 3738 8
472 3703 531 3739 esse
545 3689 569 3753 1,
584 3702 637 3741 om.
652 3703 670 3739 a
683 3689 757 3738 ‘rrrrr¹
767 3685 913 3756 plerique'.
1021 3686 1175 3738 tuccessit
1189 3703 1232 3739 su-

109 3765 163 3815 bito
176 3779 204 3814 ee
218 3765 369 3817 ostenderet
380 3781 397 3816 a
410 3767 425 3816 b
438 3782 508 3818 unus
521 3767 576 3819 det.
591 3770 709 3833 itemque
719 3768 816 3834 parteis
828 3768 944 3816 mutetis
957 3763 1058 3816 litteris
1071 3765 1186 3832 reliqui,
1200 3766 1233 3819 de

108 3845 205 3910 quibus
218 3850 341 3907 θωπείαις
358 3860 412 3897 om.
425 3845 513 3896 Aldus
524 3861 552 3896 rr.
567 3845 597 3897 Ρ.
611 3846 672 3899 215.
782 3844 815 3900 12
827 3843 962 3910 inprouiso
974 3857 1003 3893 α.
1108 3842 1139 3896 13
1153 3852 1180 3896 et
1191 3847 1231 3912 (a)

107 3924 139 3975 P.
150 3921 299 3987 tranantem,
310 3931 339 3974 ut
353 3925 425 3974 ‘mre
432 3922 578 3989 plerique'.
684 3923 716 3976 11
725 3922 898 3987 regredeuudl
908 3936 935 3986 a,
945 3920 1087 3987 prodeundi
1097 3922 1122 3973 1.

110 4001 141 4054 11
155 4006 290 4068 postquem
303 4015 329 4064 u,
344 4015 396 4053 om.
412 4001 473 4053 cdd.
487 4002 519 4052 Ρ.
536 4001 578 4054 17.
638 4004 642 4008 '
730 4001 762 4053 lb
775 4000 858 4052 abditi
871 4015 929 4067 ego,
944 4000 1018 4051 abusi
1032 3999 1109 4054 codd.
1122 4001 1154 4054 tt
1168 4002 1229 4055 2lb.

215 4079 526 4149 nequitumequitatue
541 4083 565 4132 1.
670 4079 980 4147 2labbisetsulsputo.
1084 4079 1229 4136 25Vzittae

107 4172 136 4225 a,
145 4154 241 4212 Veliae
253 4174 281 4213 tc.
390 4159 424 4215 21
437 4161 572 4227 planitiem
584 4175 610 4212 a.
722 4158 756 4212 27
770 4161 884 4226 dirigere
898 4158 1020 4227 topatus,
1033 4158 1135 4225 eripere
1149 4161 1228 4224 codd

139 4240 160 4259 '¹'
196 4236 250 4307 „²⁸
260 4239 449 4293 unucuiretc.
577 4237 603 4289 ld
616 4236 665 4289 bac
677 4235 860 4305 libellieunur,
875 4236 901 4288 iu
914 4237 963 4288 bue
977 4237 1007 4301 1,·
1020 4236 1039 4288 l.
1054 4237 1073 4289 i.
1087 4252 1120 4301 u,
1134 4236 1155 4288 l.
1170 4237 1188 4287 i.
1203 4253 1229 4302 e,

10 4326 80 4415 E.
106 4306 298 4415 fimi
308 4332 381 4389 quae
391 4316 461 4387 quid
470 4318 637 4385 signficant,
651 4318 751 4368 nereio.
854 4316 889 4373 21
902 4312 1159 4458 ”pmfflmm
1173 4315 1200 4366 b.
