2692 4688
475 185 798 253 ...105-

82 363 201 428 modurn
217 372 280 426 tuto
297 361 388 447 legati
403 361 507 425 uenire
522 371 565 438 et,
582 380 659 444 quae
674 360 797 434 uellent,
814 378 967 442 exponere
988 369 1122 442 possent,
1139 380 1210 424 eer-

84 476 206 548 tumque
221 466 249 529 ei
262 465 307 529 rei
323 475 438 548 tempus
454 463 668 526 constituitnr'.
694 460 752 526 llic
767 472 849 526 reete
864 461 894 525 in
911 461 1013 525 codice
1020 458 1210 528 Noruieeusi

82 568 226 652 scriptum
247 577 293 631 est
317 566 455 630 ‘locutus
470 564 545 629 est’.
583 560 750 648 Sequentia
771 574 871 627 sutem
893 564 930 629 ab
946 565 992 628 bis
1008 562 1108 627 uerbis
1122 584 1212 649 sepa·

82 671 176 735 nanda
191 679 272 733 sunt.
295 666 378 733 Nam
393 688 489 751 neque
504 667 628 731 uerbum
643 667 862 731 substantiarum
878 666 909 729 in
920 667 973 731 tali
986 667 1123 731 oratione
1133 669 1211 733 omi·

83 773 124 835 sit
139 768 268 845 Caesar,
286 791 381 853 neque
403 779 463 834 tam
480 769 609 853 turpiter
622 769 652 831 in
668 768 753 833 breui
768 769 905 832 oratione
919 769 1077 833 institutae
1092 770 1212 849 formae

83 873 263 951 oblitusest,
281 873 359 955 quod
374 873 514 956 scriptori
530 870 598 936 belli
608 871 747 935 Africani
763 870 910 934 accidisse
925 870 1066 936 uidimus.
1090 870 1213 939 Deinde

83 975 175 1040 uerba
192 981 300 1057 ‘atque
312 995 371 1038 nna
387 972 493 1038 etiam’
510 984 581 1037 cett.
600 983 740 1056 corrupta
754 992 822 1038 esse
843 983 980 1055 apertum
996 983 1055 1037 est.
1082 970 1120 1038 In
1132 971 1210 1040 Par.

82 1099 145 1142 sec.
155 1072 257 1141 llaun.
273 1096 318 1159 pr.
335 1073 423 1141 Leid.
440 1072 835 1160 pr.aliisqne0udeudcrpii
850 1076 923 1139 baec
939 1074 981 1138 ita
995 1075 1110 1159 scripta
1123 1088 1209 1142 sunta

85 1188 193 1262 ‘atquc
216 1199 273 1242 una
296 1176 342 1241 uis
357 1177 541 1261 utrumque'.
573 1177 663 1244 Vnde
682 1179 838 1243 admodum
860 1177 937 1242 scite
959 1177 997 1241 ab
1018 1175 1212 1263 Elberlingio

83 1281 158 1346 baec
174 1280 281 1345 effecta
295 1291 384 1344 sunt:
411 1288 517 1364 ‘atque
533 1301 592 1344 nna
609 1282 757 1359 uisurum,
775 1280 1018 1364 quemadmodum
1034 1289 1102 1345 tuto
1115 1280 1211 1365 lopati

83 1383 187 1448 uenire
203 1393 245 1460 et,
263 1402 338 1464 quae
354 1383 478 1461 uellent,
497 1403 650 1468 exponere
670 1384 813 1466 possent’.
845 1377 906 1447 Sed
924 1382 1006 1446 ‘nna’
1023 1382 1055 1445 in
1070 1381 1126 1448 bae
1140 1402 1213 1449 ora·

83 1486 165 1549 tione
188 1485 261 1549 ferri
284 1506 343 1548 non
360 1506 449 1568 posse
467 1486 532 1569 ipse
545 1484 751 1568 Elberlinqius
773 1485 936 1548 intellexit.
967 1482 1104 1567 Reliquis
1118 1483 1214 1570 igtur

83 1588 222 1665 retentis,
241 1587 485 1671 quaeisinuenit,
504 1585 755 1670 ‘atqueund''boo
770 1597 818 1651 est
834 1585 1081 1670 ‘atqueenndem‘
1096 1606 1213 1672 pone*

84 1691 152 1755 dnm
168 1689 284 1775 putaui.

169 1789 208 1858 C.
224 1791 268 1858 22
283 1803 366 1856 recte
380 1791 511 1858 Vossius
534 1792 726 1857 scribendum
742 1791 820 1855 dixit
848 1786 989 1854 ‘Interim
1013 1789 1090 1857 Milo
1109 1791 1214 1861 dida·

83 1896 127 1961 sis
143 1896 254 1959 circum
270 1895 431 1978 municipia
447 1896 556 1959 litteris
572 1917 628 1973 ea,
645 1915 722 1978 quae
735 1896 865 1971 laceret,
882 1893 965 1957 iussu
980 1904 1071 1977 atque
1086 1895 1214 1980 imperio

86 1995 1004 2081 facerePompcii,quaemandataodseperVibulliuurdelata
1013 1996 1209 2063 esseut’eett.

85 2097 167 2164 Nam
183 2100 355 2179 etocdioes,
371 2101 403 2165 in
416 2100 522 2184 quibus
533 2097 717 2164 ‘llibulliuna’
727 2099 847 2183 legitur,
866 2098 938 2163 illud
946 2098 1041 2181 magis
1049 2120 1138 2182 quam
1149 2096 1215 2165 ‘lti-

84 2202 195 2267 bulum’
212 2205 440 2282 commendant,
467 2213 497 2265 et
520 2199 554 2280 Ι,
578 2200 621 2265 34
635 2203 692 2280 in.,
715 2212 870 2286 postquam
892 2200 933 2264 ibi
949 2201 1069 2266 codices
1084 2203 1213 2287 optim

83 2304 180 2370 secuti
196 2305 289 2368 uerba
307 2306 350 2371 ‘in
360 2303 546 2389 Hispaniam'
562 2304 748 2383 sustulimus,
760 2303 927 2367 Vibullium
934 2301 1214 2371 Massilmmstimo

84 2408 320 2483 demonstratur,
336 2409 367 2468 in
383 2427 442 2490 qua
458 2404 532 2470 urbe
546 2401 623 2468 Milo
639 2406 711 2469 exul
726 2405 863 2491 degebat.

171 2503 210 2572 C.
233 2505 276 2571 25
300 2501 417 2571 Caesar
439 2509 476 2571 de
498 2506 689 2571 annotatione
710 2528 833 2571 suorum
849 2508 964 2586 scribit,
987 2509 1049 2593 qui,
1075 2509 1213 2593 quamuis

85 2608 180 2673 biems
202 2607 482 2694 praecipitauisset,
508 2619 610 2673 umen
636 2610 764 2673 nondum
789 2611 951 2674 secuudum
974 2620 1172 2675 commeatum
1194 2632 1215 2677 a

85 2707 248 2774 brundisio
267 2711 396 2776 traicere
416 2711 482 2775 ausi
502 2722 602 2776 erant.
633 2708 676 2773 lbi
700 2711 767 2796 §.2
787 2712 860 2777 baec
882 2714 914 2776 in
937 2712 1022 2776 codd.
1049 2712 1212 2798 leguntur

87 2821 268 2898 ‘quantoque
284 2814 348 2878 eius
363 2814 488 2898 amplios
504 2826 693 2898 processerat
707 2815 867 2899 temporis,
892 2826 976 2879 tanto
996 2826 1085 2880 erant
1103 2817 1213 2883 rhosi·

85 2938 154 2982 ores
177 2918 214 2981 ad
236 2918 406 2995 custodias,
431 2918 481 3001 qui
504 2916 651 2981 classibus
672 2926 844 3000 praeerant,
861 2918 1062 3001 maioremque
1077 2919 1216 2984 lidnoism

87 3020 261 3105 probibendi
290 3022 458 3103 habebam
489 3030 522 3085 et
535 3020 650 3084 crebris
679 3016 812 3104 Pompeii
841 3019 950 3084 litteris
976 3021 1215 3107 castigabantur,

88 3123 224 3205 quonium
241 3124 335 3207 primo
352 3126 523 3189 uenientem
532 3118 695 3188 Caesarem
712 3143 772 3186 uon
788 3121 1022 3205 prohibuissent,
1041 3125 1217 3208 utreliqnos

88 3226 153 3288 eins
168 3227 323 3288 exercitus
338 3226 534 3310 impedirent:
560 3225 723 3308 duriusque
746 3225 854 3288 cotidie
877 3235 992 3308 tempus
1007 3226 1044 3288 ad
1061 3236 1217 3312 transpor-

89 3326 209 3389 tandum
224 3326 387 3390 lenioribus
403 3328 504 3391 uentis
520 3326 742 3412 expectatam.
765 3324 915 3391 Extrema
931 3327 1022 3391 uerba
1039 3326 1081 3390 ita
1095 3327 1218 3393 oonlcr·

88 3440 168 3491 mata
190 3437 278 3505 sunt,
304 3438 337 3491 ut
359 3430 532 3493 necessario
554 3429 590 3492 ad
613 3432 781 3512 praefectos
810 3428 916 3493 classis
937 3424 1141 3513 Pompeianae
1165 3450 1218 3495 re·

88 3530 212 3595 ferenda
234 3530 313 3593 sint:
337 3530 429 3594 uerba
451 3542 549 3596 autem
568 3532 623 3594 ‘ad
638 3531 901 3615 transportandum
917 3531 1083 3597 lenioribus
1098 3532 1218 3599 uentis'

90 3632 127 3697 dc
142 3627 337 3696 Caesarianis
352 3643 466 3696 tautum
483 3630 674 3697 aBrundisio
691 3633 859 3699 tramittere
874 3634 1061 3718 cupientibus
1084 3634 1142 3700 diei
1162 3656 1219 3720 po-

90 3744 222 3798 tnerunt.
254 3732 336 3798 Nam
352 3733 479 3800 Heldius
494 3734 672 3799 mirabiliter
687 3734 760 3799 baec
775 3736 816 3800 ita
830 3737 1049 3822 interpretatus
1065 3747 1131 3818 est,
1157 3758 1219 3822 quc

89 3836 221 3899 leuiores
237 3837 320 3899 uenti
337 3838 428 3900 luturi
444 3849 559 3916 essent,
584 3859 620 3902 eo
636 3837 785 3900 difficilius
801 3858 818 3900 a
835 3832 1029 3903 Caesarianis
1044 3839 1219 3905 mammeam

90 3937 128 4001 iri
149 3935 348 4020 Pompeianos
371 3958 521 4022 sperasse.
554 3936 662 4021 Quasi,
687 3950 721 4003 ut
735 3940 794 4004 alia
810 3941 962 4020 omittam,
980 3942 1083 4005 durius
1100 3952 1219 4027 tempus

91 4039 171 4103 aliud
187 4038 245 4102 dici
261 4050 374 4123 posset,
392 4061 479 4123 quam
495 4040 649 4106 hibernum
665 4044 950 4127 tempestatibusque
965 4043 1121 4107 infestum.
1151 4041 1219 4111 Ne-

92 4161 162 4225 que,
179 4162 247 4205 cum
262 4141 356 4205 biems
372 4143 641 4227 praecipitauisset‚
659 4144 803 4222 leniores,
820 4147 873 4210 sed
887 4146 1221 4213 uehementioresuenti

93 4243 363 4329 consequebantur.
392 4240 453 4308 Sed
469 4245 585 4311 etiamsi
600 4247 696 4311 torma
711 4248 856 4313 credonis
872 4249 908 4312 ad
925 4245 1130 4314 Caesarianos
1145 4248 1220 4315 baec
