2692 4688
59 181 124 252 tte
456 180 514 251 llll
536 180 680 252 BELLO
703 180 895 253 eunuco

116 357 270 424 exereitus
292 355 399 421 relicta
421 367 526 421 erant:
558 357 627 421 inde
649 377 716 423 num
736 356 873 422 omnibus
895 359 989 442 copiis
1012 359 1049 423 ad
1073 354 1239 428 Caesarem

115 459 264 546 peruenit.

59 557 106 634 ω
204 559 382 627 Defectione
398 559 592 627 Haeduorum
607 564 729 647 cognitu
743 562 854 628 bellum
868 573 1007 649 nugetur.
1053 562 1239 649 Legationes

80 660 150 729 en
164 684 268 729 cuuuee
277 674 378 749 partes
393 664 680 729 circummittunturc
698 677 840 749 quantum
850 667 958 750 gretia,
977 668 1171 748 auctoritate,
1188 690 1239 755 pe-

81 765 205 837 3ounia
221 767 340 846 ualent,
365 768 402 831 ad
423 768 629 832 sollicitandas
650 768 791 833 ciuitates
815 769 970 847 nitunturp
999 770 1080 834 nacti
1101 771 1235 852 obsides,
1259 785 1275 836 t

117 882 193 952 gutur
210 865 327 933 Camar
339 869 415 954 apud
432 890 486 935 eos
502 871 692 955 deposuerat,
710 873 813 936 borum
829 870 975 955 supplicio
991 870 1162 938 dubitantes
1178 867 1240 939 te'r-

80 965 221 1036 brituut
249 969 362 1036 Petunt
376 993 393 1035 u
409 970 661 1057 Vercingetorige
677 972 806 1053 lluedui‚
823 984 854 1037 ut
868 974 906 1038 ad
921 993 956 1038 se
971 974 1072 1038 ueniat
1086 976 1239 1041 rationee-

82 1071 103 1138 5
118 1070 176 1158 qtae
189 1072 259 1137 belli
274 1074 397 1157 gerendi
413 1076 623 1141 communicet.
654 1074 702 1141 lle
717 1076 875 1161 inpetrata
891 1075 1096 1155 contendunt,
1116 1088 1151 1141 ut
1164 1077 1240 1162 ipsis

89 1170 98 1227 ἕ·
117 1174 233 1241 summa
246 1176 363 1260 imperii
378 1178 526 1256 tradatur,
544 1189 575 1243 et
588 1197 622 1242 re
637 1178 667 1242 in
678 1178 917 1243 controuersiam
929 1178 1055 1243 deducte
1064 1178 1157 1243 tutius
1167 1176 1240 1244 Gal-

80 1274 176 1343 nnio
191 1278 350 1343 concilium
369 1278 508 1345 Bibracte
522 1281 675 1345 indicitur.
704 1276 819 1346 Eodem
836 1280 1017 1345 conueniunt
1033 1280 1164 1364 undique
1180 1283 1241 1346 fre-
1265 1290 1297 1346 td

118 1392 256 1465 quentes.
287 1379 489 1448 Multitudinis
504 1380 656 1467 sullragiis
670 1400 721 1448 res
736 1384 936 1468 permittitur:
961 1382 998 1445 ad
1020 1402 1111 1448 unum
1134 1400 1239 1449 omnes

81 1479 398 1568 Uercingetorigem
420 1485 549 1569 probant
570 1487 793 1571 imperatorem.
830 1486 880 1549 Ab
901 1485 957 1549 boc
977 1484 1106 1550 coneilio
1128 1478 1238 1562 Remi,

117 1583 295 1669 Lingones,
323 1583 454 1651 Treueri
474 1589 633 1652 aluerunt:
663 1588 725 1666 illi,
755 1588 832 1672 quod
851 1587 1013 1652 amicitiem
1032 1584 1239 1651 Romanorum

117 1687 338 1773 merebuntuu
354 1686 503 1767 Treueri,
520 1690 598 1774 qued
613 1688 738 1755 aberant
759 1691 877 1777 longius
892 1700 924 1754 et
936 1689 975 1754 ab
990 1685 1150 1754 Germanis
1170 1706 1239 1772 pre-

116 1784 293 1868 mebuntur,
325 1810 403 1874 quae
425 1791 482 1855 luit
503 1810 612 1867 musa,
644 1813 737 1876 qnare
764 1803 828 1856 toto
850 1793 991 1857 obessent
1011 1791 1089 1856 bebo
1111 1801 1141 1857 et
1162 1810 1237 1856 nen·
1260 1805 1294 1857 tt

81 1884 174 1957 dbis
196 1892 310 1957 auxilia
330 1894 496 1962 mitterent.
546 1892 660 1981 blegne
686 1895 789 1960 dolore
817 1893 935 1959 Haedui
966 1896 1065 1959 lerunt
1092 1913 1126 1958 se
1154 1892 1236 1959 deie-

117 2002 185 2057 otos
206 1994 391 2079 principatu,
417 2008 582 2081 queruntur
597 1999 734 2063 lortuuae
764 1999 1025 2062 commutationem
1048 2007 1079 2061 et
1092 1993 1237 2062 Caesaris

117 2085 332 2179 indulgentium
348 2098 429 2164 inse
449 2101 625 2185 requirunt,
649 2120 746 2184 neque
767 2110 868 2164 tamen
891 2110 1031 2184 suscepto
1052 2099 1131 2164 bello
1153 2118 1237 2163 sunm

82 2194 105 2261 9
119 2190 274 2263 ebneilium
290 2200 328 2264 ab
344 2203 469 2286 reliquie
484 2222 626 2287 separare
641 2204 763 2267 audent.
801 2200 892 2266 louiti
908 2220 1043 2266 summae
1057 2201 1121 2286 spei
1136 2200 1239 2264 adnle-

61 2297 106 2370 64
120 2311 241 2367 scentes
263 2301 456 2389 Eporedorix
475 2316 507 2369 et
523 2305 729 2372 Viridomarus
744 2303 988 2389 Vercingetorigi
1009 2314 1126 2389 parent.
1172 2297 1241 2386 lpse
1263 2310 1297 2366 tt

119 2403 248 2489 imperat
262 2404 385 2489 reliquia
400 2407 571 2473 ciuitetibns
588 2407 737 2492 obsides†
747 2408 876 2490 denique
892 2406 919 2470 ei
934 2406 980 2470 rei
992 2406 1148 2469 constitnit
1162 2405 1239 2469 diem

119 2505 190 2570 bne.
214 2503 328 2571 Omnes
344 2508 472 2590 equites,
490 2511 656 2592 quindecim
671 2511 754 2575 milia
769 2529 906 2587 numero,
923 2506 1065 2572 celeriter
1079 2505 1242 2571 conuenire

82 2605 219 2686 2inbet3
236 2609 379 2690 peditatu,
396 2630 481 2694 quem
491 2623 580 2678 antea
595 2611 752 2690 debueret,
769 2633 803 2676 se
820 2613 883 2676 lore
898 2620 1070 2674 contentum
1086 2605 1169 2684 dicit,
1188 2625 1242 2668 ne-

119 2730 178 2794 que
194 2711 341 2775 lonunam
358 2724 570 2798 temptaturum
585 2726 636 2779 aut
651 2715 682 2778 in
696 2716 760 2778 acie
773 2714 999 2791 dimicaturum,
1016 2709 1082 2784 sed,
1100 2706 1240 2790 quoniam

120 2811 251 2878 abundet
265 2815 416 2900 equitatu,
440 2818 581 2901 perfacile
604 2838 672 2882 esse
688 2818 769 2882 lactu
785 2811 1062 2879 frumentationibus
1078 2807 1242 2895 pabulatio-
1265 2819 1298 2871 25

85 2913 615 3002 tuitmquettonanospmhibere,
633 2939 729 3002 aequo
740 2917 935 2982 mcdounirno
950 2935 1006 2979 suu
1019 2913 1077 2997 ipsi
1093 2912 1242 2975 frumenta

121 3030 313 3103 comumpant
327 3021 518 3104 redibeieque
533 3022 712 3100 incendunt,
738 3043 795 3105 qua
810 3021 856 3085 rei
872 3017 1026 3084 familiaris
1041 3016 1158 3080 iactura
1174 3032 1242 3097 per·

229 3174 464 3242 lludee,lndlem
476 3179 607 3230 Alton.
730 3176 965 3242 'ungebaturbe
1092 3169 1246 3237 legleuesB

121 3250 245 3302 ‘menet
349 3253 581 3321 bdiupouuerutb.
668 3253 684 3306 1
697 3263 799 3306 utrum
814 3255 1073 3319 bpeurr'nriront.u.
1161 3245 1244 3299 tbel·

120 3329 286 3394 liperuudib.
391 3332 553 3385 tetemb.
659 3327 1050 3383 rem-deduolB‘mrr.lll’.
1155 3325 1244 3377 lbec-

121 3408 181 3459 hm
189 3412 256 3473 port
268 3408 427 3460 conueniunt
434 3413 516 3476 penit
528 3410 553 3474 b,
566 3423 622 3459 om.
635 3407 654 3459 d
662 3424 686 3459 e.
820 3407 848 3459 ll
865 3405 1041 3457 multltndluir
1053 3402 1126 3457 And.
1142 3403 1241 3462 Oeen„

120 3483 301 3536 multitudines
313 3485 424 3552 reliqui.
514 3484 820 3551 leercingotorigiueur
832 3489 896 3536 autu
908 3496 980 3535 cerr.
994 3482 1029 3533 B.
1134 3476 1167 3531 lb
1179 3475 1243 3528 Tre·

121 3561 178 3612 nerl
191 3562 449 3630 bicetdetnceprB.
555 3561 690 3626 ulreruut,
703 3560 916 3626 neeabluerrnt,
925 3558 1069 3621 Alton,-
1082 3554 1240 3609 immuto.

230 3638 399 3692 lbueutrlb.
508 3640 539 3693 lb
555 3638 825 3707 lerunt1luernntlt.
929 3637 976 3689 uod
989 3635 1086 3688 elector
1098 3647 1135 3682 er.
1147 3644 1192 3695 pr.
1210 3628 1240 3681 0.

230 3715 261 3769 17
274 3725 435 3783 quaeruntur
446 3717 479 3770 B.
625 3717 657 3769 18
670 3715 857 3780 indulgentium
870 3714 897 3764 ir
911 3729 940 3765 se
954 3706 1243 3778 nominetenus-ott-

119 3798 185 3861 perp
198 3796 225 3847 iu
238 3810 267 3848 uu
279 3797 467 3861 indulgentiam
479 3797 616 3864 requirunt
629 3796 682 3860 bu,
698 3795 724 3845 in
738 3808 766 3845 uu
779 3792 941 3858 indulgentie
953 3787 1098 3857 requiritur
1108 3801 1133 3836 e.

123 3870 154 3925 tt
165 3872 344 3925 uduliueuuteu
357 3873 391 3925 B.
504 3874 538 3928 20
550 3874 607 3939 ipre
619 3872 644 3925 B
657 3869 806 3939 ‘perteret
822 3870 868 3921 illo
879 3883 929 3921 ee.
1048 3863 1077 3919 tt
1093 3859 1242 3928 flentque

119 3974 154 3987 -
165 3949 225 4000 buc.
239 3949 270 4001 Ρ.
290 3951 349 4003 tet.
489 3952 523 4009 22
539 3952 613 4003 millu
630 3965 685 4002 em.
703 3949 741 4015 B,
762 3948 834 3999 lineo
851 3948 960 4001 numeri
978 3950 1060 3996 notae
1079 3940 1244 4009 superducta

120 4027 299 4092 domm
313 4031 341 4077 in
361 4043 387 4078 a.
492 4040 496 4047 ·
543 4029 578 4084 2³
595 4041 671 4096 quum
689 4038 726 4079 su.
742 4024 836 4093 prr-B·
989 4018 1245 4074 unteububnerutB

123 4102 295 4171 ’μονίμου
315 4111 393 4157 uuteu
412 4104 532 4159 bubnertt
544 4122 575 4172 e,
593 4113 656 4158 unte
668 4103 791 4156 butuertt
801 4116 829 4155 e.
1004 4097 1134 4156 structu
1149 4095 1207 4147 nole
1221 4097 1247 4147 A

120 4180 249 4250 (ΜΒ,
268 4181 420 4236 uutueiee.
571 4180 783 4246 tbluetuurbe,
798 4196 887 4233 none.
1017 4177 1052 4231 tt
1065 4171 1244 4244 queubreib

121 4266 162 4328 et,
184 4265 314 4330 puiu,e.
