2692 4688
440 174 581 247 (10111.
595 173 661 247 1111
682 174 905 252 cttt.1-·s.
1214 176 1281 248 ³8

100 346 333 430 uenationibus3
349 368 426 433 qnae
439 370 491 414 res
504 361 538 415 et
551 350 609 418 cibi
623 372 734 437 genere
750 363 782 418 et
795 354 945 419 cotidiana
956 350 1177 418 exercitatione
1191 359 1223 414 et
1235 347 1258 414 9

99 455 241 520 libertate
255 451 348 530 uitae,
365 473 451 535 quom
467 474 486 517 a
500 455 600 538 pueris
616 457 698 521 nullo
714 456 810 521 udicio
824 466 878 522 aut
892 454 1048 540 disciplina
1056 451 1223 520 adsuefacti

99 556 317 624 nihilomnino
339 565 444 621 eontra
465 557 650 621 uoluntatem
672 560 803 639 iaciant,
826 571 859 624 et
880 561 963 625 uires
983 559 1037 622 alit
1058 567 1091 621 et
1108 553 1222 620 inmani

97 658 479 744 corporum'rnagnitudine
494 660 630 724 homines
647 661 747 724 efficit.
792 660 894 746 Atque
915 663 948 726 in
962 682 1028 724 eam
1043 652 1279 724 accusans-1⁰

61 776 79 836 tt
102 762 236 827 tudinem
252 761 461 840 adduxerunt,
487 773 521 826 ut
541 764 616 827 loeis
632 763 833 849 frigidissimis
848 784 944 847 neque
960 763 1086 827 uestitus
1100 770 1223 845 praeter

99 865 186 950 pellis
202 862 347 928 baberent
360 863 536 946 quicquam,
561 887 683 947 quarum
700 876 822 950 propter
837 868 1034 950 exiguitatem
1050 883 1159 946 magna
1174 869 1222 926 est

98 966 234 1050 corporis
250 985 322 1048 pars
335 975 459 1048 aperta,
482 978 513 1031 et
534 966 708 1033 lassarentur
727 970 758 1034 in
779 968 960 1033 fluminibus.
997 962 1258 1035 Mercatoribus8

99 1079 148 1135 est
161 1068 260 1133 aditus
276 1066 371 1152 magis
386 1087 443 1145 eo,
461 1079 505 1145 ut,
522 1090 600 1152 qnae
615 1070 693 1136 bello
709 1073 862 1157 ceperint,
879 1070 984 1155 quibus
999 1069 1149 1145 cendant,
1168 1067 1220 1130 ba·

95 1172 201 1247 beant,
218 1191 373 1253 quamquo
386 1169 474 1235 ullam
491 1192 554 1236 rena
570 1173 608 1236 ad
623 1193 657 1237 se
670 1175 817 1258 inportari
833 1175 1014 1239 desiderent.
1032 1169 1113 1252 Quin
1130 1165 1257 1234 etiam2

37 1286 74 1341 tt)
96 1274 251 1349 iumentis,
269 1272 375 1355 quibus
390 1271 611 1339 maximeGalli
627 1276 957 1360 delectanturquaeque
971 1275 1002 1338 in
1024 1295 1098 1337 enso
1114 1280 1221 1355 parant
1250 1352 1281 1363 „

97 1377 212 1462 pretio,
239 1371 384 1439 Germani
398 1375 559 1459 inportatis
575 1399 634 1440 non
651 1388 798 1458 utuntur,
823 1379 876 1443 sed
897 1399 973 1466 quae
988 1387 1059 1441 sunt
1074 1367 1149 1458 spud
1165 1392 1220 1437 eoa

97 1489 181 1557 nata,
198 1498 290 1562 parua
306 1487 396 1558 atque
411 1479 567 1552 deformia,
585 1480 658 1544 baec
673 1480 823 1544 cotidiana
839 1479 1057 1544 exercitatione
1069 1476 1220 1541 summiut

96 1582 160 1646 siut
172 1581 285 1646 laboris
299 1580 441 1643 efficiunt.
464 1578 664 1663 Equestribus
679 1584 801 1666 proeliis
816 1601 906 1667 saepe
922 1603 962 1646 ex
977 1581 1061 1664 equis
1076 1571 1254 1644 desiliuntd

97 1705 133 1748 ac
147 1682 273 1768 pedibus
288 1681 486 1766 proeliantur,
508 1704 660 1768 equosque
675 1683 778 1748 eodem
794 1705 952 1749 remanere
968 1683 1096 1765 uestigio
1111 1682 1219 1745 adsue·

41 1797 73 1851 ts
96 1787 243 1864 lecerunt,
260 1785 297 1848 ed
313 1805 388 1867 quos
403 1807 436 1849 se
452 1784 603 1863 celeriter,
621 1808 687 1850 cuna
704 1808 778 1851 usus
794 1798 853 1861 est,
870 1786 1037 1868 recipiunt3
1055 1803 1151 1866 neque
1167 1778 1255 1846 eod

95 1909 161 1952 runa
177 1887 310 1951 moribus
327 1887 440 1971 turpius
457 1887 611 1970 quicquam
627 1900 680 1952 aut
693 1889 822 1953 inertius
838 1888 984 1966 babetur,
1007 1906 1093 1970 quam
1116 1883 1219 1968 epbip·

95 1989 154 2074 piis
170 1989 224 2052 uti.
241 1986 353 2073 ltaque
368 1991 549 2072 adquenauis
566 2012 722 2055 numerum
732 1991 966 2075 ephippiatorum
975 1990 1105 2072 equitnm
1114 2007 1217 2070 quana·
1232 1980 1252 2048 b

95 2092 145 2155 uis
162 2091 248 2174 pauci
263 2092 344 2156 odire
358 2093 481 2156 audent.
499 2091 610 2158 Vinum
628 2095 712 2157 adse
727 2093 848 2156 omnino
863 2092 1008 2174 inportari
1024 2112 1084 2154 non
1100 2090 1215 2165 sinunt,
1230 2083 1254 2150 6

94 2193 172 2276 quod
188 2212 224 2256 ea
239 2213 275 2257 re
289 2194 325 2258 ad
339 2195 471 2259 laborem
489 2197 645 2260 serendum
666 2195 877 2260 remollescere
893 2194 1027 2256 homines
1042 2202 1130 2272 atque
1145 2190 1217 2252 ello-

43 2304 74 2360 td
93 2295 204 2359 minari
218 2295 415 2361 arbitrantur.
447 2295 571 2362 Publice
586 2299 746 2363 maximam
763 2307 868 2382 putant
883 2316 952 2360 esse
967 2294 1103 2370 laudem,
1128 2287 1255 2373 qnam!

92 2397 242 2463 latissime
255 2421 274 2464 a
288 2399 352 2465 suis
368 2400 477 2465 linibus
492 2422 600 2465 uacare
622 2422 730 2485 agros:
755 2401 810 2464 bac
833 2420 868 2463 re
890 2397 1055 2483 significari
1076 2414 1217 2479 maguum

94 2519 250 2565 numerum
264 2502 431 2566 ciuitatium
447 2525 532 2568 suam
543 2504 601 2567 uim
611 2504 762 2569 sustinere
777 2525 838 2568 non
854 2523 954 2588 posse.
979 2499 1085 2584 ltaque
1100 2519 1159 2564 nna
1174 2492 1252 2562 ext

93 2613 178 2687 parto
192 2624 211 2667 a
227 2599 338 2669 Sueuis
353 2606 477 2671 circiter
491 2606 573 2670 milia
589 2628 729 2691 passuum
745 2616 892 2673 sexcenta
907 2605 972 2690 agri
988 2624 1098 2668 uacare
1113 2602 1215 2664 dicun·

93 2715 153 2772 tna.
197 2704 249 2771 At
263 2708 391 2772 alteram
406 2720 521 2794 partem
536 2712 699 2775 succedunt
716 2707 799 2788 Vbii,
816 2729 942 2794 quorum
957 2707 1016 2770 luit
1028 2706 1136 2770 ciuitas
1151 2698 1251 2768 am·3

197 3015 216 3072 2
228 3015 296 3083 twd
308 3030 323 3067 a
336 3018 424 3084 pueris
437 3020 515 3073 codd.
529 3021 560 3074 P.
573 3023 619 3078 25.
736 3021 882 3073 adsuefacti
894 3021 929 3071 Β.
1052 3015 1068 3067 3
1080 3011 1178 3065 inmani
1189 3010 1216 3064 A

92 3090 115 3141 Β
123 3090 188 3143 ΟΒ.
313 3096 507 3151 babduxernnt
518 3100 543 3151 Β
551 3101 615 3151 Cli.
737 3096 832 3164 neque]
848 3114 897 3148 non
910 3097 975 3148 ΒΕ.
1099 3096 1113 3143 d
1127 3092 1213 3159 pellit»

93 3181 145 3217 eos
157 3167 251 3235 pelles,
264 3169 319 3221 ΑΒ
328 3173 372 3223 Cb
387 3175 469 3226 ‘otest
605 3175 731 3226 baberent
742 3175 798 3227 AB
806 3176 827 3225 θ
840 3176 898 3240 (bio
910 3180 975 3224 unte
988 3170 1104 3239 praeter)
1110 3171 1137 3236 s
1146 3170 1214 3235 {sara

91 3247 200 3311 msa',
216 3247 356 3316 babenti,-
370 3252 561 3306 bebeantlili.
665 3254 801 3320 quiequam
815 3256 848 3306 Β.
970 3253 1121 3305 ilaueotur
1132 3248 1211 3300 codd.

91 3341 192 3378 susm.
205 3327 239 3378 Ρ.
252 3328 298 3380 td.
398 3333 415 3383 8
427 3338 469 3382 est
481 3333 568 3382 aditus
579 3332 606 3383 A
613 3331 638 3383 B
645 3332 835 3397 enectos,
851 3339 892 3382 est
904 3332 935 3381 ad
950 3346 995 3382 eos
1009 3331 1097 3380 aditus
1108 3345 1136 3380 c.

92 3419 123 3455 aa
135 3406 220 3471 nasta
232 3406 304 3472 dos.
411 3410 426 3461 b
440 3410 494 3460 ulla
507 3412 539 3461 ad
552 3426 580 3461 se
593 3411 618 3461 b.
736 3409 862 3477 inportari
876 3411 900 3459 A
907 3409 1004 3460 BCD.
1144 3403 1213 3454 desl-

91 3482 184 3535 deeaat
195 3485 233 3535 A.
340 3486 371 3537 ld
385 3485 470 3539 Gallia
484 3489 631 3539 delectatur
642 3489 691 3555 es.
814 3489 934 3554 (inpenso
945 3490 979 3549 Β)
994 3488 1118 3537 immenso
1134 3482 1211 3550 dds.

199 3561 229 3612 ll
245 3560 392 3627 inportatis
410 3567 467 3631 es,·
485 3567 632 3634 importatis
644 3567 685 3616 bis
697 3567 801 3632 reliqui
813 3566 870 3632 (aad
882 3567 1021 3632 inportatis
1033 3567 1059 3616 A
1067 3567 1091 3615 B
1099 3564 1153 3615 On
1161 3562 1211 3627 E),

89 3639 274 3707 inportatioiis
289 3641 507 3710 Oudendorpdsa.
648 3647 677 3697 ts
692 3660 772 3711 parua
785 3662 801 3695 o
813 3645 828 3694 b
838 3643 939 3709 odes5
953 3657 1019 3709 pana
1032 3657 1092 3692 eom
1106 3656 1213 3706 reupes·

88 3729 121 3782 μ
132 3722 188 3784 adp
200 3722 314 3782 pesets'a
326 3723 532 3788 circumamicta
546 3722 585 3785 A,
600 3737 681 3788 prauo
695 3722 741 3783 (B)
751 3722 844 3773 Cllld.
961 3723 994 3773 ts
1006 3717 1212 3770 adsuefecerunt

86 3795 253 3858 ΑΒΟΒΒ,·
267 3796 449 3850 assuefaciunt
461 3800 526 3851 ded
537 3806 580 3863 et,
595 3804 645 3865 qus·
656 3797 741 3851 asuet'.
751 3835 758 3857 ‚
766 3801 797 3864 s.
887 3799 918 3850 15
932 3795 984 3864 est]
999 3797 1084 3862 poscit
1097 3794 1208 3863 bedej.

197 3875 230 3928 lb
243 3876 379 3943 quiequam
392 3878 426 3929 B.
594 3878 734 3945 etpbtapiis
747 3878 784 3940 B,
800 3876 927 3943 epbiapiis
942 3878 1016 3927 ‘mse
1030 3873 1170 3925 nonnnttt'
1182 3880 1210 3926 at

84 3964 138 4001 aas.
150 3967 189 4003 ι.
203 3951 239 4003 Β.
355 3954 386 4006 17
400 3954 605 4020 epblaptatorum
618 3954 642 4005 Β
657 3956 729 4004 ‘mse
744 3954 897 4005 noanultt'.
1038 3954 1070 4006 18
1084 3952 1210 4020 inportari

85 4029 114 4081 A
120 4032 145 4080 Β
154 4030 219 4085 OD.
325 4033 423 4098 sinunt]
438 4033 605 4100 patianturs.
711 4035 741 4086 21
757 4033 788 4083 ub
801 4033 855 4083 suis
870 4033 895 4082 b.
1001 4033 1109 4101 uacare]
1118 4031 1208 4096 uagari

82 4108 181 4161 nen.
306 4111 342 4166 22
353 4113 500 4167 ciuitatium
512 4113 553 4176 A,-
566 4112 700 4166 elnitatem
707 4114 741 4180 j,
756 4113 891 4164 ciuitatum
904 4111 1017 4179 reliqui.
1157 4124 1207 4161 non

82 4187 202 4254 peteme
217 4185 268 4252 ss.
405 4190 444 4240 lta
455 4204 507 4240 nna
522 4189 554 4242 0.
691 4191 726 4245 13
739 4196 865 4241 sexcenta
877 4189 917 4252 A,
932 4196 1054 4241 sescenta
1066 4190 1107 4249 B,
1121 4202 1153 4237 no
1164 4185 1205 4248 Β,

81 4267 203 4318 sexceni
215 4266 254 4330 dd,
268 4273 372 4320 centum
385 4266 418 4335 d,
434 4268 489 4335 os,
504 4283 518 4319 e
531 4284 556 4320 e.
667 4269 701 4323 ii
713 4265 785 4335 Vbii]
799 4268 843 4319 nbi
856 4267 883 4319 bi
898 4267 935 4331 C,
949 4268 994 4318 ubi
1007 4273 1035 4318 et
1046 4265 1114 4315 ΒΒ.
