2692 4688
437 186 581 257 cuttu:
595 189 657 259 Vll
670 185 765 257 ΕΑΒ.
781 187 935 259 αἶ’-02.
1252 189 1315 257 ddi

137 361 389 433 nubleloduuum
405 380 513 427 uersus
529 363 640 445 missa,
656 383 733 446 quae
748 372 863 427 tantum
878 360 1098 447 progrediatur,
1115 372 1259 445 quautm

138 488 234 534 naues
249 466 488 551 processissent,
514 465 644 549 reliquas
669 466 770 549 copias
790 476 895 528 contra
910 461 1078 528 Labienum
1094 466 1257 530 duxeruut.

137 569 241 637 Prima
256 569 325 634 luce
340 579 372 632 et
386 569 482 633 nostri
504 589 610 632 omnes
632 579 721 633 amnt
735 565 951 652 transportati,
978 576 1010 631 et
1030 565 1159 630 boetium
1175 567 1256 631 acies
1271 565 1318 639 ἥ

139 670 331 739 cernebatur.
360 667 516 733 Labienus
532 670 642 735 milites
657 671 845 748 cohortatus,
867 681 900 734 ut
914 692 987 736 suae
1004 670 1148 754 pristinae
1162 668 1295 734 uicto-'2

102 788 119 841 t
143 776 183 841 tis
198 784 247 838 ‘et
271 771 557 837 secundissimorum
584 772 764 856 proeliorum
789 773 956 839 retinerent
976 772 1150 837 memoriam
1171 779 1261 855 atque
1292 784 1296 789 ’

138 877 235 962 ipsum
257 869 443 949 Caesarem,
467 875 550 939 cuiue
573 875 662 938 ductu
682 894 899 960 saepenumero
922 875 1024 940 lrostes
1045 882 1260 957 superassent,

139 976 450 1064 praesentem-edesse
464 976 694 1056 existimarent,
711 979 763 1041 dat
777 978 895 1061 signum
912 977 1029 1061 proclii.
1070 973 1173 1040 Primo
1187 970 1296 1043 con-‚3

141 1100 234 1145 cursu
247 1079 286 1145 ab
301 1079 410 1145 dextm
425 1099 540 1156 cornu,
557 1079 607 1145 ubi
623 1081 748 1164 septima
762 1080 842 1164 legio
857 1081 1057 1157 constiterat,
1082 1079 1184 1143 bostea
1198 1075 1261 1161 pel·

139 1181 243 1247 luutur
254 1192 344 1265 atque
358 1182 391 1245 in
406 1183 505 1265 lugam
522 1181 740 1261 coniciunturq'
753 1182 790 1245 ab
805 1183 947 1260 sinistro,
972 1200 1058 1266 quem
1073 1183 1172 1246 locum
1188 1175 1297 1245 duo-4

83 1295 116 1349 tt
140 1284 255 1349 decima
273 1284 352 1368 legio
367 1283 515 1362 tenebat,
539 1305 606 1347 cum
628 1284 714 1368 primi
737 1285 858 1349 ordines
881 1284 1009 1349 bostium
1033 1282 1171 1349 transfixi
1192 1280 1260 1347 telis

142 1386 356 1465 concidissent,
372 1395 474 1451 tamen
489 1386 637 1450 acernme
652 1385 759 1469 reliqui
775 1384 969 1464 resistebant,
987 1408 1043 1451 uec
1058 1385 1147 1450 dabat
1160 1382 1260 1468 suspi-

141 1488 256 1553 cionem
273 1490 362 1573 togae
377 1487 545 1572 quisquam.
576 1484 645 1572 lpse
665 1489 728 1553 dux
747 1489 876 1554 bostium
891 1485 1114 1573 Camulogenus
1129 1487 1193 1552 suis
1206 1483 1260 1550 ad·
1275 1482 1296 1549 b

141 1601 206 1655 erut
220 1600 309 1674 atque
324 1610 377 1655 eos
392 1590 617 1655 cohortabatur.
663 1587 785 1655 lnccrto
800 1612 878 1656 nune
893 1593 983 1656 ctiam
999 1591 1086 1656 exitu
1101 1588 1258 1665 uictoriae,
1273 1581 1297 1649 6

139 1713 207 1756 cunr
222 1692 368 1777 septimae
382 1692 511 1777 legionis
526 1691 654 1757 tribunis
668 1704 751 1758 esset
765 1694 953 1773 nuntiatum,
981 1714 1056 1776 quae
1079 1693 1111 1755 in
1134 1690 1260 1755 sinistro

85 1805 117 1858 ts
141 1805 448 1880 commorerentur,
472 1806 540 1880 post
561 1804 677 1880 tergum
700 1796 829 1861 bostium
844 1796 992 1880 legionem
1008 1794 1205 1859 ostenderunt
1218 1790 1262 1857 ei·

141 1918 260 1980 guoque
274 1897 452 1963 intulerunt.
495 1895 548 1962 Nc
564 1917 600 1961 co
616 1898 731 1980 quidem
756 1909 888 1981 tompore
903 1899 1056 1981 quisquam
1072 1896 1140 1961 loeo
1153 1891 1258 1969 cessit,
1273 1889 1295 1955 ⁷

142 1999 198 2063 sed
213 1999 409 2066 circumuenti
422 2020 527 2064 omues
542 1999 752 2083 interfectique
767 2011 848 2065 suut.
876 1999 1011 2064 Eandem
1030 2001 1177 2064 loctunam
1193 1989 1297 2059 tulit8

143 2095 377 2186 Camulogenus.
402 2101 445 2165 At
457 2102 491 2181 ii,
509 2102 559 2185 qui
576 2102 723 2185 praesidio
739 2113 844 2165 contra
860 2099 1095 2165 castraLabieni
1111 2098 1199 2163 eraut
1211 2116 1261 2161 re·

142 2202 217 2281 licti,
233 2217 302 2267 cum
317 2202 458 2288 proelium
470 2205 659 2269 commissum
675 2205 841 2281 audissent,
859 2201 990 2266 subsidio
1006 2202 1069 2265 suis
1084 2202 1185 2264 ierunt
1199 2195 1261 2261 col·

85 2314 120 2368 2⁰
141 2303 262 2388 lemque.
274 2318 421 2391 ceperunt
442 2328 537 2389 neque
561 2317 732 2373 nostrorum
748 2306 872 2370 militum
889 2304 1037 2368 uictorum
1052 2303 1194 2386 impetum
1209 2319 1260 2363 su·

142 2407 258 2471 stiuere
272 2418 443 2490 potuerunt.
478 2407 613 2473 Siccam
636 2410 699 2474 suis
723 2408 905 2493 fugientibus
921 2406 1080 2493 permixti,
1104 2424 1179 2489 quos
1200 2400 1297 2468 nond

142 2508 238 2573 siluae
253 2520 428 2594 montesque
444 2522 599 2589 texerunt,
616 2512 653 2575 ab
669 2513 802 2594 equitatu
817 2522 889 2577 suut
903 2510 1066 2575 interlecti.
1088 2506 1153 2572 lloc
1169 2526 1261 2591 nego·
1277 2500 1319 2571 10

141 2610 183 2675 tio
198 2612 337 2679 conlecto
352 2610 506 2679 Labienus
521 2615 684 2679 reuertitur
695 2614 872 2698 Agedicum,
891 2614 938 2678 ubi
955 2614 1153 2698 iupedimenta
1170 2609 1260 2675 totius

251 2870 263 2922 l
278 2868 442 2923 bleloduunm
457 2870 592 2939 Vbertas,
611 2872 780 2926 Metlosedum
793 2875 819 2926 A
827 2890 843 2924 u
853 2875 867 2925 b
876 2891 889 2923 u
898 2874 929 2937 d,
944 2869 1114 2924 Metlosedum
1127 2868 1165 2932 Β,
1180 2865 1263 2918 ‘etlo-

142 2947 249 3013 sedum,
264 2947 408 3000 eliosedum
422 2954 454 2999 et·
462 2950 605 3014 plusculum,
621 2952 737 3003 iosedum
750 2951 826 3002 ultt'.
840 2952 871 3003 P.
885 2950 918 3002 tt
930 2967 988 3015 sqq.
1157 2958 1264 3012 proste-

143 3022 230 3075 diatur
241 3025 268 3075 A
275 3024 299 3075 Β
308 3025 377 3091 OD,
393 3027 594 3093 progrederetur
606 3044 656 3078 eu.
669 3028 700 3079 P.
714 3030 758 3080 85.
907 3027 922 3078 t
938 3023 1029 3090 nostri]
1044 3023 1108 3073 nibil
1120 3038 1157 3073 m.
1167 3020 1260 3087 prust.

250 3104 267 3155 l
280 3103 432 3156 cobortatur
445 3106 468 3155 b.
621 3108 635 3157 5
650 3114 676 3158 et
688 3105 932 3156 secundissimorum
945 3104 970 3154 Β
984 3101 1118 3166 ‘reliqui',
1132 3107 1160 3151 ct
1171 3106 1210 3150 tot
1222 3112 1263 3150 se·

143 3180 359 3232 castissimorum
374 3182 465 3234 bede.
584 3183 729 3234 retinerent
742 3182 889 3231 memoriam
902 3180 926 3230 B
933 3217 941 3243 ,
957 3170 1105 3230 merdoriam
1118 3177 1263 3229 retinerent

144 3272 162 3308 u
174 3262 253 3311 etsie
274 3258 336 3308 ‘uel
352 3262 462 3310 inemo
474 3255 584 3312 ordine’
604 3260 752 3312 Acuca:
772 3263 802 3309 a'n
815 3275 845 3322 e,
864 3274 900 3308 ex
918 3274 970 3324 quo
991 3253 1265 3323 Elberltnga'usm'ds‘l

141 3339 255 3398 praeter
267 3335 412 3387 retinerent
423 3343 549 3401 annotat,
564 3337 636 3389 talem
647 3335 713 3387 ordo
726 3341 808 3401 atque
821 3339 848 3386 tn
861 3351 879 3385 u
892 3351 949 3385 casa
961 3336 1081 3386 uidetur.
1193 3333 1209 3384 b
1222 3348 1265 3385 su·

142 3418 266 3474 peraaset
276 3416 341 3462 cute
354 3428 425 3465 corr.
439 3414 472 3465 B.
593 3415 607 3467 7
620 3421 784 3481 praesentem
798 3428 851 3467 om.
866 3412 963 3463 erd.
980 3413 1068 3463 Ouon.
1190 3408 1265 3461 dbo-

143 3493 200 3537 etes
212 3487 344 3554 pelluntur
356 3498 434 3558 utque
446 3508 500 3544 om.
513 3493 540 3543 A
548 3509 561 3542 e
573 3493 646 3545 And.
662 3494 751 3545 Occu.
867 3493 882 3543 ll
896 3491 1047 3542 duodecima
1059 3506 1073 3540 e
1085 3490 1174 3542 Aldus
1186 3490 1266 3540 stete

144 3566 196 3612 aut
204 3579 244 3615 nu
254 3564 281 3617 A
286 3564 325 3630 da
333 3569 423 3633 qnluta
436 3569 537 3620 decime
550 3570 575 3621 B
586 3575 613 3620 et
623 3573 664 3620 sto
677 3570 733 3619 ‘uel
744 3584 777 3621 xv
789 3567 915 3634 relr'qut’.
938 3613 940 3617 Α
1034 3567 1066 3618 lb
1079 3566 1139 3618 telis
1152 3567 1176 3618 B
1190 3565 1265 3617 ‘reda'-

143 3639 215 3704 Ws
230 3640 291 3709 pilis
304 3644 374 3697 cde.
482 3647 514 3699 13
528 3654 605 3712 atque
618 3647 675 3714 eus]
688 3663 784 3713 eosque
798 3647 824 3697 b.
938 3646 1090 3696 cobortatns
1103 3646 1127 3696 Β
1140 3646 1215 3696 ‘mse
1228 3645 1265 3711 δ’,

142 3717 297 3771 bortabatur
310 3724 353 3774 be.
477 3725 578 3778 incerto
592 3727 616 3777 Β
630 3728 703 3776 ‘mse
715 3723 861 3791 plerique'‚
876 3732 903 3776 at
915 3724 1016 3775 incerto
1028 3738 1078 3772 eat.
1200 3737 1267 3775 nuno

144 3795 254 3847 etiamB
266 3798 358 3851 ‘iidem
371 3800 470 3863 codd),
485 3802 563 3853 etiarn
577 3818 644 3852 nunc
653 3817 678 3852 u.
787 3801 907 3852 ltcuma
919 3800 1030 3866 septima
1043 3797 1185 3863 legioucB,
1198 3798 1266 3851 ‘oum

144 3884 206 3923 auur
217 3872 393 3937 legionenses.
408 3876 509 3927 r'a'dem’.
616 3878 647 3928 lb
661 3875 858 3927 iutullcruutB.
968 3890 1016 3926 nco
1024 3873 1126 3941 quidem
1134 3890 1171 3925 m.
1178 3890 1222 3942 pr.
1229 3875 1263 3927 Β.

236 3951 395 4005 ilcirueuti
408 3971 444 4006 m.
455 3971 501 4021 pr.
515 3956 548 4007 B.
647 3953 921 4011 ,interlectisuutbe
1029 3953 1060 4005 ld
1073 3952 1138 4004 albi
1152 3955 1218 4005 Β.’

144 4031 997 4098 eostracastraLubionibede,coutraLabieuunB‘cetcrt’.
1063 4045 1064 4049 ’
1107 4030 1267 4084 lbcommis-

145 4107 214 4175 sura]
226 4125 287 4161 esse
300 4109 364 4161 odd.
382 4112 405 4160 b.
511 4112 544 4166 20
557 4115 700 4176 coeperunt
712 4108 744 4159 Β.
860 4109 988 4163 uicturum
1002 4124 1016 4159 e
1028 4108 1100 4161 Aac.
1112 4109 1216 4173 Ouum,
1230 4108 1269 4161 ni·

145 4190 297 4252 ctorumque
309 4186 333 4237 B
348 4187 484 4253 ‘rels'qua'’.
629 4187 663 4241 23
677 4185 834 4250 Agedincum
846 4185 870 4235 Β
883 4185 1033 4253 ‘plerique',
1045 4185 1221 4251 Adpedincurn
1235 4185 1266 4249 b,·

145 4262 304 4329 Aqoudicum
317 4281 345 4318 u.
453 4265 627 4333 inpedimento
639 4266 672 4316 Β.
