2684 4694
16 258 22 269 Χ
66 176 133 247 aas
469 171 599 239 naum
614 170 924 239 anaxanoumr

123 348 182 433 ipsi
203 347 259 413 sibi
284 343 439 410 timebant.
471 343 519 409 lta
536 345 586 427 qui
611 366 689 409 unus
705 365 745 408 ex
760 345 898 408 omnibus
914 364 950 409 eo
966 345 1079 429 proelio
1094 343 1175 412 hene
1191 366 1259 413 rem

124 446 231 530 gessit,
249 444 331 506 solus
348 463 414 506 cum
430 462 485 505 sua
500 441 681 524 quadriremi
696 441 821 505 uictrice
836 442 924 524 perit.

67 538 112 611 zd
210 535 273 603 Sub
288 537 366 600 idem
382 548 496 621 tempus
513 534 705 600 Mithridates
713 534 931 618 Pergamenus,
946 554 1073 618 magnae
1088 535 1258 605 nobilitatis

124 633 203 697 domi
220 632 423 715 scientiaeque
438 631 469 695 in
484 631 563 695 bello
580 641 610 692 et
626 631 758 708 uirtutis,
773 631 839 694 lidei
853 630 1065 715 dignitatisque
1078 631 1110 694 in
1121 633 1256 701 amicitia

124 725 288 802 Caesaris,
313 727 423 791 missus
446 728 477 791 in
495 722 615 810 Syriam
635 723 831 809 Ciliciamque
853 726 941 790 initio
963 724 1032 789 belli
1048 725 1255 795 Alexandrini
1276 741 1292 795 t

123 822 161 887 ad
177 820 292 885 auxilia
308 819 491 884 arcessenda
507 840 573 882 cum
590 818 705 904 maguis
721 819 827 903 copiis,
838 841 912 902 quas
929 818 1071 883 celeriter
1085 832 1116 884 et
1127 843 1258 907 propen-

123 914 242 979 sissima
259 911 412 976 ciuitatum
428 911 582 976 uoluntate
599 921 629 973 et
644 931 699 975 sua
714 910 870 996 diligentia
885 914 1069 988 coniecerat,
1081 914 1191 979 itinere
1202 937 1257 1001 pe·

87 1016 237 1092 2destri,
256 1036 313 1097 quo
330 1013 520 1097 coniungitur
535 1013 692 1098 Aegyptus
711 1008 840 1099 Syriae,
858 1009 1012 1078 Pelusium
1029 1014 1147 1078 adducit
1161 1017 1256 1103 idque

124 1118 261 1205 oppidum
286 1117 371 1179 firmo
393 1114 541 1198 praesidio
565 1124 739 1200 occupatum
755 1112 894 1181 Achillae
910 1128 1032 1201 propter
1046 1118 1255 1201 opportunita-

124 1228 184 1284 tem
200 1219 258 1282 loci
275 1221 417 1300 (namque
432 1227 495 1280 tota
510 1216 666 1302 Aegyptos
682 1217 837 1281 maritumo
854 1239 980 1282 accessu
990 1214 1102 1295 Pharo,
1119 1218 1255 1303 pedestri
1278 1232 1309 1285 to

122 1318 245 1387 Pelusio
268 1320 351 1383 uelut
372 1320 511 1384 claustris
534 1319 647 1383 munita
671 1318 883 1402 existimatur)
907 1331 1029 1405 repente
1051 1321 1166 1405 magnis
1190 1323 1252 1385 cir·

125 1424 292 1488 cumdatum
318 1421 410 1505 copiis
433 1421 586 1505 multiplici
610 1422 758 1505 praesidio
783 1422 977 1506 pertinaciter
991 1425 1251 1507 propugnantibus

123 1537 154 1590 et
185 1525 337 1607 copiarum
368 1524 591 1607 magnitudine,
623 1544 696 1607 quas
719 1523 852 1608 integras
875 1523 1038 1588 uulneratis
1060 1525 1251 1609 defessisquc

123 1625 301 1702 subiciebat,
321 1634 350 1687 et
365 1625 590 1708 perseuerantia
607 1626 834 1710 constantiaque
850 1625 1046 1710 oppugnandi,
1061 1648 1119 1709 quo
1136 1626 1183 1689 die
1201 1639 1252 1692 est

124 1729 298 1815 adgressus,
309 1726 341 1788 in
356 1746 440 1789 suam
457 1726 573 1812 redegit
588 1739 767 1814 potestatem
783 1726 1015 1812 praesidiumque
1031 1726 1071 1789 ibi
1083 1749 1170 1791 suum
1183 1729 1249 1793 eol·
1277 1743 1307 1796 ts

88 1830 108 1896 3
123 1830 244 1896 locauit.
276 1826 349 1892 lnde
372 1849 405 1891 rc
427 1828 605 1914 benegesto
621 1827 845 1894 Alexandream
862 1829 898 1893 ad
914 1824 1075 1895 Caesarem
1092 1832 1251 1895 contendit

123 1950 286 2015 omnesque
302 1951 354 1993 eas
370 1931 520 2014 regiones,
533 1953 587 2016 por
602 1954 676 2014 quas
692 1933 751 1996 iter
767 1933 905 2009 iaciebat,
918 1932 1096 1996 auctoritate
1108 1953 1156 2012 ea,
1171 1954 1249 2016 quae

123 2034 294 2119 plerumque
317 2033 401 2096 adest
424 2034 550 2113 uictori,
576 2045 698 2118 pararat
714 2046 801 2118 atque
817 2036 849 2099 in
864 2033 1024 2098 amicitiam
1041 2029 1183 2099 Caesaris
1197 2057 1248 2099 re·

63 2137 107 2208 27
122 2136 257 2221 degerat.
294 2131 397 2201 Locus
421 2146 467 2199 est
490 2137 553 2200 lere
575 2138 731 2221 regionum
756 2138 875 2201 illarum
897 2135 1098 2200 nobilissimus
1122 2137 1246 2199 nonita

121 2239 210 2325 longe
227 2238 263 2303 ab
279 2238 487 2317 Alexandrea,
505 2240 553 2322 qui
570 2240 741 2303 nominatur
756 2237 864 2319 Delta3
890 2239 968 2321 quod
985 2259 1092 2302 nomen
1109 2236 1245 2302 asimili·
1269 2249 1301 2305 2⁰

85 2342 224 2410 2ludine
246 2342 365 2407 litterae
388 2343 519 2426 accepit:
546 2362 614 2403 nam
639 2363 708 2426 parc
724 2342 867 2425 quaedam
884 2341 1013 2404 llumiuis
1030 2338 1094 2404 Nili
1111 2340 1245 2404 deriuata

120 2445 201 2508 inter
222 2465 254 2506 se
278 2442 390 2505 duobus
414 2442 570 2506 itineribus
595 2443 734 2527 paulatim
757 2444 885 2506 medium
908 2443 989 2505 inter
1004 2464 1038 2506 se
1055 2442 1181 2527 spatium
1198 2464 1245 2505 re·

84 2544 257 2628 dlinquens
281 2543 485 2607 diuersissime
511 2543 547 2606 ad
570 2543 640 2607 litus
664 2545 822 2609 interuallo
847 2545 923 2608 mari
945 2545 1149 2628 coniungitur.
1185 2539 1243 2607 Cui

119 2648 186 2713 loco
208 2668 273 2709 cum
295 2645 531 2732 adpropinquare
547 2644 742 2710 Mithridaten
760 2669 815 2711 rex
832 2647 1025 2730 cognouisset
1040 2656 1070 2709 et
1086 2655 1245 2708 transeun-

120 2750 186 2815 dum
211 2749 238 2811 ei
261 2749 368 2813 llumcu
385 2749 496 2825 sciret,
514 2770 637 2831 magnas
654 2751 798 2813 aduersus
816 2771 881 2814 eum
898 2749 998 2834 copias
1015 2748 1112 2825 misit,
1139 2747 1245 2830 quibus
1266 2757 1298 2808 25

119 2850 168 2917 uel
190 2852 325 2936 superari
351 2851 502 2933 delerique
518 2849 716 2916 Mithridaten
739 2852 787 2914 uel
810 2853 876 2915 sine
898 2851 986 2914 dubio
1009 2850 1131 2915 retineri
1154 2870 1243 2931 posse

82 2953 103 3017 4
119 2954 267 3018 credebat.
295 2951 546 3035 Quemadmodum
563 2962 661 3016 autem
678 2953 800 3038 optabat
815 2975 880 3016 eum
898 2955 990 3032 uinci,
1004 2955 1046 3017 sic
1061 2952 1132 3013 satis
1151 2950 1242 3012 babe-

84 3053 104 3119 5
119 3054 169 3117 bat
191 3056 386 3120 interclusum
409 3077 426 3118 a
443 3051 576 3119 Caesare
592 3078 609 3119 a
625 3077 658 3120 se
674 3054 810 3120 retineri.
841 3051 926 3138 Quae
943 3058 1052 3140 primae
1068 3052 1169 3137 copiae
1185 3053 1242 3116 llu-

118 3175 185 3217 men
202 3176 218 3218 a
234 3155 322 3220 Delta
341 3158 469 3222 transire
486 3168 516 3221 et
530 3155 699 3221 Mithridati
715 3178 874 3221 occurrere
891 3167 1073 3242 potuerunt,
1098 3153 1241 3241 proelium

119 3257 332 3320 commiserunt
356 3261 532 3323 festinantes
558 3261 727 3345 praeripere
750 3260 999 3343 subsequentibus
1022 3258 1169 3322 uictoriae
1193 3278 1244 3319 so·
1266 3266 1298 3319 bt

79 3353 267 3421 licietatem.
325 3356 459 3440 Quorum
492 3363 630 3445 impetum
661 3359 854 3425 Mithridates
884 3383 988 3444 magna
1018 3382 1083 3423 cum
1114 3358 1243 3444 pruden-

227 3463 236 3512 l
253 3462 290 3511 lto
304 3464 348 3528 qui
361 3464 399 3516 M.
412 3466 556 3531 Haupta'ua,
573 3468 660 3533 itaque
673 3465 752 3517 codd.
857 3470 873 3522 2
886 3467 954 3533 perit
967 3478 983 3514 a
995 3464 1013 3517 2
1025 3463 1105 3526 dect,
1120 3463 1198 3529 periit
1210 3479 1239 3512 u.

227 3539 394 3591 bmlsrisab.
501 3543 631 3595 Siriama.
737 3545 830 3595 initib.
928 3543 1131 3595 icinitatiume.

117 3615 133 3667 8
145 3613 270 3682 Aegiptns
283 3632 310 3667 u.
415 3619 533 3686 adducit]
548 3621 657 3671 aduenit
668 3621 811 3672 Daumius.
933 3622 947 3672 9
961 3621 1090 3673 Acbilliae
1103 3635 1128 3669 a.

117 3694 319 3758 oportunitatem
329 3713 356 3748 a.
462 3697 627 3764 lllAeqiptos
636 3715 663 3760 o,
677 3697 811 3765 Aegyptus
820 3713 847 3747 u.
940 3699 1090 3749 maritumos
1100 3711 1160 3746 cant
1170 3709 1245 3759 pun-

117 3775 320 3836 ctornprrsn.
427 3774 677 3837 ttmngntsomb.
786 3777 1039 3842 lapagoaottbnab.
1148 3773 1245 3826 laad-

114 3860 222 3909 greasus
234 3865 261 3899 α.
367 3852 399 3904 16
411 3851 602 3903 Alexandream
616 3869 664 3916 ac,
678 3851 865 3905 Alexandriam
879 3871 906 3905 a.
1012 3855 1242 3921 lsspacaratnnna

115 3921 170 3972 det.
185 3927 290 3974 etcorr.
300 3941 326 3987 a,
343 3934 641 3991 pacaretantaccm5
656 3929 774 3995 placarat
783 3932 878 3981 ‘cetera‘
883 3932 958 3981 msa)
1065 3931 1237 3983 lditaom.

222 4000 429 4054 20Aleaandrea
441 4020 458 4053 c
467 4022 489 4069 o,
504 4007 700 4058 Alexandrian.
805 4009 1007 4073 tricaspinos,
1023 4010 1128 4077 repitit.

114 4078 416 4142 deriuataobcldett„
431 4083 496 4134 mire
506 4085 660 4135 deriuatatt.
765 4084 799 4136 23
807 4086 872 4136 mari
880 4088 903 4149 b,
920 4088 1127 4151 omarirolr'an‘.

111 4156 146 4211 24
159 4154 369 4221 adpropinquare
382 4172 407 4206 a.
542 4158 720 4222 Mithridaten,
735 4176 789 4210 non
801 4169 910 4225 -tem,
925 4163 1024 4229 abique
1038 4165 1078 4228 (a)
1094 4162 1194 4213 Graec.
1208 4176 1237 4212 tr.

220 4233 252 4288 26
266 4232 416 4285 Mitridatem
430 4240 457 4285 et
469 4236 502 4290 29
516 4233 643 4289 Mitridati
655 4243 681 4288 ct
694 4239 724 4291 bl
740 4237 889 4291 Mitridates
903 4254 929 4290 a.
1078 4240 1107 4292 at
1123 4239 1241 4305 prudeu-
