2692 4688
539 169 862 237 ...24⁴-

136 349 235 415 mota,
260 339 411 423 equitatus
431 335 575 407 Caesaris
596 342 751 409 sinistrum
773 365 868 409 cornu
890 365 1027 430 premere
1040 345 1150 430 coepit.
1182 345 1265 413 acii

135 442 246 507 eximia
261 443 374 507 cirtam
390 442 534 526 proelium
549 445 650 510 facere
664 445 811 532 incipiunt
820 476 836 521 ,·
856 458 891 512 ut
911 449 996 513 locus
1011 448 1043 512 in
1058 448 1124 513 acie
1138 450 1176 513 ad
1190 451 1264 516 sab-

134 544 240 609 aidium
256 544 620 610 ueniundinondaretur’.
645 545 915 635 llicGlandorpius
925 550 1089 631 intellexit,
1106 553 1262 639 conlegio

133 648 247 713 decima
266 649 375 712 dantno
391 644 535 713 Caesaris
557 669 652 713 coron
673 649 818 714 collocata
836 651 993 716 sinistrum
1007 650 1260 738 Pompeianorum

133 770 229 815 corna
243 761 411 835 premeret,
433 752 583 836 legionem
598 772 616 815 a
631 748 823 835 Pompeianis
838 774 899 818 non
918 755 956 819 ad
970 755 1131 835 dextrum,
1154 757 1208 823 sad
1223 758 1262 823 ad

131 852 285 917 sinistrum
300 874 394 917 cornu
410 854 576 918 traductam
591 873 677 930 ease,
698 853 829 938 itemque
844 856 961 939 equites
977 852 1120 923 Caesaris
1134 858 1261 925 sinistro

133 976 227 1022 cornu
241 955 405 1021 collocatos
419 976 479 1019 non
495 955 663 1036 sinistrum,
680 957 734 1021 sed
749 958 888 1021 dextrum
898 955 1150 1044 Pompeianorum
1165 983 1261 1027 coma

131 1060 291 1146 pressisse.
307 1057 389 1124 ldem
398 1058 480 1142 priua
488 1059 626 1123 mendum
633 1059 1261 1138 rectesustulit,itaut‘adextro’scailtcn·

130 1162 199 1226 duna
214 1161 339 1240 diceret,
356 1160 484 1226 altarium
499 1181 595 1245 oeque
610 1162 675 1245 ipse
689 1181 788 1248 neque
803 1156 976 1229 Schnellius
991 1164 1146 1250 probabile
1159 1186 1260 1233 reme

129 1264 209 1330 dium
221 1264 356 1330 inuenitz
375 1263 424 1327 hic
441 1265 521 1329 enim
539 1265 691 1328 ‘dextrum
707 1284 802 1328 corun
817 1285 952 1349 premere
967 1268 1088 1352 coepit',
1105 1264 1260 1333 Claudat·-

128 1371 196 1452 pius
220 1369 388 1451 ‘equitatus
410 1361 573 1443 Caesaris,
596 1366 645 1448 qui
661 1366 816 1430 sinistrum
839 1389 933 1432 cornu
957 1370 1097 1448 wnebat,
1119 1371 1259 1455 marein

129 1471 236 1554 coepit'
253 1469 417 1553 proposuit.
443 1464 616 1531 sufficiehat
630 1469 692 1532 leni
707 1470 896 1534 correctione
912 1470 1050 1536 ‘sinistro
1064 1472 1259 1538 cornu’scri·

127 1572 212 1635 here.
243 1570 388 1635 Proxima
409 1570 440 1634 in
458 1569 529 1634 Par.
546 1590 610 1634 sec.
628 1567 717 1633 Leid.
736 1591 781 1653 pr.
800 1569 882 1635 Scal.
900 1572 945 1636 sic
960 1573 1071 1658 scripta
1085 1584 1176 1638 santa
1198 1573 1257 1640 ‘ita

128 1674 170 1739 nti
186 1674 299 1739 axium
314 1674 425 1738 uirtute
446 1672 589 1757 proelium
606 1673 707 1736 lacere
723 1683 857 1757 possent,
875 1674 925 1738 ut’
946 1678 961 1756 (
968 1677 1005 1739 de
1020 1674 1115 1741 Vind.
1131 1696 1179 1761 pr.
1197 1676 1256 1743 boe

125 1800 217 1843 unum
233 1777 373 1854 traditur,
390 1797 456 1840 eum
474 1775 621 1858 ‘possunt’
636 1775 815 1858 exhibere),
841 1786 872 1839 et
892 1777 924 1840 in
945 1772 1017 1840 Par.
1034 1797 1098 1841 sac.
1115 1788 1148 1842 et
1161 1774 1254 1845 Laid.

125 1902 171 1965 pr.
198 1881 249 1943 ‘in
271 1878 380 1943 aciem’
402 1878 524 1960 legitur.
556 1874 662 1959 ltaque
683 1877 883 1960 suspicionem
904 1876 1109 1963 Oudendorpii
1128 1890 1254 1949 secutas

127 1981 285 2066 ‘possent'
307 1981 465 2046 delendum
486 1978 654 2063 significatui
675 1988 707 2041 et
731 1989 824 2042 totum
850 1979 948 2043 locum
974 1980 1018 2044 ita
1040 1983 1251 2050 conlomauia

126 2082 227 2169 ‘Quae
242 2083 330 2149 simul
344 2094 393 2148 cst
407 2093 508 2160 mota,
532 2083 683 2165 equitatus
698 2077 841 2146 Caesaris
863 2082 986 2146 sinistro
1005 2104 1098 2148 corna
1113 2105 1254 2168 prensare

124 2187 240 2270 coepit:
263 2186 358 2250 atilli
381 2185 494 2250 eximia
516 2185 629 2249 uirtute
653 2184 797 2268 proelium
819 2186 938 2261 lacere,
961 2196 995 2249 ut
1008 2185 1093 2250 locus
1107 2185 1252 2254 inacien

122 2291 159 2353 ad
175 2291 338 2356 subsidium
354 2288 494 2352 ueniundi
519 2308 579 2350 non
594 2286 737 2350 daretur'.
773 2283 841 2349 ‘Illi’
857 2298 889 2350 et
902 2288 1105 2352 necessarium
1121 2300 1189 2369 est,
1215 2301 1253 2357 ut

122 2393 197 2456 liaeo
212 2393 249 2456 ad
265 2393 445 2455 decumanos
460 2389 567 2453 reterri
585 2387 717 2471 possint,
735 2397 767 2451 et
781 2389 900 2473 propius
916 2390 951 2452 ad
969 2391 1105 2454 codicum
1119 2391 1250 2477 soeiptaa·

121 2514 187 2556 ram
202 2493 327 2556 accedit.
362 2488 443 2569 ‘lta‘,
460 2492 584 2575 quadiu
600 2490 686 2554 codd.
700 2490 822 2575 legitur,
840 2491 956 2555 duabus
966 2491 1125 2575 postremis
1135 2492 1249 2561 littaris

120 2595 207 2659 uerbi
230 2593 351 2679 ‘coepit'
374 2594 451 2657 male
467 2592 601 2676 repetitis
617 2604 715 2657 ortum
731 2604 788 2657 est.
822 2591 974 2658 ‘Possent’
989 2604 1102 2673 actem,
1116 2614 1182 2659 aaa
1198 2614 1249 2659 er·

120 2718 191 2763 rore
208 2698 263 2762 ‘ita
278 2696 331 2761 nti‘
347 2698 490 2780 scriptum
498 2705 591 2773 esset,
608 2695 645 2760 ad
654 2696 845 2780 supplendam
854 2695 1020 2760 orationem
1029 2697 1177 2761 admn-
1184 2709 1245 2762 cat.

118 2826 123 2834 ·
205 2798 292 2882 Quae
313 2800 400 2863 initio
423 2822 451 2861 c.
469 2797 512 2862 32
530 2800 567 2862 de
583 2798 662 2863 uallo
677 2800 871 2876 referuntur,
894 2819 952 2881 quo
974 2795 1156 2863 Caesariani
1178 2809 1247 2884 post

118 2925 247 2989 pugnam
269 2904 405 2987 oppidum
428 2900 571 2967 Mundam
593 2900 872 2978 circumdederunt,
894 2900 940 2964 sic
961 2899 1145 2964 edebantura
1174 2896 1246 2965 ‘Ex

119 3007 247 3072 hostium
270 3006 361 3071 armis
384 3027 439 3090 pro
461 3006 574 3089 cespite
597 3004 744 3067 cadauera
759 3002 1002 3079 collocabantur,
1024 3012 1110 3066 scuta
1131 3012 1167 3065 et
1185 3001 1245 3087 pila

118 3132 171 3195 pro
187 3109 285 3187 uallo,
303 3111 426 3191 insuper
441 3108 532 3171 occisi
550 3116 580 3171 et
594 3105 683 3189 gladii
700 3115 729 3170 et
745 3123 905 3168 mucrones
928 3114 961 3167 et
981 3103 1078 3187 capita
1091 3102 1245 3168 doninu-

116 3212 255 3274 ordinata
269 3210 305 3273 ad
321 3210 456 3294 oppidum
472 3228 619 3273 conuersa
633 3207 778 3271 uniuersa
792 3206 920 3271 hostium
936 3206 1085 3282 timorem,
1102 3204 1245 3269 uirtutis·

115 3334 173 3398 qua
187 3312 317 3395 iusignia
342 3312 492 3395 proposita
515 3310 653 3374 uiderent
674 3319 706 3373 et
719 3308 799 3373 uallo
814 3308 1120 3373 circumcluderaotur
1134 3306 1245 3371 adcon

114 3417 200 3494 aurii,
219 3417 260 3478 ita
276 3411 355 3477 Galli
372 3412 498 3499 tragulis
513 3412 677 3495 iaculisque
691 3411 829 3496 oppidum
844 3431 885 3475 ex
900 3411 1028 3474 hostium
1043 3408 1243 3473 aucarum

115 3526 187 3583 sunt
200 3517 414 3600 circumplexi,
438 3534 611 3600 oppugnare
626 3513 819 3598 coeperunt'a
842 3514 875 3577 in
890 3513 998 3597 quidus
1019 3510 1128 3576 merlis.
1141 3508 1242 3577 uitus

113 3618 188 3683 locis
211 3620 343 3682 deiectus
364 3618 450 3702 signa
474 3616 678 3701 ponebantur,
703 3625 772 3680 anta
794 3615 886 3679 uerba
910 3616 1054 3699 ‘insuper
1074 3612 1184 3678 occisi’
1210 3620 1242 3679 at

77 3764 80 3771 -
115 3722 279 3807 ‘proposita
295 3721 440 3785 uiderent'
455 3730 485 3782 et
503 3721 557 3784 ‘ita
571 3717 674 3784 Galli'.
691 3717 806 3784 Verum
821 3717 948 3802 primum
962 3714 1094 3781 omnium
1103 3724 1240 3799 apertura

112 3834 160 3888 eat
174 3825 273 3909 inepte
288 3824 438 3887 cadauera
455 3831 508 3887 ‘ex
523 3821 764 3888 hostiamarmis'
779 3819 925 3884 collocata
940 3819 1017 3896 dici,
1034 3816 1153 3896 deindo,
1169 3820 1240 3882 ca'na

111 3926 258 3990 cadauera
275 3946 329 4011 pro
343 3925 458 4007 cespite
474 3924 620 3990 collocata
635 3943 704 3988 csse
727 3922 908 3987 declaratum
924 3930 1027 3999 esset,
1052 3918 1132 3984 male
1152 3918 1240 3984 daia·

112 4049 182 4114 ceps
198 4029 293 4113 repeti
307 4025 562 4110 iusuper'occisos
577 4026 732 4090 ordinatos
748 4043 827 4089 aaa.
851 4021 961 4108 Neque
975 4022 1007 4088 in
1022 4020 1239 4107 optimiscodd.

112 4132 216 4197 aocciai
231 4142 264 4195 et
278 4129 368 4215 gladii
389 4140 420 4192 ct
441 4147 600 4193 mucrones
622 4138 656 4193 et
670 4125 776 4211 eapita'
791 4125 918 4212 leaviwr,
943 4127 997 4189 sed
1018 4125 1050 4190 in
1070 4120 1146 4189 Par.
1169 4142 1236 4188 aec.

108 4236 251 4321 scriptum
267 4243 314 4299 eat
329 4240 373 4297 ‘et
386 4230 485 4316 gladio
500 4242 534 4295 nt
548 4250 651 4295 mucro
666 4239 697 4294 at
712 4229 833 4313 capita’‚
855 4229 888 4293 in
901 4224 992 4292 Laid.
1010 4246 1059 4312 pr.
1076 4227 1121 4291 ‘ia
1134 4224 1237 4313 gladio
