2692 4688
80 192 146 263 628
481 181 615 251 usum
630 176 939 246 ntuxamumru

142 383 211 429 sese
227 383 287 426 nou
303 378 410 445 posse,
436 377 494 441 quo
518 357 617 419 minus
639 352 746 417 cotidie
768 353 895 416 nauibus
912 371 1016 434 aquam
1034 361 1172 435 peterent
1187 351 1268 419 uela

142 466 267 530 sinistra
282 472 368 547 parte
383 480 401 522 a
416 457 600 523 Paraetonio
615 456 664 520 uel
679 478 696 518 a
713 456 820 519 dextra
837 454 873 516 ab
890 453 1006 534 insulaq
1030 475 1106 536 quae
1129 456 1268 522 diuersae

142 565 352 649 nauigationes
367 581 525 644 numquam
542 581 601 622 uno
618 570 751 642 tempore
771 557 907 620 aduersis
923 556 1022 619 uentis
1038 558 1269 640 praecluderen-

107 667 128 733 3
144 680 204 732 tur.
229 665 334 751 Fugae
350 684 423 727 uero
439 662 549 727 nullum
567 681 635 725 esse
651 660 807 723 consilium
823 678 883 721 nou
898 658 995 721 solum
1010 659 1059 736 iis,
1077 661 1128 742 qui
1145 662 1267 745 primam

143 770 319 853 dignitatem
335 766 494 842 baberent,
513 766 564 828 sed
581 764 671 827 neiis
687 762 823 845 quidem,
852 759 901 844 qui
917 758 992 823 nibil
1008 773 1218 848 praeterquam
1233 766 1266 831 dc
1286 776 1301 827 t

107 871 208 937 luite
224 871 402 953 cogitarent.
420 867 534 951 Magno
551 867 672 952 negotiu
686 865 814 949 impetus
830 862 959 925 bostium
975 863 1269 932 aduersosmuuitio·

144 973 232 1037 nibus
248 972 421 1047 sustincr03
448 969 554 1053 quibus
576 966 691 1032 relictis
714 989 769 1031 uec
793 966 860 1030 loco
883 986 940 1030 uec
955 987 1081 1032 numero
1097 988 1185 1052 pares
1200 990 1269 1034 esse

108 1072 129 1139 5
145 1095 246 1159 posse.
286 1071 429 1156 Magnam
445 1081 544 1135 autem
560 1091 674 1133 moram
690 1080 721 1133 et
736 1070 935 1133 difficultatem
952 1090 1111 1134 ascensum
1126 1072 1158 1134 iu
1172 1091 1269 1136 naues

144 1177 255 1241 babere
271 1174 445 1260 praesertim
462 1195 502 1237 ex
518 1173 654 1256 scaphis:
673 1193 816 1235 summam
833 1190 902 1235 esse
918 1182 1024 1236 contra
1038 1172 1069 1235 iu
1084 1172 1271 1237 Alexandri·

109 1277 131 1344 6
146 1278 193 1344 nis
210 1278 400 1343 uelocitatem
416 1277 609 1358 locorumque
625 1286 656 1339 et
670 1274 871 1339 aedificiorum
889 1274 1035 1337 notitiam.
1072 1273 1137 1339 llos
1152 1276 1270 1359 praeci·
1291 1284 1320 1339 tt

145 1402 202 1465 que
218 1380 385 1445 inuictoria
400 1378 565 1441 insolentes
575 1397 790 1461 praecursurus
807 1386 838 1439 et
852 1377 917 1440 loca
935 1377 1102 1441 excelsiora
1112 1388 1203 1460 atque
1217 1398 1269 1443 oe-

146 1483 240 1546 dillcia
259 1491 474 1565 occupaturos3
502 1479 545 1542 ita
567 1491 667 1543 tamen
684 1480 750 1563 luga
768 1478 951 1561 nauibusque
967 1489 1088 1542 nostros
1103 1479 1270 1563 prohibitu-

52 1567 58 1578 *
144 1604 208 1646 ros.
241 1581 371 1646 Proinde
388 1583 452 1646 eius
468 1581 584 1644 consilii
600 1580 850 1645 obliuiscercutur
864 1592 952 1663 atque
968 1581 1048 1643 omui
1063 1582 1183 1645 ratione
1198 1602 1269 1646 esse

110 1685 132 1754 9
148 1683 327 1749 uincendum
342 1685 522 1769 cogitarent.
541 1681 607 1746 Hac
623 1684 760 1747 oratione
776 1684 851 1769 apud
868 1702 938 1747 suos
954 1680 1055 1745 habita
1069 1683 1266 1764 atqueomni-

144 1806 193 1849 um
208 1787 359 1851 mentibus
375 1785 515 1850 excitatis
531 1786 581 1848 dat
596 1786 821 1850 centurionibus
838 1785 999 1869 negotium,
1016 1793 1051 1848 ut
1058 1783 1182 1865 reliquis
1196 1803 1267 1868 ope·
1292 1794 1320 1849 ts

145 1889 228 1953 ribus
244 1889 425 1953 intermissis
435 1887 634 1952 adlodicndus
650 1900 755 1973 puteos
772 1888 902 1952 animum
917 1889 1072 1951 conferant
1086 1906 1164 1951 neue
1177 1906 1268 1971 quam

109 1987 131 2054 2
145 2001 259 2076 partem
275 1991 414 2054 nocturni
431 1992 572 2075 temporis
588 1992 799 2055 intermittant.
846 1988 916 2072 Quo
931 2000 1070 2075 suscepto
1085 1990 1207 2075 negotio
1222 2001 1267 2053 at·

146 2112 203 2176 que
213 2093 343 2157 omnium
358 2094 508 2158 animisad
526 2093 797 2157 laboremiucitatis
807 2113 915 2177 magua
931 2113 991 2157 una
1006 2103 1096 2157 nocte
1109 2092 1156 2157 uis
1171 2112 1267 2174 aquae

31 2183 35 2191 ⁴
146 2197 240 2261 dulcis
256 2197 377 2261 inuenta
394 2207 451 2261 cst.
489 2193 534 2259 lta
556 2194 690 2280 operosis
706 2191 983 2260 Alexandrinorum
1000 2193 1266 2261 machinationibus

146 2299 345 2382 maximisque
368 2299 523 2362 conatibus
547 2318 606 2361 uon
629 2297 712 2381 longi
736 2298 880 2382 temporis
904 2298 1007 2362 labore
1029 2318 1186 2362 occursum
1208 2308 1266 2362 est.
1288 2306 1318 2362 ct

112 2398 132 2464 3
149 2399 195 2463 Eo
212 2401 300 2464 biduo
316 2401 394 2483 legio
405 2410 528 2463 xxxvll
539 2421 579 2462 ex
595 2399 742 2463 dediticiis
760 2399 951 2484 Pompeianis
968 2401 1108 2465 militibus
1123 2420 1190 2463 cum
1208 2400 1268 2464 lun·

146 2512 258 2578 mento,
277 2503 380 2578 armis,
400 2503 479 2579 telis,
498 2502 654 2565 tormentis
670 2501 798 2585 inposita
815 2502 845 2564 iu
862 2524 955 2568 naues
972 2502 1132 2568 aDomitio
1141 2498 1268 2566 Caluino

111 2603 132 2666 4
148 2604 183 2666 ad
200 2604 288 2668 litora
303 2603 425 2667 Africae
441 2606 526 2688 paulo
542 2607 629 2668 ultro
644 2604 860 2669 Alexandriam
877 2606 975 2669 delata
991 2617 1048 2670 est.
1092 2604 1159 2669 llas
1175 2623 1268 2668 naues

147 2727 240 2783 euro,
262 2707 311 2788 qui
328 2706 435 2770 multos
452 2708 514 2770 dies
531 2707 720 2770 continenter
736 2707 843 2785 flabat,
868 2720 985 2791 portum
1008 2727 1115 2790 capere
1131 2705 1269 2790 probibe-

145 2807 272 2886 bantur3
295 2810 348 2873 scd
370 2808 435 2872 loca
458 2818 529 2872 sunt
552 2809 674 2893 egregia
697 2811 776 2872 omni
801 2811 851 2873 illa
866 2810 988 2892 regione
1003 2809 1040 2870 ad
1056 2808 1201 2871 tenendas
1217 2828 1270 2870 au·
1289 2814 1319 2870 tt

146 2932 246 2977 coras.
279 2910 400 2975 ilicum
424 2911 473 2974 diu
495 2911 701 2974 retinerentur
715 2921 803 2994 atque
818 2931 913 2994 aquae
928 2910 1025 2993 iuopia
1042 2920 1265 2992 premerentur,

88 3008 132 3079 ld
149 3015 270 3096 nauigio
286 3015 419 3079 actuario
435 3009 598 3077 Caesarem
617 3014 731 3077 laniunt
746 3012 915 3077 certiorem.
963 3008 1097 3087 Caesar,
1114 3019 1147 3071 ut
1162 3029 1217 3092 per
1232 3032 1269 3073 se

146 3115 304 3178 consilium
328 3127 468 3200 caperet,
498 3117 565 3199 quid
590 3117 755 3179 laciendum
773 3116 944 3194 uideretur,
968 3133 1076 3176 nauem
1092 3111 1271 3176 conscendit

148 3223 238 3296 atque
253 3237 369 3279 omnem
387 3220 513 3282 classem
531 3239 564 3281 sc
580 3218 662 3299 sequi
679 3218 769 3282 iussit
784 3219 872 3282 nullis
888 3218 1000 3283 nostris
1016 3215 1158 3280 militibus
1174 3214 1268 3297 impo-

255 3406 266 3456 1
284 3420 342 3456 sese
357 3420 404 3455 non
418 3423 471 3458 om.
488 3408 512 3457 b.
619 3412 724 3473 possent
736 3407 785 3457 ab.
897 3407 1007 3458 nauibus
1021 3419 1113 3470 aquam
1126 3419 1142 3454 a
1156 3402 1270 3468 Stepha-

144 3494 205 3546 ntta,
220 3496 311 3548 aquam
327 3484 437 3534 nauibus
451 3485 573 3550 reliquae
585 3486 645 3536 edd.
752 3486 975 3551 peterentAldm‚
992 3483 1158 3549 petereobe.

143 3556 328 3610 2Paruetonio
342 3560 445 3623 Aldm5
459 3561 598 3612 Paratonio
612 3578 628 3612 a
644 3563 715 3611 ‘msa
728 3561 873 3628 pleriquo¹,
888 3561 1025 3613 Paratonio
1040 3561 1085 3611 bc.
1224 3555 1268 3607 uel

145 3633 237 3686 dextra
251 3650 277 3686 ιι.
402 3637 625 3704 lunaquamm).
751 3638 1029 3691 lnonsolumbiiso.
1153 3634 1268 3684 baebia

143 3713 246 3780 quidem
259 3715 323 3765 nibil
337 3730 363 3765 o.
488 3717 503 3767 b
517 3720 581 3766 unte
594 3730 686 3779 magno
699 3714 762 3766 odd.
778 3716 834 3766 sinc
849 3732 871 3765 c.
1000 3715 1120 3779 impetum
1136 3713 1158 3761 b.

144 3791 271 3842 aduersus
284 3793 470 3843 munitionibus
483 3809 500 3843 α
514 3799 555 3857 et,
576 3796 625 3858 qui
643 3793 779 3856 aduersis,
800 3795 832 3855 b;
852 3793 978 3844 aduersos
992 3809 1023 3843 ex
1038 3791 1225 3842 munitionibus
1238 3804 1266 3840 at.

252 3867 267 3918 7
281 3871 413 3921 sustinere
426 3886 484 3935 ego,
500 3871 623 3920 sustineri
637 3871 714 3921 codd.
730 3870 761 3922 P.
772 3872 831 3924 189.
935 3867 1157 3932 descensurum).

142 3941 158 3993 ⁹
172 3942 293 4009 sebapbis
307 3961 333 3994 ιι.
452 3947 484 3998 10
497 3947 706 3997 aedificationum
721 3948 745 3998 b.
864 3947 891 3998 ll
910 3946 1117 4013 praecurrituros
1131 3945 1155 3994 b.

144 4019 176 4072 12
190 4021 336 4083 tamenab,
352 4037 405 4072 om.
420 4037 447 4071 u.
555 4021 640 4087 lugam
654 4039 680 4073 ιι.
788 4024 942 4089 18uisaquc
957 4023 1080 4074 dulelsa.
1182 4017 1271 4073 tlte·

142 4099 214 4148 ditiis
227 4113 254 4147 o.
357 4099 556 4165 22iupositno.
659 4101 816 4154 Culuieioa.
922 4102 1092 4160 23littoraa.
1197 4097 1270 4148 ultra

141 4192 201 4245 ego,
216 4192 269 4228 om.
284 4190 301 4225 a
311 4175 362 4238 bc,-
377 4193 455 4247 supra
469 4193 496 4227 u.
602 4182 635 4232 tt
649 4181 776 4232 anchoras
789 4198 816 4232 ιι.
937 4182 972 4232 28
986 4194 1078 4230 nauem
1092 4194 1108 4228 a
1123 4177 1197 4228 ‘mam
1209 4175 1270 4241 pte·

141 4255 238 4323 ra'que’,
255 4254 340 4305 nuuim
354 4269 381 4304 ιι.
