2692 4688
485 179 808 247 -152-

83 358 178 423 uerba
200 358 231 422 iu
247 358 322 421 banc
343 355 523 421 sententiam
538 356 701 441 supplenda
715 375 800 420 essee
827 354 1027 436 ‘nequeenim
1042 373 1083 418 en
1096 351 1216 422 Marsis

84 459 278 548 llelignisque
293 459 474 537 ueniebant,
497 461 595 541 utqui
610 459 765 542 superiore
785 468 874 522 nocte
889 459 926 522 ad
943 456 1058 523 Varum
1073 462 1215 547 perfuge—

84 564 176 629 raut'.
199 561 321 646 Neque,
339 583 398 647 quo
411 561 509 625 miuus
521 563 565 625 ita
578 573 727 639 statuam,
744 561 772 625 id
788 583 836 625 ure
851 562 995 643 deterret,
1011 563 1089 646 quod
1104 583 1216 629 secum

86 667 154 731 dum
169 665 371 752 antiquiorum
387 664 566 748 scriptorum
582 665 827 729 consuetudinem
848 686 901 748 pro
919 665 973 729 ‘ut'
989 665 1138 749 particula
1154 675 1216 733 ‘at-

85 773 152 854 que’
168 772 303 855 ponenda
318 782 375 835 est.
402 766 484 833 Nam
499 767 576 850 apud
591 762 659 829 Cic.
677 788 793 850 quoque
809 768 845 831 de
860 768 911 830 fio.
927 765 955 845 l,
970 766 1025 847 2⁰,
1042 766 1084 833 67
1100 770 1140 847 is,
1163 793 1216 855 q·

86 873 267 938 deteriorum
282 873 368 937 codd.
380 871 545 957 principem
560 868 691 953 scripsit,
708 869 784 933 idem
801 870 905 933 uitium
921 870 1034 950 intulit,
1055 872 1168 957 dopna
1181 894 1216 940 ra

85 975 127 1041 ibi
140 975 299 1041 annotauit
320 972 507 1057 Maduiqius.
538 969 669 1054 Reliqua
684 971 825 1054 repositis
838 973 1015 1056 optimorum
1037 975 1124 1040 codd.
1137 978 1217 1045 scri-

85 1081 181 1167 pturis
202 1079 246 1144 its
267 1076 433 1163 separanda
456 1095 537 1154 esse,
565 1083 695 1139 utame
711 1076 896 1153 factumest,
919 1075 1006 1141 facile
1028 1077 1216 1145 intellectum

84 1203 240 1268 urrspero.

170 1281 210 1348 c,
227 1284 281 1364 39,
299 1283 319 1349 5
335 1295 417 1350 recte
432 1280 614 1348 Ciacconius
630 1293 661 1346 et
675 1279 904 1360 llotomuunus,
928 1302 994 1346 cum
1010 1282 1162 1363 odeum
1178 1296 1215 1351 ut

85 1388 246 1451 etiamnum
263 1388 304 1461 lit,
324 1389 421 1472 ‘capti
437 1386 572 1451 homines
597 1385 772 1468 equitesque
788 1384 1055 1468 producebantur',
1076 1387 1215 1453 scriban-

85 1489 153 1553 dunr
175 1489 396 1553 contenderunt
416 1491 563 1575 ‘equique
574 1491 595 1548 ’.
627 1485 670 1551 lis
687 1482 851 1551 0bcrlinus
866 1488 1006 1571 opposuit
1020 1485 1106 1553 Liuii
1119 1490 1215 1555 uerba

84 1588 148 1670 lx,
162 1590 226 1669 19,
241 1591 291 1654 ubi
307 1591 381 1654 baec
395 1592 507 1675 scripta
521 1601 611 1655 suntc
637 1590 715 1674 ‘ipse
729 1589 900 1653 traiecisset
914 1610 998 1654 mare
1009 1610 1078 1655 eum
1092 1603 1214 1659 ιοιοιι-

84 1694 133 1759 uis
147 1691 377 1772 Macedonibus,
400 1715 461 1757 uon
483 1695 551 1779 plus
573 1693 695 1777 triginta
710 1691 828 1755 milibus
845 1690 1007 1766 bominum,
1026 1704 1058 1757 et
1070 1704 1216 1776 quattuor

85 1797 205 1861 milibus
212 1795 344 1879 equitum
353 1793 726 1861 maximeThessalomm'.
750 1791 822 1857 Non
840 1792 983 1858 discreuit
996 1795 1089 1877 igitur
1101 1793 1215 1865 Liuius

86 1899 201 1984 equites
216 1898 254 1962 ab
268 1898 439 1962 homiuibus
454 1909 603 1982 tamquam
619 1896 778 1981 peditibus,
795 1896 824 1959 id
836 1892 1215 1985 quodCaesaremquoqus

85 2003 195 2067 iecisse
207 2001 381 2076 credebant,
398 2001 450 2064 sed
459 2010 622 2066 ueteranos
632 1996 815 2063 Macedones
829 1998 867 2062 ab
883 1998 1031 2082 equitibus
1039 2000 1213 2069 Thessalis.

169 2102 318 2167 Extrema
335 2104 421 2167 buius
437 2103 504 2168 libri
520 2104 561 2167 ita
576 2101 608 2165 in
624 2100 760 2165 omnibus
776 2103 840 2164 lere
863 2102 982 2184 optimis
997 2103 1084 2168 codd.
1100 2104 1215 2190 scripta

86 2219 172 2273 sunta
200 2203 354 2287 ‘Quarum
375 2206 542 2270 cohortium
567 2203 676 2268 milites
698 2213 820 2287 postero
835 2202 883 2268 die
899 2214 969 2269 ante
984 2207 1122 2291 oppidum
1136 2204 1215 2275 lut·

85 2310 275 2395 conspicatus
291 2329 376 2373 suam
391 2328 459 2372 esso
475 2307 651 2391 praedicans
666 2306 807 2390 praedam
823 2326 961 2390 magnam
975 2318 1090 2391 partem
1105 2329 1213 2377 emur

83 2413 213 2477 interfici
229 2412 328 2489 iussit,
345 2431 456 2495 paucos
472 2409 584 2473 electos
599 2409 631 2472 iu
646 2429 772 2492 reguum
787 2409 915 2484 remisit,
931 2430 999 2474 cum
1011 2408 1111 2477 Varus
1125 2434 1214 2479 ιιιιι

84 2515 171 2579 idern
187 2515 223 2577 ab
239 2534 275 2576 eo
291 2512 367 2576 laedi
383 2522 563 2594 quereretur
577 2531 673 2593 neque
688 2511 833 2575 resistere
848 2511 983 2575 auderet.
1003 2509 1074 2597 lpse
1087 2534 1166 2598 equo
1180 2516 1214 2581 iu

85 2614 223 2699 oppidum
247 2625 353 2678 uectus
375 2612 624 2697 prosequentibus
648 2613 849 2698 compluribus
864 2615 1073 2695 senatoribus,
1097 2638 1160 2701 quo
1180 2618 1214 2683 iu

84 2738 209 2780 nomem
223 2727 290 2780 erat
305 2712 375 2781 Ser.
386 2712 537 2798 Sulpicius
552 2726 584 2779 et
598 2712 735 2781 Licinius
747 2713 957 2801 Damasippus,
975 2719 1077 2801 paucis
1092 2719 1214 2795 diebus,

85 2839 160 2905 quse
175 2820 240 2884 beri
256 2821 367 2897 uellet,
389 2816 498 2883 Vticae
513 2817 672 2882 constiutit
684 2829 774 2902 abque
789 2818 967 2904 imperauit,
991 2820 1095 2887 damu
1117 2841 1215 2907 aeque

85 2934 152 3007 post
174 2923 276 3007 paucis
299 2943 333 2986 se
345 2922 390 2985 in
410 2941 536 3005 reguum
552 2941 618 2984 cunr
636 2921 772 2985 omuibus
787 2922 881 3006 copiis
897 2922 1039 3005 recepit’.
1071 2920 1215 2991 ltabseo

85 3025 292 3109 distinguenda
301 3044 380 3103 esse,
391 3023 524 3088 utuerba
535 3020 914 3089 ‘oumVarus-auderct'
922 3025 1143 3108 superioribus,
1152 3048 1215 3093 nou

87 3126 284 3210 sequentibus
305 3127 559 3210 adiungerentur,
593 3126 707 3189 monuit
729 3121 901 3211 Maduiqius
924 3147 1029 3210 opusc.
1055 3128 1109 3192 alt.
1130 3150 1161 3213 p.
1176 3127 1213 3195 8.

85 3223 147 3290 Sed
161 3229 241 3291 iufra
255 3228 355 3310 inepte
370 3227 473 3311 paucis
490 3226 592 3292 diebus
606 3225 679 3292 luba
703 3228 846 3312 quaedam
870 3228 1085 3308 constituisse,
1107 3230 1215 3297 diebus

84 3350 180 3413 aeque
194 3339 262 3414 post
277 3329 378 3412 paucis
393 3333 544 3413 profectus
560 3350 627 3394 esse
643 3330 771 3409 dieitur,
796 3330 882 3413 quasi
899 3326 1017 3395 Caesar
1031 3342 1085 3396 ιιι
1098 3332 1213 3399 uoluis-

84 3442 134 3495 set
154 3444 207 3495 aut
227 3430 376 3515 potuisset
395 3442 455 3495 tam
480 3432 571 3495 auxie
596 3442 628 3495 et
650 3452 745 3514 poene
767 3433 869 3516 putide
891 3444 1028 3517 tempora
1042 3433 1216 3501 delinireet

83 3530 195 3595 ultimis
218 3531 320 3597 diebus
341 3532 415 3597 nihil
436 3554 505 3600 esse
526 3533 719 3598 coustitutum
736 3544 819 3598 certo
834 3533 953 3598 scisset.
986 3532 1094 3617 ltaque
1109 3536 1215 3621 priora

83 3632 150 3696 loco
165 3631 259 3697 uerba
276 3635 390 3719 ‘paucis
406 3636 519 3700 dicbus'
534 3632 650 3700 lucinio
665 3635 789 3700 delenda
810 3634 878 3699 uisa
892 3647 975 3701 suut.
1005 3634 1083 3700 lllibi
1103 3638 1215 3721 proba-

83 3734 173 3800 bilius
188 3735 308 3801 uidetur
330 3737 468 3803 ‘diebos'
490 3739 615 3803 sublatis
639 3737 776 3822 ‘paucis’
799 3738 988 3803 retinendum
1012 3760 1092 3803 esse.
1127 3739 1214 3807 Nan

82 3837 186 3922 paucis
208 3838 281 3902 baec
302 3836 406 3904 lubam
428 3842 622 3926 imperauisse
644 3840 673 3904 id
693 3851 741 3903 est
760 3838 895 3905 breuiter
907 3840 944 3905 ad
960 3841 1128 3924 superbiam
1144 3844 1214 3911 οἰιιι

83 3939 307 4025 significandam
323 3943 454 4025 ponitur,
472 3965 547 4026 quae
562 3953 590 4009 et
608 3953 676 4007 toto.
687 3943 745 4007 boc
759 3942 825 4007 loco
841 3954 873 4009 et
886 3943 917 4006 b.
927 3944 997 4007 sto.
1015 3942 1070 4022 57,
1087 3942 1214 4013 boota-

83 4052 143 4107 tur.
169 4038 284 4106 Eodem
291 4044 377 4108 modo
394 4047 423 4109 b.
434 4047 456 4108 l.
467 4044 521 4125 39,
537 4044 558 4110 3
573 4047 603 4111 iu
617 4046 736 4130 optimis
752 4045 837 4109 codd.
850 4046 965 4130 ‘paucis
980 4046 1086 4112 diebus
1101 4048 1214 4133 equiti·

82 4142 149 4208 bus'
165 4143 307 4228 scriptum
323 4158 381 4211 est.
412 4146 564 4234 Deinceps
580 4159 680 4214 autem
697 4149 863 4234 ponendum
874 4161 926 4215 est
943 4147 1127 4235 ‘diebusque
1142 4163 1215 4236 post

83 4246 209 4332 paucis',
225 4248 304 4335 quod
319 4259 388 4315 aute
404 4247 646 4337 Oudendorpiom
661 4252 815 4318 edebatur.
