2692 4688
555 209 810 280 anamodus
1233 216 1298 288 m

122 384 259 453 titudinis
282 404 318 447 ac
347 381 462 468 teporis
480 381 578 448 iiirus
596 382 688 470 legit,
718 383 779 450 nisi
801 385 904 468 quiet
923 387 1056 451 earmina
1077 391 1239 456 eorundem

118 490 256 554 mnium.

569 611 627 655 rao
642 611 786 657 arrarum.

207 693 289 761 Gru.
308 693 362 776 V,
380 691 440 759 132
470 692 507 758 In
528 696 685 774 oratione,
710 716 796 778 quam
820 717 876 780 pro
896 691 1039 780 Bithynia
1061 695 1156 775 dixit,
1184 695 1241 763 hoc

83 812 98 864 t
121 798 269 884 principio
287 818 360 863 usus
376 808 440 863 este
466 796 537 864 ‘Vel
552 819 606 882 pro
622 797 750 882 hospitio
765 798 848 881 regis
862 797 1039 863 Nicomedis
1055 799 1105 863 uei
1118 819 1173 883 pro
1188 799 1242 864 ho·

118 923 185 967 ram
201 901 394 980 necessitate,
405 923 529 985 quorum
544 900 717 986 resagitur,
728 900 869 985 defugere
882 901 938 964 hoe
949 921 1070 980 munus,
1080 898 1125 964 Μ.
1134 898 1239 982 Iunco,

119 1025 180 1068 non
195 1005 289 1089 potui.
313 1002 395 1068 Nam
411 1025 507 1088 neque
522 1003 673 1069 hominum
688 1012 786 1066 morte
801 1003 942 1066 memoria
953 1004 1047 1068 deleri
1060 1002 1158 1082 dotet,
1169 1005 1241 1087 quin

119 1127 140 1170 a
157 1107 305 1191 proximis
326 1107 512 1186 retineatur,
534 1126 632 1190 neque
653 1104 779 1168 clientes
795 1105 861 1169 siue
875 1127 990 1169 summa
1005 1107 1126 1171 infamia
1142 1107 1242 1171 deseri

118 1220 255 1293 possunt,
266 1209 373 1294 quibua
388 1210 478 1275 etiam
493 1232 512 1274 a
526 1207 699 1294 propinquis
714 1208 827 1272 nostris
842 1228 927 1291 opem
941 1209 1022 1273 ferra
1032 1208 1237 1274 instituimus’.

63 1320 95 1375 to
203 1312 266 1376 fot.
284 1311 445 1397 definior.
457 1336 495 1398 p.
512 1310 573 1376 201
590 1310 736 1375 Rudnka
761 1305 878 1374 Caesar
892 1332 947 1395 pro
961 1308 1121 1397 Bithynia:
1146 1308 1240 1394 ‘Quid

120 1415 215 1497 ergo?
228 1414 419 1501 syngraphae
434 1436 495 1478 non
510 1416 601 1478 santi
616 1410 677 1480 Sed
691 1435 742 1478 res
758 1414 856 1478 aliena
872 1412 941 1478 est'.

270 1538 301 1579 nu
316 1538 344 1578 c.
361 1538 502 1580 monuwa
517 1539 554 1580 ar
569 1541 597 1580 n.
616 1539 760 1581 notumva
774 1538 941 1582 anemonas
957 1519 1003 1597 (tt.
1021 1513 1089 1598 58).

204 1616 332 1682 Sueten.
352 1618 442 1682 Coeo.
459 1617 521 1682 23:
546 1616 680 1685 Functus
696 1621 854 1684 consulatu
869 1616 907 1683 C.
926 1616 1070 1681 Memmio
1084 1614 1240 1702 Lucioque

120 1715 253 1782 Domitio
271 1718 458 1802 praeforibus
473 1722 509 1784 de
525 1723 688 1804 superioris
703 1723 772 1785 anni
788 1723 865 1785 actis
880 1720 1080 1785 referentibus
1096 1721 1242 1804 cognitio·

64 1830 96 1883 tt
119 1840 186 1884 nem
202 1823 322 1887 senatui
338 1823 441 1886 detulit
457 1843 513 1887 nec
528 1823 579 1886 illo
595 1823 777 1907 suscipiente
793 1823 948 1907 triduoque
964 1844 1018 1906 per
1031 1823 1133 1886 irritas
1148 1822 1239 1886 aiter·

120 1923 253 1998 udones
269 1924 422 2007 absumpto
438 1925 470 1988 in
485 1923 667 2008 prouinciam
683 1924 768 1987 abiit.

206 2024 314 2091 Sahal.
331 2026 410 2091 Bod.
428 2027 558 2091 insert.
576 2047 616 2110 p.
630 2023 694 2089 297
714 2026 791 2090 Ora:
825 2025 871 2090 De
893 2029 967 2092 actis
989 2027 1140 2111 loquitur,
1164 2050 1240 2112 quae

120 2126 224 2193 habuit
245 2128 277 2192 in
292 2128 450 2193 consulatu
466 2123 504 2192 C.
524 2124 640 2192 Caesar
654 2127 858 2211 inauspicato,
882 2139 915 2192 ut
929 2131 1105 2210 uidebatur3
1129 2151 1187 2213 qua
1202 2133 1239 2196 de

120 2249 155 2294 re
175 2230 322 2296 aduersus
344 2253 410 2295 eum
434 2239 560 2315 egerant
580 2230 612 2293 in
633 2241 740 2294 seuatu
752 2224 791 2293 C.
807 2227 970 2294 Memmius
985 2241 1015 2294 et
1028 2228 1070 2293 L.
1087 2229 1238 2297 Domitius

61 2339 96 2395 2⁰
117 2341 293 2415 praetores,
311 2344 342 2395 et
356 2333 449 2416 ipsius
465 2328 609 2397 Caesaris
624 2331 775 2396 orationes
791 2342 894 2395 contra
911 2331 964 2395 hos
981 2341 1104 2412 eatam,
1128 2336 1241 2420 quibas

120 2444 153 2497 et
165 2453 221 2497 sua
237 2445 303 2497 acta
318 2435 451 2499 defendit
465 2447 497 2500 et
510 2436 577 2500 iilos
592 2435 770 2500 insectatur.

204 2533 288 2599 Eud.
306 2538 338 2600 r‘n
355 2536 394 2599 V
391 2539 469 2603 otia.
487 2560 522 2623 p.
538 2537 620 2602 3172
650 2532 854 2602 Commiserat
873 2537 990 2601 senatui
1011 2559 1132 2603 oausam
1154 2560 1240 2606 auam

121 2632 160 2701 C.
179 2633 312 2722 Caesar,
329 2638 438 2718 idest,
456 2650 490 2704 ut
504 2641 540 2704 de
555 2642 623 2725 lege
637 2640 756 2726 agraria
772 2651 872 2723 patres
888 2640 1065 2705 iudicarent.
1102 2639 1145 2704 ibi
1160 2645 1241 2708 enim

122 2739 240 2807 habitae
255 2753 323 2806 aunt
341 2753 403 2807 tres
418 2743 488 2808 iffae
504 2742 655 2806 orationes
671 2752 776 2806 contra
791 2740 953 2806 Domitium
970 2754 1001 2806 et
1017 2741 1203 2806 Memmium.

62 2851 97 2906 et
205 2842 332 2907 Straton.
355 2843 447 2910 Caes.
464 2845 523 2912 73:
549 2843 587 2911 C.
605 2842 752 2924 Memmii,
769 2846 853 2910 cuius
869 2844 1040 2927 asperrimis
1055 2845 1240 2911 orationibus

122 2964 181 3006 non
205 2946 320 3010 minore
336 2949 500 3014 acerbitate
514 2951 730 3034 rescripserat,
755 2950 842 3012 etiam
859 2948 1041 3030 suffragator
1055 2967 1127 3009 mox
1142 2947 1174 3010 in
1189 2968 1256 3035 pes

122 3044 259 3108 titione
244 3050 414 3112 consulatus
430 3051 498 3113 fuit.

404 3172 481 3214 arvo
495 3174 614 3216 aturrus
630 3176 665 3216 oa
682 3174 829 3217 eouuonns
845 3171 953 3214 eoam

207 3249 352 3313 Diomed.
345 3272 401 3336 ..p
420 3250 555 3317 395Ρ.·
587 3252 716 3320 Frustro
737 3250 833 3318 aitC.
852 3248 969 3317 Caesar
989 3253 1242 3338 apudmifitesde

63 3358 97 3411 3⁰
121 3352 282 3415 commodis
297 3373 419 3417 eorum.
412 3351 523 3417 ·‘Non
541 3357 688 3422 frustrabo
704 3379 771 3437 uos,
789 3353 920 3421 milites'.

230 3624 240 3673 f
254 3623 480 3693 teporiada'pra'aa,
497 3630 619 3696 temporis
632 3629 710 3682 codd.
814 3631 967 3685 2mittufut
979 3622 1131 3680 Ιιθίᾶθυῐῐο

121 3699 220 3751 tifunce
228 3717 287 3768 ego,
296 3704 372 3754 ninee
381 3707 472 3769 rogim
481 3723 489 3755 .·
498 3704 584 3757 Vinici
596 3705 720 3774 poriar,
729 3706 852 3759 Viuifoe.
864 3706 1027 3757 Gronovius.
1124 3704 1240 3779 intorte]

120 3776 279 3828 Nicomedes
293 3779 363 3829 odiit
375 3795 400 3830 a.
416 3781 459 3832 ⁷5.
599 3785 613 3835 f
628 3798 643 3833 a
656 3785 804 3851 propinquis
817 3799 891 3849 opem
906 3781 977 3833 ferre
990 3781 1082 3833 eodem
1094 3788 1241 3841 adratione

121 3857 149 3903 of
160 3859 297 3905 scatentia
307 3855 412 3907 dicitur
423 3863 505 3922 atque
517 3874 534 3909 o
545 3863 709 3925 propinquis
718 3860 870 3926 defendero.
881 3860 1026 3923 Perperene
1034 3859 1099 3909 daec
1108 3865 1240 3929 temptata
1319 3901 1323 3910 .

121 3937 196 3982 aaut.
298 3922 300 3933 ¹
330 3936 360 3986 ¹3
376 3936 703 4001 Cs.Suefca.Neron.2.
833 3936 972 4002 atquibus
985 3935 1237 4005 Masuri-oppleuit.

230 4009 423 4075 ttibilbteoa.
529 4016 690 4068 fiiffeeod.
797 4016 1240 4073 ttfmmarttotaaeaaottmm-

120 4093 213 4139 utrum
225 4091 383 4140 orationum
395 4092 462 4157 apud
473 4093 570 4144 milites
578 4094 604 4144 in
614 4093 739 4161 Hispania
747 4094 786 4157 (p.
795 4094 853 4152 752,
862 4093 889 4157 8)
896 4092 983 4143 rotata
991 4099 1063 4157 ruat,
1072 4103 1238 4159 praesertim

122 4181 181 4293 cupa
200 4167 265 4216 duee
282 4172 373 4219 oratio
390 4170 482 4220 cardia
501 4171 532 4221 de
550 4172 690 4223 commodis
710 4186 799 4221 eorum
817 4170 883 4222 duta
895 4185 978 4235 opero
990 4172 1023 4221 of
1036 4172 1096 4222 itte
1108 4171 1241 4240 distingui

121 4247 152 4292 uf
170 4250 257 4295 eatur.
