2692 4688
501 176 802 244 ...10-

87 350 196 436 liquis,
222 314 346 433 quorum
367 348 515 413 incertum
537 359 689 413 auctorem
710 370 779 413 esse
801 349 959 413 retulerat.
1006 346 1212 417 Coniunctiuo

87 454 161 518 nihil
176 453 256 517 aliud
271 453 420 517 indicatur
435 452 492 515 nisi
507 472 543 515 ea
560 451 652 515 uerba
667 451 704 514 ab
720 451 759 515 iis
774 452 889 517 adiecta
907 472 997 530 esse,
1015 453 1065 536 qui
1080 454 1213 537 reliquu-

87 576 153 621 rum
169 576 287 639 quoque
302 557 444 619 librorum
457 553 587 617 Hirtium
601 565 753 618 auctorem
766 576 835 619 esse
851 554 1083 619 contendebant.
1108 552 1212 636 Quare

87 671 226 723 oetauum
242 659 348 723 librum
374 658 410 720 de
425 656 455 719 b.
474 654 555 721 Gall.
581 656 618 720 ab
641 656 778 720 omnibus
793 655 895 720 Hirtio
910 657 1051 721 tributum
1066 680 1134 723 esse
1149 671 1213 723 sta·

86 763 227 826 tuendum
244 772 309 838 est,
333 771 363 824 et
382 758 459 841 quod
482 779 569 822 neoto
584 759 673 823 aliter
687 760 821 822 sensisse
837 760 985 838 traditur,
1012 772 1042 824 et
1056 763 1133 844 quod
1150 764 1213 846 epi-

87 864 166 928 stola
181 865 208 927 ei
224 863 300 927 libro
316 863 478 946 praemissa
496 859 598 924 Hirtio
618 862 685 924 sine
708 860 892 926 dubitatione
907 885 925 927 a
940 860 1087 928 Suetonio
1104 864 1213 928 tribui·
1238 870 1255 901 ⁸

88 976 149 1030 tur.
197 967 297 1049 Atque
313 964 393 1041 illis,
411 963 518 1047 quibus
534 964 665 1026 omnium
681 965 955 1047 supplementorum
971 963 1089 1029 Hirtius
1105 977 1212 1030 atrotor

88 1069 178 1132 uisus
191 1078 255 1146 est,
281 1077 487 1150 praeterquam
510 1066 587 1148 quod
603 1067 733 1150 scriptor
749 1066 835 1150 epist.
854 1067 891 1130 ad
906 1066 994 1132 Halb.
1011 1089 1045 1131 se
1061 1090 1212 1133 commen·

87 1170 182 1235 tarios
198 1167 340 1234 Caesaris
363 1189 456 1251 usque
479 1170 515 1232 ad
538 1168 652 1232 exitum
675 1170 739 1231 eius
761 1168 842 1233 uitae
866 1171 1046 1253 perduxisse
1066 1172 1209 1251 allirmat,

88 1273 178 1337 etiam
194 1273 249 1336 boc
264 1271 466 1354 suffragatur,
491 1273 567 1355 quod
590 1292 664 1356 quae
685 1272 762 1334 idem
779 1272 808 1353 ἓ.
831 1272 903 1335 8de
926 1293 959 1335 se
974 1275 1086 1350 refert,
1112 1275 1212 1337 omnia

87 1374 198 1458 optime
213 1374 398 1437 conueniunt
410 1372 523 1451 Hirtio,
540 1372 668 1458 Oppium
679 1395 753 1436 uero
769 1375 911 1456 quaedam
928 1374 1016 1458 plane
1032 1375 1208 1439 excludunt.

88 1472 236 1558 Queritnr
250 1476 329 1539 enim
345 1476 397 1538 ille
411 1474 468 1538 sibi
484 1496 544 1538 non
559 1476 736 1559 contigisse,
754 1487 785 1539 ut
802 1475 1012 1540 Alexandrino
1028 1477 1212 1560 atqucAlri-

87 1600 164 1643 cano
179 1578 256 1642 bello
271 1578 446 1641 interesset.
491 1579 587 1641 Alluit
601 1579 694 1663 igitur
707 1579 738 1640 in
754 1576 850 1641 Gallia
866 1577 980 1642 duobus
997 1580 1141 1643 extremis
1156 1600 1211 1643 an·

88 1681 155 1759 nis,
180 1701 304 1764 quorum
327 1701 376 1743 res
400 1690 508 1744 octauo
525 1680 739 1744 commentario
755 1681 791 1744 de
806 1680 836 1743 b.
855 1680 936 1744 Gall.
955 1682 1210 1765 comprehendun-

88 1794 155 1862 tur,
178 1784 310 1866 itemque
332 1784 363 1845 in
379 1780 537 1866 Hispania,
555 1805 622 1847 oum
638 1793 744 1847 contra
758 1781 892 1868 Pompeii
908 1782 1020 1847 liberos
1035 1783 1141 1848 bellum
1157 1806 1210 1868 ge·

87 1896 220 1950 reretur.
260 1882 323 1948 lam
347 1906 427 1948 auno
450 1883 489 1949 51
512 1882 677 1949 statuti
701 1882 816 1970 Oppius
839 1898 871 1950 et
890 1885 1009 1950 Hirtius
1032 1889 1208 1952 commorati

86 1989 159 2065 sint,
176 1999 317 2052 accurate
333 1990 455 2053 delinire
471 1988 645 2071 nequimus,
664 1989 720 2051 uisi
737 1990 812 2072 quod
829 2009 908 2052 anno
924 1987 984 2066 51,
1001 2010 1058 2070 quo
1076 2000 1210 2074 tempore

86 2086 197 2155 Cicero
213 2090 244 2153 in
259 2086 396 2154 Ciliciam
413 2091 667 2175 proficiscebatur,
684 2092 765 2155 illum
781 2089 897 2154 Romae
913 2091 1005 2154 fuisse
1021 2113 1062 2155 ex
1073 2088 1140 2154 Cic.
1158 2113 1207 2175 ep.

86 2194 124 2257 ad
139 2192 206 2256 Att.
224 2191 265 2271 V,
284 2194 319 2273 1,
344 2193 463 2272 aaut,
481 2191 520 2271 3,
539 2194 617 2257 bunc
632 2215 706 2258 nero
722 2195 776 2257 sub
793 2196 881 2256 linem
896 2195 966 2255 anni
982 2192 1056 2257 blla
1074 2193 1209 2258 Caesare

86 2293 213 2359 Romam
230 2318 297 2360 cum
315 2296 462 2361 mandatis
477 2297 514 2359 ad
529 2294 655 2359 Balbum
671 2295 793 2358 missum
809 2296 908 2358 statim
925 2296 962 2358 ad
978 2292 1143 2361 Caesarem
1159 2317 1209 2360 re-

86 2398 216 2462 uertisse
233 2419 273 2462 ex
289 2400 386 2462 eiusd.
404 2421 451 2482 ep.
469 2399 506 2462 ad
522 2399 610 2462 eund.
628 2394 710 2474 vlt,
734 2395 773 2473 4,
790 2397 811 2461 2
827 2409 955 2461 constat.
1001 2399 1209 2464 Alexandriae

85 2520 160 2563 sanc
176 2521 213 2564 ne
229 2498 342 2585 Oppius
363 2502 480 2585 quidem
503 2502 559 2564 luit
574 2523 641 2564 cum
656 2496 805 2577 Caesare,
823 2501 875 2563 sed
892 2521 927 2564 eo
944 2511 1077 2585 tempore
1092 2501 1208 2566 Romae

86 2602 153 2667 siue
167 2603 198 2665 iu
213 2600 300 2667 ltalia
318 2605 556 2669 commorabatur
571 2600 654 2685 (Cio.
672 2623 720 2686 ep.
738 2602 774 2665 ad
790 2601 857 2664 Att.
874 2597 933 2680 xl,
951 2603 983 2682 7,
1001 2603 1033 2668 5.
1050 2603 1083 2682 8,
1102 2604 1132 2666 l.
1152 2603 1205 2683 14,

84 2704 119 2770 2.
145 2704 196 2782 17,
214 2706 246 2768 2.
273 2705 341 2787 18),
359 2728 454 2790 neque
469 2707 500 2770 in
515 2705 650 2768 Africam
666 2701 829 2768 Caesarem
847 2707 1005 2770 comitatus
1021 2719 1068 2770 est
1083 2713 1096 2788 (
1106 2708 1204 2771 eiusd.

86 2830 134 2895 ep.
160 2811 197 2873 ad
218 2807 305 2874 Fam.
330 2806 397 2889 ΙΧ,
420 2809 460 2886 li,
489 2808 533 2889 1).
580 2804 683 2891 itaque
705 2805 818 2891 Oppius
841 2809 975 2893 legatus,
1007 2811 1057 2894 qui
1078 2810 1109 2872 b.
1134 2810 1203 2872 Alr.

84 2910 129 2976 68
144 2925 405 2991 commemoratur,
433 2933 491 2974 non
509 2910 563 2973 luit
579 2910 626 2972 bic
642 2907 736 2973 Gaius
753 2907 879 2994 Oppius,
898 2921 986 2973 notus
1002 2908 1146 2976 Caesaris
1163 2914 1207 2974 la-

85 3017 221 3082 miliaris.
268 3013 329 3081 Sed
352 3036 390 3078 ne
413 3016 442 3077 in
468 3012 642 3096 Hispaniam
672 3012 788 3094 quidem
811 3024 915 3076 contra
938 3011 1072 3097 Pompeii
1096 3013 1207 3077 liberos

85 3116 202 3205 Oppius
218 3141 284 3184 cum
301 3115 434 3182 Caesare
450 3118 601 3200 prolectas
621 3125 687 3179 est:
712 3137 779 3178 nam
794 3114 911 3179 Romae
934 3137 1002 3180 eum
1023 3114 1207 3179 remansisse

85 3218 153 3287 Cic.
172 3244 237 3307 epp.
254 3223 293 3286 ad
307 3220 375 3284 Att.
392 3216 475 3295 xli,
491 3216 551 3295 29,
569 3218 601 3282 2.
624 3217 686 3296 44,
702 3217 735 3281 4.
766 3216 865 3297 XHI,
884 3216 943 3297 19,
970 3219 1003 3282 2.
1028 3217 1070 3282 511
1084 3218 1206 3281 demon·

84 3334 210 3390 stratur.
256 3323 373 3387 Hirtius
396 3343 491 3399 uero,
516 3321 583 3383 dum
599 3317 716 3386 Caesar
731 3321 936 3385 Alexandriae
959 3320 1151 3399 morabatur,
1174 3321 1206 3383 in

83 3424 200 3491 Aehaia
222 3439 300 3492 erat.
333 3422 444 3490 Ciecro
468 3421 763 3501 enimadAtt.X1,
789 3423 849 3501 14,
874 3422 894 3487 3
918 3424 1061 3505 quaedam
1082 3445 1149 3487 eum
1170 3425 1207 3487 de

85 3526 201 3612 Quinto
219 3531 313 3594 lratre
328 3527 386 3590 sibi
403 3527 558 3591 nuntiasse
574 3525 699 3605 scribit,
724 3527 772 3610 qui
787 3524 890 3589 Patris
913 3537 978 3589 erat
998 3530 1068 3610 (ep.
1088 3524 1147 3604 10,
1173 3524 1203 3587 1.

85 3628 138 3709 11,
154 3630 204 3713 2).
235 3629 309 3696 Inde
324 3631 487 3715 proiectus,
504 3651 570 3692 eum
586 3625 703 3694 Caesar
717 3629 906 3692 Alexandria
921 3628 1111 3692 discessisset
1130 3637 1161 3689 et
1174 3626 1207 3689 in

84 3729 207 3820 Syriam
224 3735 371 3812 uenisset,
388 3733 569 3796 Antiochiae
584 3733 659 3815 apud
676 3753 742 3795 eum
759 3730 815 3793 fuit
829 3727 911 3810 (Cio.
930 3732 967 3794 ad
981 3731 1047 3794 Att.
1066 3726 1133 3807 xl,
1150 3727 1205 3807 20,

84 3833 140 3921 1).
186 3835 292 3921 ltaque
307 3833 468 3901 Caesarem
493 3835 599 3898 deinde
627 3842 734 3897 eontra
754 3830 935 3898 Pharnacen
965 3832 1205 3918 proficiscentem

83 3938 243 4004 comitatus
259 3961 327 4004 esse
343 3952 375 4003 et
391 3960 449 4003 una
464 3937 591 4002 Romam
606 3937 721 4000 redisse
738 3936 830 4000 uideri
847 3937 945 4000 debet.
970 3933 1119 4013 Eundem,
1139 3956 1205 3997 cum

83 4037 201 4106 Caesar
214 4043 360 4107 inAlrica
373 4043 483 4106 bellum
498 4050 631 4124 gereret,
648 4039 679 4102 in
695 4036 782 4102 ltalia
797 4039 981 4103 remansisse
997 4035 1065 4101 Cic.
1083 4058 1151 4121 epp.
1169 4037 1206 4098 ad

83 4143 151 4208 Att.
167 4142 232 4208 ΧΠ
242 4194 251 4224 ,
267 4146 307 4226 2,
324 4145 346 4209 2
360 4146 443 4211 etad
458 4142 544 4209 Fam.
561 4139 628 4222 ΙΧ,
644 4139 685 4220 6,
705 4142 721 4204 1
746 4143 920 4206 ostendunt.
951 4139 995 4202 At
1010 4141 1041 4203 iu
1057 4138 1206 4224 Hispania

82 4268 150 4312 cum
166 4245 301 4316 Caesare
324 4251 389 4314 luit.
426 4244 591 4314 Suetonius
614 4245 693 4309 enim
708 4243 789 4331 Aug.
806 4242 905 4310 681..
923 4245 1089 4308 Antonium
1112 4238 1204 4308 Octa·
