2692 4688
480 186 803 253 ...236-

81 362 125 430 Et
138 384 177 429 ne
191 384 210 427 a
223 358 369 447 proximis
377 359 494 443 quidem
503 361 580 426 idem
595 362 684 425 bomo
699 382 734 427 se
744 361 898 425 abstinuit.
925 356 1015 425 ‘Cum
1022 358 1136 445 pedites
1144 360 1208 426 leui

82 477 234 534 armatura
256 461 325 530 lecti
346 464 382 527 ad
405 484 534 548 pugnam
550 463 698 548 equitibus
714 464 827 529 uostris
843 463 1090 549 necopinantibus
1104 465 1209 530 uenis·

83 580 168 646 sent,
193 568 282 647 idque
302 566 334 629 in
356 567 469 650 proelio
492 566 731 631 animaduersum
748 576 848 644 esset,
869 565 1037 649 complures
1059 585 1101 629 ex
1122 567 1210 650 equis

83 671 311 736 descenderunt.
343 666 390 732 lta
409 667 520 752 exiguo
536 679 671 753 tempore
686 689 777 752 eques
793 669 943 750 pedestre,
961 669 1051 752 pedes
1067 679 1211 751 equestre

85 772 228 858 proelium
245 774 344 835 lacere
360 770 466 855 coepit'
481 781 551 835 cett.
584 765 661 833 Cum
677 770 792 853 equites
808 765 985 834 Caesariani
1001 789 1043 835 ex
1057 771 1143 854 cquis
1158 760 1212 836 de'·

84 875 290 951 scendissent,
308 893 380 936 sane
395 873 501 951 flebat,
520 884 553 936 ut
567 873 589 936 ii
604 873 743 957 pedestre
757 872 902 957 proelium
918 872 1069 948 lacerent,
1093 873 1213 958 pedites

85 977 204 1060 quidem
220 976 366 1059 quomodo
382 985 522 1061 equestre
537 977 682 1060 proelium
699 975 835 1054 iecerint,
852 974 938 1057 plane
947 975 1081 1061 intellegi
1093 976 1210 1060 nequit.

85 1076 189 1143 Verba
212 1077 319 1161 ‘pedes
341 1074 495 1158 equestre’
511 1097 606 1162 aeque
629 1079 729 1163 inepte
752 1077 931 1162 interpolata
953 1089 1042 1158 sunt,
1065 1089 1156 1164 atque
1178 1077 1212 1142 b.

86 1179 156 1245 Ata.
174 1176 227 1253 59,
244 1178 277 1257 2,
295 1198 360 1242 cum
376 1189 483 1243 auctor
497 1180 621 1244 mediam
636 1180 730 1244 aciem
745 1179 907 1263 simplicem
922 1179 1018 1243 uisam
1033 1200 1101 1245 esse
1115 1180 1215 1246 dixis·

87 1290 146 1362 set,
163 1281 354 1365 magisterio
369 1280 508 1345 cornibus
519 1281 662 1365 duplicem
674 1283 876 1347 existimatam
885 1301 954 1345 esse
962 1282 1081 1346 adiecit.

175 1379 214 1448 C.
232 1380 285 1462 ld,
301 1381 323 1447 2
338 1383 411 1447 baec
426 1384 457 1447 in
473 1384 559 1447 codd.
571 1386 732 1470 leguntur:
751 1382 809 1449 ‘lta
825 1385 894 1468 igne
911 1385 1098 1468 telorumque
1111 1384 1216 1449 multi·

89 1485 190 1549 tudine
218 1484 298 1548 iacta
324 1506 390 1549 cum
417 1485 494 1550 bene
523 1507 660 1572 magnam
688 1498 804 1570 partem
832 1486 909 1549 muri
931 1485 1213 1572 consumpsissent.

89 1583 149 1649 llio
163 1606 265 1649 murus
280 1587 455 1651 necessario
471 1587 579 1652 uallum
596 1584 758 1665 Caesaris,
782 1610 839 1674 quo
861 1589 1044 1652 circumdata
1058 1598 1125 1652 erat
1138 1587 1219 1655 Ate-

90 1706 167 1770 gua,
192 1688 249 1752 dici
271 1693 489 1759 existimandus
511 1704 604 1758 esset.
638 1689 669 1756 Is
691 1712 763 1755 uero
784 1712 882 1775 neque
897 1712 950 1775 per
964 1713 998 1757 se
1012 1702 1096 1756 recte
1111 1712 1217 1759 murm

92 1790 267 1874 appellatur,
286 1805 316 1857 ct
331 1795 379 1860 bic
394 1815 431 1859 eo
446 1797 543 1861 minus
558 1796 586 1859 id
602 1817 619 1860 a
635 1794 898 1877 scriptorelactum
914 1814 981 1858 esse
996 1794 1140 1860 credibile
1155 1806 1217 1875 est,

91 1893 170 1974 quod
192 1896 300 1959 uallum
325 1909 431 1961 eontra
452 1920 568 1962 murum
592 1897 689 1983 oppidi
712 1906 859 1959 structum
883 1907 958 1959 erat.
998 1892 1103 1978 ltaque
1119 1896 1218 1961 ‘bene

91 2015 230 2079 magnam
246 2009 358 2082 partem
374 2001 526 2086 temporis'
542 2000 641 2085 posui.
673 1996 789 2063 Similia
805 1998 947 2081 leguntur
959 2019 986 2060 c.
999 1997 1051 2077 12,
1068 1996 1219 2085 l‘igneat

91 2095 217 2160 multum
238 2100 425 2185 telorumque
448 2102 666 2166 multitudinem
686 2101 825 2164 iactando
848 2099 925 2163 beue
946 2121 1085 2184 maguum
1101 2113 1219 2187 tempus

93 2202 363 2285 consumpseruut’.
386 2200 439 2268 Ex
456 2203 633 2289 ‘temporis'
649 2203 822 2266 factumest
839 2203 950 2281 ‘muri',
967 2224 1031 2267 cum
1051 2204 1221 2289 ‘temporit'

92 2302 237 2387 scriptum
258 2317 359 2385 esset,
384 2316 415 2371 et
438 2307 578 2371 librarius
601 2308 725 2371 alteram
748 2316 864 2389 partem
887 2306 1054 2389 superioris
1079 2306 1221 2373 oomtntt

92 2404 205 2468 iterare
220 2408 418 2490 neglexisset.
443 2405 606 2474 Contrario
622 2430 727 2472 errore
742 2408 817 2491 apud
831 2407 907 2471 Tac.
925 2428 996 2471 anu.
1013 2407 1071 2487 lv,
1089 2408 1130 2474 13
1145 2409 1221 2475 scti-

94 2515 176 2590 ptum
192 2517 239 2570 est
255 2508 305 2572 ‘ob
321 2511 510 2575 atrocitatem
526 2510 715 2594 temporum',
739 2532 806 2573 cum
822 2509 945 2574 deberet
961 2511 1012 2574 ‘ob
1027 2510 1220 2576 atrocitatem

94 2608 232 2684 morum’,
250 2620 284 2673 ut
297 2621 380 2675 recte
395 2610 517 2697 Lipsius
533 2614 714 2679 emendauit.

180 2707 355 2777 Orationem
377 2714 472 2779 Tullii
494 2716 602 2800 legati,
624 2737 698 2801 qnae
722 2737 750 2779 c.
772 2714 812 2778 17
835 2716 962 2800 legitur,
987 2716 1032 2780 sic
1054 2715 1218 2781 constituis

96 2812 232 2879 ‘Vtinam
253 2817 370 2900 quidem
390 2816 431 2879 dii
460 2818 644 2882 immortales
667 2818 828 2891 iecissent,
860 2828 894 2881 ut
917 2829 986 2882 tuus
1008 2819 1107 2902 potius
1133 2819 1221 2885 miles

94 2939 181 3000 quarn
202 2914 262 2983 Cn.
279 2917 412 3003 Pompeii
436 2920 533 2983 iactus
556 2941 656 2984 essem
680 2931 710 2984 et
733 2920 808 2983 banc
830 2921 950 2985 uirtutis
972 2921 1174 2986 constantien
1188 2922 1222 2987 in

96 3029 147 3084 tua
161 3021 301 3100 uictoria,
320 3044 379 3085 nou
395 3022 425 3085 in
448 3022 528 3086 illius
543 3020 714 3085 calamitate
729 3032 928 3105 praestarem.
965 3019 1060 3088 Cuius
1083 3025 1223 3090 tanmem

94 3123 199 3190 laudes
215 3125 352 3208 quoniam
368 3125 405 3189 ad
421 3125 497 3189 banc
513 3127 664 3189 fortunam
678 3124 863 3204 reciderunt,
880 3135 916 3189 ut
930 3124 1013 3190 ciues
1028 3125 1159 3191 Romani
1174 3126 1222 3192 ia-

93 3226 231 3309 digentes
251 3227 393 3309 praesidii
410 3272 521 3291 ......
544 3237 576 3290 et
598 3236 720 3312 propter
738 3227 853 3310 patriae
874 3229 1040 3292 luctuosam
1056 3228 1221 3313 perniciem

92 3326 231 3392 dedimur
246 3328 373 3391 bostium
390 3348 526 3406 numero,
544 3330 594 3412 qui
609 3349 707 3412 neque
721 3329 752 3392 in
767 3329 847 3393 illins
863 3351 1008 3415 prospera
1022 3330 1224 3416 aciepriman

94 3432 266 3507 fortunam,
292 3450 389 3514 neque
409 3431 442 3494 iu
463 3432 592 3496 aduersa
615 3432 777 3496 secundam
801 3432 982 3495 obtinuimus
1007 3430 1220 3521 [uictoriamJ’.

95 3529 154 3594 llic
169 3533 226 3610 iis,
251 3533 358 3620 quibus
375 3534 440 3617 ipsa
455 3535 542 3598 codd.
559 3534 707 3620 scriptura
723 3556 784 3598 non
800 3534 1014 3600 demonstrabit
1036 3545 1105 3619 post
1126 3534 1223 3600 uerba

95 3633 278 3717 ‘indigentes
294 3638 445 3721 praesidii'
459 3639 603 3721 quaedam
619 3639 744 3719 deesse,
768 3637 869 3702 uerbis
892 3639 1072 3721 persuadere
1096 3659 1157 3703 non
1171 3658 1225 3703 cn·

93 3736 202 3803 nabor.
228 3734 289 3803 Sed
307 3740 485 3807 ‘uictoriam’
500 3743 568 3806 ideo
583 3743 737 3807 delendam
752 3741 932 3826 significaui,
950 3740 1224 3837 quodineptisaime

91 3836 224 3918 Tullius,
243 3863 308 3908 eum
324 3856 436 3930 partes,
454 3866 527 3929 quas
544 3856 664 3909 secutus
680 3855 758 3924 erat,
777 3847 980 3922 uincerentur,
998 3844 1053 3908 sibi
1067 3843 1225 3909 uictoriam

92 3943 270 4028 contingere
286 3947 447 4035 flagitaret.
472 3944 619 4029 Queritur
632 3948 696 4027 ille,
713 3949 803 4034 quod,
822 3970 888 4011 curn
903 3947 994 4011 rebus
1003 3944 1138 4031 Pompeii
1152 3966 1225 4033 pro·

91 4065 183 4130 spere
198 4047 355 4115 liuentibus
378 4051 444 4139 ipse
459 4062 490 4114 et
511 4052 594 4117 ciues
609 4051 656 4115 sui
673 4051 798 4136 primum
814 4051 911 4114 locum
920 4050 1036 4137 gratiae
1048 4048 1126 4134 apud
1135 4044 1225 4113 Pom·

93 4150 193 4233 peiam
210 4173 271 4216 aon
287 4154 474 4234 tenuissent,
490 4155 522 4217 in
537 4154 665 4218 aduersa
681 4155 800 4218 lomuna
815 4175 875 4218 non
891 4153 1040 4219 secundus
1054 4151 1151 4230 locus,
1169 4152 1228 4216 beo

96 4262 144 4316 est
165 4254 311 4320 remotior
332 4276 351 4318 a
372 4254 514 4340 periculis
535 4257 573 4321 iis
595 4257 798 4337 tribueretur,
821 4257 874 4322 sed
890 4255 1005 4322 obsessi
1021 4256 1169 4320 maximas
1185 4268 1228 4319 ex
