2684 4694
498 236 798 306 „gq-

76 417 113 473 at
125 407 245 487 accidit,
262 407 395 490 uidebat)
410 429 501 472 unum
516 431 620 475 omnes
635 421 773 495 peterent
786 410 1044 492 induciomarum,
1067 437 1126 482 neu
1139 419 1207 501 quis

78 532 168 596 quem
185 512 267 595 prius
282 511 431 586 uulneret,
456 533 545 595 quam
559 513 642 576 illum
657 514 850 579 interiectum
865 517 996 582 uiderit'.
1033 519 1115 584 Nam
1141 529 1206 605 ‘pe-

78 616 155 680 tant'
176 614 208 677 in
223 614 410 699 interpolatis
427 624 541 678 tantum
556 616 709 678 inuentum
726 627 789 680 est:
815 618 847 681 in
869 618 994 702 reliquis
1015 620 1126 705 legitur
1142 628 1206 706 ‘pe-

80 718 198 783 terent'.
241 715 356 781 Contra
380 718 553 781 ‘solberet’
583 728 746 782 annotatur
768 738 808 782 ex
838 717 937 805 llong.
962 743 1007 805 pr.
1039 720 1132 786 Voss.
1157 744 1203 807 pr.

79 818 170 905 Ilgm.
194 818 283 884 Leid.
309 841 355 905 pr.
376 816 459 884 Scal.
484 817 771 903 Haun.pr.01on.
794 821 945 905 plerisque
967 823 1161 904 deteriorum,
1178 840 1208 890 et

77 924 241 988 secundnm
264 921 397 1007 lleyerlii
422 922 573 986 silentium
589 923 678 987 etiam
693 923 724 986 in
739 920 813 986 Par.
839 945 886 1008 pr.
904 925 1025 1009 legitur.
1065 926 1205 992 ‘Viderit'

78 1036 179 1090 autem
200 1025 382 1089 anctoritate
402 1021 503 1109 Bong.
529 1046 573 1107 pr.
590 1036 622 1088 et
635 1023 712 1088 Par.
730 1046 777 1109 pr.
802 1024 865 1106 (bic
880 1047 996 1108 quoque
1018 1029 1055 1092 de
1071 1048 1107 1092 eo
1122 1049 1207 1094 meae

78 1127 247 1192 collationis
262 1127 384 1191 silentio
400 1128 531 1209 conlido)
554 1126 798 1191 coniuncturum
815 1122 897 1190 Scal.
917 1125 1022 1193 Oxou.
1047 1132 1207 1215 compluri-

78 1230 194 1313 busque
217 1229 397 1292 deteriorum
421 1241 516 1293 tntum
540 1229 675 1292 uidetur:
708 1229 740 1291 in
763 1229 885 1311 reliquis
908 1240 939 1292 et
962 1228 1063 1298 Haun.
1088 1254 1134 1316 pr.
1159 1244 1208 1298 est

79 1330 231 1397 ‘uideret’.
269 1328 420 1415 Tempora
440 1331 472 1394 in
494 1331 571 1415 aptis
594 1329 869 1421 enuntiationibus,
900 1354 967 1395 cnm
991 1354 1045 1417 per
1066 1355 1100 1398 se
1122 1337 1207 1419 plura

78 1443 162 1497 reete
177 1433 245 1517 poni
262 1444 406 1517 possunt,
430 1431 661 1516 ascriptoribus
677 1432 795 1494 uariata
816 1452 884 1495 esse
901 1434 1051 1517 complura
1067 1439 1207 1521 exempla

77 1546 161 1600 snat.
199 1532 246 1598 lta
270 1531 386 1599 Caesar
400 1536 437 1598 de
452 1533 483 1597 b.
502 1531 582 1599 Gall.
602 1530 672 1610 vlt,
692 1530 783 1612 17,3
805 1534 925 1617 scripsit
942 1541 1068 1600 ‘summa
1084 1537 1207 1603 difficul-

79 1648 142 1702 tate
157 1638 202 1701 rei
220 1637 432 1701 frumentariae
446 1636 554 1700 allecto
571 1637 708 1701 exercitu
726 1656 820 1719 nsque
834 1656 883 1714 co,
907 1646 942 1698 ut
956 1637 1124 1721 complures
1140 1641 1205 1704 dies

77 1740 188 1804 milites
212 1742 362 1804 frumento
387 1739 540 1803 caruerint
559 1748 591 1802 et
612 1759 721 1822 pecore
741 1748 909 1801 extremam
932 1739 1039 1801 tamem
1055 1751 1206 1804 sustenta-

78 1840 170 1922 rent',
195 1854 226 1906 et
245 1843 409 1906 secondum
431 1839 555 1924 primurn
580 1862 700 1904 manum
721 1840 833 1903 codicis
848 1839 987 1903 Vaticani
1003 1835 1113 1904 Cicero
1128 1839 1205 1907 Pbil.

77 1941 106 2024 l,
124 1943 179 2019 15,
196 1943 237 2007 36
260 1944 321 2025 ‘qni
337 1942 415 2006 ludis
431 1942 494 2005 suis
509 1942 551 2004 ita
567 1943 674 2020 caruit,
701 1952 732 2005 ut
762 1941 793 2004 in
815 1940 868 2004 illo
889 1942 1117 2026 apparatissimo
1137 1964 1206 2026 spe-

78 2047 201 2111 ctaculo
216 2045 343 2108 studium
359 2043 483 2126 populus
499 2039 654 2106 llomnnus
671 2044 811 2107 tribuerit
825 2043 954 2121 absenti,
972 2045 1153 2109 desiderium
1169 2045 1206 2109 li·

77 2147 232 2214 beratoris
248 2146 295 2210 sui
310 2154 453 2229 perpetuo
475 2144 579 2226 plausu
602 2144 730 2209 leniret'.
769 2143 830 2210 Sed
851 2146 896 2209 bis
911 2146 1026 2210 duobus
1049 2147 1124 2211 locis
1145 2149 1203 2232 ipsi

77 2251 242 2335 scriptores
259 2246 353 2311 uideri
371 2256 497 2328 possunt
511 2244 627 2328 aliquod
643 2247 802 2312 discrimen
818 2246 989 2330 significare
1011 2249 1154 2325 uoluisse,
1171 2261 1206 2314 nt

78 2354 176 2417 altera
199 2372 249 2415 res
273 2351 304 2414 in
326 2348 500 2413 uniuersum
524 2349 602 2412 lacta
618 2348 820 2427 indicaretur,
838 2350 932 2415 altera
947 2351 985 2416 ad
1001 2362 1114 2414 certum
1130 2361 1206 2414 tem·

79 2476 135 2539 prs
150 2454 382 2538 astringeretur.
420 2449 481 2513 Alii
505 2449 562 2514 loci
586 2451 662 2514 bane
678 2453 905 2517 exeusationem
921 2454 1049 2531 babent,
1067 2454 1145 2536 qnod
1161 2454 1205 2517 di-

79 2576 169 2621 uersa
186 2566 319 2639 tempora
335 2553 395 2618 alia
408 2553 445 2615 ad
461 2552 540 2616 alind
555 2552 679 2616 uerbum
694 2554 870 2619 referuntur
884 2569 937 2622 aut
957 2557 989 2621 in
1001 2558 1068 2622 aliis
1085 2558 1203 2623 enunti-

78 2660 139 2724 atis
154 2669 323 2742 ponuntur,
346 2664 380 2719 nt
403 2655 476 2719 baec
498 2654 575 2737 apud
599 2649 691 2719 Caes.
717 2655 747 2718 b.
765 2653 847 2722 Gall.
871 2655 899 2738 l,
922 2659 993 2737 7,e
1018 2659 1151 2744 ‘legatos
1167 2661 1204 2723 ad

80 2782 148 2826 enm
171 2761 311 2837 mittunt,
335 2759 386 2843 qui
407 2758 545 2821 dicerent
565 2755 622 2819 sibi
644 2777 713 2821 esse
735 2758 766 2821 in
787 2762 887 2824 animo
901 2761 968 2823 sine
983 2761 1043 2824 ullo
1059 2763 1206 2825 malelloio

79 2863 140 2928 iter
153 2883 208 2947 per
221 2861 404 2945 prouincia·
421 2860 533 2937 iacere,
551 2869 708 2942 propterea
724 2861 800 2943 quod
816 2860 896 2924 aliud
912 2861 970 2924 iter
985 2858 1130 2925 baberent
1141 2864 1206 2925 nul·

80 2965 159 3029 lum:
183 2982 304 3047 rogare,
322 2973 353 3027 nt
369 2962 434 3026 eius
450 2963 607 3025 uoluntate
622 2959 651 3022 id
671 2960 727 3023 sibi
744 2963 843 3025 lacere
859 2961 971 3039 liceat',
990 2959 1045 3040 vl,
1062 2960 1095 3040 ll,
1112 2963 1135 3026 t
1151 2963 1206 3027 ‘le-

80 3077 167 3152 gatos
183 3066 328 3143 mittunt,¹
347 3063 397 3151 qui
420 3063 549 3126 doceant
569 3080 667 3141 neque
683 3063 795 3126 auxilia
818 3084 858 3127 ex
874 3084 930 3126 sua
944 3065 1067 3128 ciuitate
1082 3065 1114 3128 in
1129 3062 1206 3128 Tre·

80 3188 173 3232 ueros
188 3168 279 3231 missa
295 3186 392 3248 neque
406 3164 444 3228 ab
458 3182 492 3226 se
507 3163 593 3226 tidem
609 3161 742 3225 laesam:
760 3175 865 3246 petunt
880 3173 969 3247 atque
983 3177 1083 3244 orant,
1101 3179 1135 3230 ut
1149 3166 1206 3231 sibi

81 3280 197 3353 pareat,
220 3290 259 3332 ne
275 3265 423 3333 communi
440 3264 509 3327 odio
525 3260 745 3328 Germanorum
761 3266 937 3330 innoeentes
958 3289 1011 3351 pro
1027 3268 1205 3332 nocentibus

80 3392 195 3456 poenas
209 3372 354 3456 pendant:
379 3368 406 3431 si
422 3366 546 3449 amplius
563 3365 697 3429 obsidum
713 3368 815 3447 uellet,
833 3369 904 3432 dare
920 3370 1118 3453 pollicentar':
1136 3391 1206 3433 nam

81 3473 177 3538 ‘uelit'
200 3474 231 3536 in
246 3470 434 3558 interpolatis
449 3480 563 3534 tantum
580 3470 665 3532 codd.
685 3470 809 3554 legitur3
835 3469 905 3550 Vll,
922 3470 1013 3551 toa
1038 3472 1206 3557 ‘imperium

80 3594 115 3639 se
137 3576 175 3640 ab
197 3573 331 3640 Caesare
354 3594 407 3658 per
427 3573 624 3657 proditionem
648 3573 760 3636 nullum
783 3573 973 3651 desiderare,
995 3575 1073 3657 quod
1095 3575 1207 3638 babere

80 3677 209 3741 uictoria
225 3687 339 3761 posset,
355 3696 430 3757 qnae
446 3676 505 3737 iam
521 3685 603 3738 esset
611 3673 669 3738 sibi
682 3684 770 3757 atque
779 3674 916 3738 omnibus
925 3672 1204 3760 Gallisoxplcratar

80 3779 152 3862 quin
169 3781 258 3842 etiam
276 3777 349 3862 ipsis
365 3776 530 3853 remittere,
555 3775 582 3839 si
598 3775 656 3839 sibi
671 3775 768 3860 magis
785 3776 929 3840 bonorem
945 3777 1094 3853 tribuere,
1119 3797 1206 3860 quam

79 3883 118 3946 ab
140 3904 174 3946 se
197 3884 323 3946 salutem
345 3877 480 3960 accipere
502 3876 683 3956 uideantur'3
708 3878 736 3940 b.
763 3879 823 3941 cin.
842 3875 870 3957 1,
887 3877 978 3958 to,3
1005 3881 1149 3959 ιιιιιιιιιΙιιῑ,
1176 3891 1208 3943 ut

79 3980 228 4046 Libonem
246 3984 281 4045 de
298 3978 481 4044 concilianda
498 3998 570 4062 pace
585 3974 734 4057 bortetnr,
751 3979 897 4063 inprimis,
915 3991 949 4043 ut
964 3982 1025 4065 ipse
1041 4002 1106 4044 cum
1119 3978 1207 4044 Pom·

79 4086 148 4169 peio
171 4085 412 4167 colloqueretur,
438 4080 596 4163 postulat'3
627 4079 699 4143 Liu.
723 4076 841 4160 XXII,
872 4080 913 4146 18
935 4089 1046 4167 ‘prope
1068 4083 1207 4166 precibus

81 4206 177 4269 agens
192 4209 256 4250 cnm
274 4183 418 4268 magistro
434 4182 586 4264 equitum,
603 4182 714 4267 utplus
728 4183 854 4246 consilio
871 4205 957 4266 quam
982 4188 1121 4249 fortunae
1137 4203 1208 4245 con-

81 4289 152 4354 lldat
166 4299 198 4356 et
212 4308 246 4355 sc
261 4288 358 4372 potins
373 4287 479 4351 ducem
495 4304 582 4367 quam
592 4280 801 4371 Sempronium
809 4282 1057 4374 Flaminiumque
1066 4285 1225 4350 imitatura

968 4390 1013 4458 qu
