2692 4688
403 182 542 254 count
559 183 622 255 ΗΠ
644 184 739 255 CAP.
755 184 866 255 t-r'.
1201 190 1263 261 811

88 377 146 443 que
160 355 253 421 rebus
269 356 404 436 student,
420 358 494 422 nibil
510 357 556 422 bis
571 360 814 424 committendum
829 361 1028 427 existimauit.
1056 361 1114 428 list
1128 363 1206 429 eninr
1221 363 1244 429 2

87 461 145 527 boo
159 456 296 524 Gallicae
312 461 547 539 consuetudinis,
566 463 609 526 uti
625 473 656 526 et
670 463 805 527 uiatores
817 462 907 527 etiam
918 463 1029 528 inuitos
1041 466 1208 531 consistere

87 572 199 646 cogant
213 573 260 641 et,
284 562 353 644 quid
376 562 500 645 quisque
523 583 626 627 eorum
650 566 687 628 de
707 585 824 647 quaque
838 586 872 629 rc
888 567 1017 630 audierit
1030 579 1081 631 aut
1096 588 1208 652 cogno·

87 665 180 744 uerit,
197 675 365 748 quaerant,
382 675 413 728 et
427 677 609 729 mercatores
625 666 656 729 iu
672 667 787 751 oppidis
803 667 910 751 uulgus
925 669 1127 733 circumsistat
1142 670 1208 753 qui·

50 779 67 831 t
88 767 204 850 busque
227 787 267 831 eu
288 767 461 851 regionibus
484 769 609 831 ueniant
630 789 762 852 quasque
777 770 817 832 ibi
832 791 883 834 res
899 773 1114 854 cognouerint,
1139 791 1208 855 pro·

87 856 227 934 nuntiare
242 879 365 954 coguut.
396 866 662 987 HQatque
676 872 876 937 auditionibus
891 875 1018 958 permoti
1035 875 1071 936 do
1086 874 1207 937 summis
1222 870 1244 938 3

86 991 177 1057 saepe
191 970 284 1035 rebus
300 972 425 1035 consilia
441 984 567 1049 ineunt,
585 994 707 1056 quorum
724 994 777 1038 eos
792 975 824 1038 iu
840 976 969 1060 uestigio
985 976 1140 1060 poenitere
1155 994 1209 1038 uo·

88 1094 175 1139 cesso
190 1085 253 1153 est,
272 1095 338 1137 oum
353 1075 477 1138 incertis
493 1075 665 1139 rumoribus
680 1077 833 1155 aceniam,
858 1088 888 1140 et
902 1079 1034 1165 plerique
1050 1079 1085 1141 ad
1103 1076 1208 1140 uoluu-

88 1186 179 1241 tatem
201 1196 306 1240 eorum
328 1176 395 1240 lietu
410 1178 624 1261 respondeant.
671 1174 739 1259 Qua
763 1180 979 1243 cousuetudine
995 1180 1113 1262 cognita
1129 1175 1245 1248 cue-d

31 1289 64 1343 to
87 1299 150 1358 sar,
168 1299 206 1343 ue
220 1277 354 1362 gramori
369 1277 447 1342 bello
463 1290 655 1358 occurreret,
674 1282 839 1360 maturius,
864 1302 951 1366 quam
967 1291 1145 1359 consuerat,
1170 1280 1208 1345 ad

88 1382 255 1445 exercitum
271 1381 480 1463 proficiscitur.
519 1380 567 1445 Eo
592 1402 658 1444 cum
673 1384 820 1461 uenisset,
838 1405 885 1460 ea,
904 1405 979 1467 quae
995 1387 1059 1448 lore
1075 1380 1244 1469 suspica-2

88 1493 229 1561 luserat,
247 1485 326 1547 lacta
341 1484 502 1568 cognouit:
519 1483 626 1549 missas
642 1483 808 1567 legationes
824 1485 861 1549 ab
876 1486 1027 1549 nonnullis
1035 1484 1207 1550 ciuitatibus
1223 1483 1245 1550 3

89 1587 125 1649 ad
141 1583 310 1650 Germanos
325 1586 527 1668 inuitatosque
541 1606 605 1663 eos,
624 1587 666 1649 uti
681 1587 718 1651 ab
733 1585 841 1650 Rbeuo
857 1587 1066 1665 discederent,
1093 1587 1207 1651 omnia-

90 1709 158 1771 que,
174 1708 250 1771 quac
265 1687 482 1771 postulassent,
499 1689 535 1751 ab
551 1710 586 1754 se
601 1690 667 1753 iore
681 1700 797 1772 parata.
843 1686 912 1772 Qua
927 1711 980 1773 spe
995 1690 1114 1753 adducti
1130 1687 1243 1754 Gor-d

37 1801 67 1854 15
89 1791 170 1854 nani
190 1790 282 1854 latins
305 1791 494 1873 uagabantur
516 1805 547 1856 ct
568 1792 599 1855 iu
622 1793 697 1854 fines
712 1790 888 1856 Eburonum
911 1803 942 1856 et
964 1788 1205 1868 Condrusorum,

91 1893 140 1976 qui
155 1903 229 1956 suut
240 1891 447 1957 Treuerorum
463 1894 608 1971 clientes,
625 1905 838 1977 peruenerant.
884 1891 1074 1979 Principibus
1089 1890 1242 1958 Galliaob

90 1994 230 2059 euocatis
245 1990 359 2059 Caesar
373 2015 421 2071 ea,
439 2016 514 2079 quae
530 2004 735 2079 cognouerat,
753 1995 965 2059 dissimulanda
980 1998 1036 2060 sibi
1053 1997 1208 2061 existima·

90 2096 139 2159 uit
154 2115 316 2179 eorumque
329 2098 436 2161 animis
452 2097 610 2182 permulsis
620 2107 650 2160 et
660 2096 841 2158 confirmatis
857 2099 1047 2179 equitatuque
1062 2099 1208 2182 imperato

88 2197 201 2261 bellum
217 2219 284 2262 cnm
299 2195 458 2264 Germanis
481 2221 588 2284 gerere
603 2198 768 2263 coustituit.
805 2195 852 2262 Re
873 2201 1067 2262 frumentaria
1090 2198 1244 2281 compa-*l

40 2309 68 2362 tt
90 2310 155 2365 rata
172 2300 379 2385 spiritibusque
402 2302 526 2366 delectis
542 2302 646 2365 iterio
663 2321 698 2364 ea
714 2298 780 2363 loca
797 2302 896 2365 iacere
911 2301 1026 2384 coepit,
1049 2301 1155 2383 quibus
1178 2299 1210 2362 iu

90 2402 167 2465 loeis
182 2421 250 2466 essa
263 2401 434 2468 Germanum
448 2404 598 2468 audiebat.
644 2404 674 2465 A
696 2403 799 2486 quibus
822 2425 889 2467 cum
912 2423 1073 2488 paucorum
1096 2402 1210 2466 dierum
1223 2399 1247 2467 2

90 2505 154 2569 iter
173 2503 312 2584 abesset,
336 2506 427 2589 legati
450 2506 488 2569 sb
513 2507 551 2570 iis
573 2516 740 2583 uenerunt,
768 2528 893 2589 quorum
917 2508 991 2570 baec
1014 2507 1070 2570 luit
1090 2504 1208 2569 oratius

90 2603 260 2671 Germanos
274 2628 372 2690 neque
386 2607 503 2692 priores
519 2608 626 2692 populo
642 2607 779 2671 Romano
794 2609 904 2673 bellum
925 2610 1038 2674 inlerru
1053 2629 1150 2692 neque
1167 2605 1246 2673 tub

90 2730 157 2773 men
173 2729 331 2788 recusare,
349 2710 377 2773 si
391 2711 592 2789 lacessantur,
609 2711 982 2794 quinarmiscontendant,
1000 2713 1074 2793 quod
1085 2709 1211 2774 Germa-

45 2817 70 2872 tt
90 2832 197 2877 uorum
213 2814 398 2877 cousuetudo
414 2811 488 2877 baec
502 2813 543 2877 sit
557 2835 574 2876 a
589 2814 753 2879 maioribus
770 2814 890 2893 tradita,
909 2813 1085 2897 quicumque
1100 2811 1210 2874 bollum

200 3019 213 3072 1
229 3027 272 3071 est
283 3021 352 3071 onim
364 3020 413 3072 boe
424 3021 482 3072 AB
491 3019 588 3084 OM,-
612 3029 751 3074 astantem
765 3022 814 3072 boc
826 3037 861 3085 u,
875 3028 918 3072 cst
930 3021 978 3070 boc
992 3020 1095 3084 inquam
1108 3014 1213 3066 Admot-

92 3109 142 3145 nrss
152 3097 246 3163 proqf.
260 3113 284 3148 c.
299 3095 325 3146 8.
448 3098 463 3149 3
477 3098 536 3163 quid
551 3097 696 3150 Aa‘mor‘nur
702 3138 712 3164 ,
727 3099 793 3165 quod
808 3096 885 3147 codd.
903 3097 1040 3148 Caesaris.
1181 3091 1213 3141 de

91 3173 643 3240 quarob,doquueunquorodtmoinus.
732 3176 923 3241 beugatbos.
1012 3169 1215 3237 rebur(A)Bb'

90 3249 309 3317 uenenorum,
325 3254 470 3304 rumoribus
485 3253 604 3319 bedas.
726 3254 893 3317 linuestigio
905 3251 1133 3315 Abeuntes,
1148 3263 1216 3299 eue-

90 3329 358 3393 stissler'mor'nusu.
372 3329 509 3383 thAEiu.
523 3331 612 3396 XXII,
628 3334 670 3385 ll.
688 3332 751 3385 Tuo.
767 3333 833 3384 tuse.
848 3331 895 3395 W,
911 3332 953 3382 ts.
970 3329 1057 3381 Vcrur
1068 3330 1105 3381 ud
1116 3330 1213 3381 Front.

87 3422 118 3474 p.
134 3407 184 3460 187
197 3408 239 3460 ed.
253 3408 332 3461 Ilum.
424 3411 562 3463 Bineertis
576 3411 690 3461 moribus
703 3414 729 3463 A
735 3410 760 3462 B
768 3411 790 3462 C
795 3410 852 3462 DE
866 3408 943 3460 codd.
957 3409 1083 3459 Atmor'ns'
1094 3405 1216 3465 (motibus

90 3486 274 3551 torquetur).
416 3487 449 3539 lb
463 3488 488 3538 nl
501 3487 616 3551 cremori
629 3504 665 3538 m.
677 3502 722 3554 pr.
736 3487 768 3538 B.
898 3491 1071 3536 consueuerat
1076 3483 1106 3550 s.

93 3561 124 3615 ¹1
137 3563 289 3629 suspicatur
304 3563 391 3614 luerat
405 3563 430 3615 b.
537 3565 568 3618 l2
580 3580 595 3616 a
609 3566 741 3617 nonnullis
755 3565 803 3630 es.
910 3565 969 3617 13⁸
985 3562 1108 3628 Rhenus.

93 3643 178 3693 suuis
192 3657 311 3710 quaeque
324 3640 586 3709 BCDEej‘mu!
691 3645 722 3696 lt
736 3659 750 3694 a
764 3643 828 3708 scs.
953 3641 1059 3692 abducti
1075 3641 1107 3692 C.

92 3720 123 3774 ll
136 3722 221 3773 lutino
232 3722 399 3787 nugabantur
410 3721 435 3771 A
443 3721 467 3773 B
476 3720 499 3773 0
506 3723 530 3772 l)
539 3722 580 3785 ss,·
599 3721 678 3774 latius
699 3723 749 3772 ium
763 3722 927 3785 uagabantur
939 3722 994 3787 es,
1015 3719 1066 3769 ium
1079 3717 1159 3769 latins
1171 3731 1218 3767 uu-

90 3800 223 3866 gabautur
236 3801 261 3852 b.
378 3801 403 3851 iu
418 3800 512 3851 fluibus
526 3801 540 3850 b
547 3802 576 3865 s.
716 3804 790 3851 inter
803 3799 949 3849 Eburonum
963 3802 992 3848 et
1004 3797 1115 3847 clientes
1123 3798 1217 3862 posita

90 3896 144 3932 aar.
151 3882 183 3946 J.
307 3879 500 3931 Condrusorum
515 3879 530 3928 b
544 3877 628 3942 ‘alsit
648 3877 844 3929 Condrusorum
858 3877 945 3929 Anu
958 3872 1108 3942 ‘pompant

91 3954 448 4010 lerenororumB‘mrs.’
552 3957 762 4022 perueneruuts.
870 3955 900 4006 17
915 3953 1033 4006 euocatis
1046 3952 1100 4019 as,
1115 3951 1218 4004 uocatis

89 4033 118 4087 A
127 4032 253 4086 ΜΗ.
360 4030 647 4099 ligererdugureld.
757 4031 1055 4100 adequitusiuuequet.

91 4124 156 4161 sere
169 4110 258 4179 eoepit
266 4115 332 4176 post
344 4109 468 4161 audiebat
476 4112 560 4176 pontt
572 4110 597 4160 b.
737 4107 768 4159 tl
785 4108 849 4158 loeis
861 4123 915 4158 om.
931 4109 955 4159 b.

90 4185 170 4237 codd.
310 4186 344 4243 25
357 4186 421 4239 buce
434 4200 487 4238 om.
501 4185 536 4237 A.
677 4181 787 4250 traditu]
803 4189 833 4234 ut
844 4183 909 4235 odd.
922 4184 948 4234 1)
958 4185 982 4234 b.

91 4262 192 4315 bellurn
208 4263 241 4315 B.
