2692 4688
415 191 588 261 CodldM
609 191 705 262 ctu.
723 194 873 266 18—2ll.
1202 196 1265 265 Μ

89 377 247 441 curasset,
272 365 351 449 qnod
371 384 409 429 ea
429 367 530 432 omnia
552 389 614 432 non
636 367 852 434 modoiuinssu
867 389 923 434 sno
937 379 969 433 et
982 369 1131 449 ciuitatis,
1155 369 1210 434 sed

90 472 181 536 etism
203 467 405 533 inscientibus
424 469 498 552 ipsis
519 470 662 550 fecisset,
687 471 764 554 quod
786 492 806 537 a
826 471 1003 556 magistratu
1018 470 1209 537 Haeduorum

88 582 297 651 accusaretur,
314 572 389 637 satis
404 592 472 636 esse
488 592 600 636 causae
614 573 828 653 arbitremur,
845 596 938 659 quere
952 575 984 638 iu
999 596 1065 640 euru
1080 585 1132 639 aut
1145 575 1210 660 ipsc

89 675 357 750 animaduerteret,
374 684 425 737 aut
440 673 593 739 ciuitatem
609 678 848 741 animaduertere
868 678 996 742 iuberet.
1037 677 1093 741 llis
1116 675 1248 743 omni-2

56 793 72 842 5
92 780 147 845 bus
161 779 255 845 rebus
271 797 362 841 uuum
375 777 574 860 repugnabat,
592 780 670 860 quod
678 776 825 845 Diuitiaci
841 781 943 845 fratris
958 801 1102 844 summum
1116 780 1148 843 in
1160 801 1211 863 po·

91 883 193 968 pulum
214 880 385 945 Romanum
409 879 554 959 studium,
580 902 724 946 summam
739 882 772 946 in
787 903 821 947 se
836 881 1038 959 uoluntatem,
1061 883 1212 967 egregiam

91 985 190 1063 fidem,
206 982 364 1059 iustitiam,
381 983 611 1064 temperantiam
626 994 827 1068 cognouerat:
845 1006 926 1062 uam,
944 1006 983 1049 ne
994 986 1059 1049 eius
1069 984 1213 1069 supplicio

92 1085 235 1153 Diuitinci
248 1085 379 1151 animum
395 1084 574 1163 offenderet,
591 1087 761 1153 uereltstur.
797 1085 901 1174 ltaque
916 1088 1011 1170 prius,
1029 1109 1115 1169 quam
1131 1086 1247 1171 quic-3

92 1210 179 1273 quam
194 1198 367 1265 conaretur,
384 1184 569 1253 Diuitiacum
584 1189 621 1254 ad
637 1211 672 1255 se
686 1191 789 1254 uocari
805 1190 889 1254 iubet
903 1200 934 1254 et
949 1190 1107 1254 cotidianis
1118 1190 1213 1254 inter·

44 1303 74 1357 tu
94 1293 226 1379 pretibus
246 1291 371 1357 remotis
392 1310 446 1375 per
468 1286 681 1364 C.,Valcrium
704 1289 887 1370 Procillum,
911 1293 1070 1375 principem
1096 1289 1213 1357 Galliae

93 1395 280 1481 prouinciae,
296 1393 474 1459 familiarem
490 1415 598 1475 suum,
620 1396 669 1458 cui
691 1416 834 1459 summam
858 1396 986 1460 omnium
1011 1414 1110 1458 rerum
1126 1395 1214 1459 fidem

95 1496 237 1577 habehat,
251 1517 320 1563 cum
335 1516 373 1561 eo
388 1496 586 1579 colloquitur:
603 1497 692 1561 simul
707 1499 946 1574 commonefacit,
963 1518 1038 1580 quac
1052 1498 1118 1581 ipso
1126 1495 1248 1582 prae-4

95 1611 180 1665 sente
199 1601 232 1665 in
254 1599 383 1665 concilio
399 1595 552 1663 Gallorum
568 1599 605 1663 de
618 1597 805 1684 Dumnorige
819 1601 881 1664 sint
895 1601 994 1679 dicta,
1018 1611 1050 1664 et
1068 1598 1211 1678 ostendit,

95 1724 172 1787 quac
184 1703 346 1789 separau'm
361 1703 487 1786 quisque
501 1703 537 1766 de
552 1723 589 1766 eo
604 1704 681 1786 apud
695 1724 730 1768 se
743 1703 866 1768 dixerit.
895 1700 979 1765 Petit
999 1713 1089 1785 atque
1110 1704 1211 1767 horte·
1226 1697 1247 1765 5

50 1814 75 1869 ts
94 1815 155 1885 tur,
171 1817 207 1871 ut
219 1806 288 1871 sinc
302 1805 369 1871 eius
384 1806 549 1870 offensione
563 1805 654 1871 animi
669 1806 719 1870 uel
732 1806 798 1890 ipse
813 1806 849 1870 de
865 1826 901 1868 eo
916 1824 1009 1868 causa
1023 1804 1214 1888 cognitaste·

95 1918 171 1987 tuat,
187 1908 238 1972 uel
248 1909 402 1975 ciuitatem
417 1919 552 1972 statuere
566 1908 677 1972 iubeat.
698 1906 867 1973 Diuitiacus
883 1907 984 1973 multis
1000 1929 1067 1973 cum
1080 1904 1211 1970 lacrimis
1224 1903 1270 1975 2⁰

95 2005 263 2075 Caesarem
276 2012 448 2095 complexus
463 2010 622 2074 obsecrare
636 2011 746 2094 coepit,
770 2031 808 2074 ne
824 2012 891 2093 quid
907 2012 1030 2094 grauius
1045 2011 1076 2075 in
1092 2011 1214 2073 fratrem

100 2121 269 2177 statueretc
285 2108 369 2177 Scire
384 2134 420 2178 se
433 2112 484 2177 illa
499 2132 569 2177 esse
584 2132 667 2189 uera,
684 2132 740 2177 nec
756 2132 977 2194 quemquamex
993 2133 1029 2177 eo
1044 2114 1109 2196 plus
1125 2107 1249 2194 qunm2

95 2235 128 2281 sc
143 2214 260 2279 doloris
274 2234 388 2299 «capere,
407 2227 565 2301 propterea
581 2215 672 2297 quod,
688 2235 754 2278 cum
769 2215 835 2297 ipse
849 2215 947 2296 gratia
962 2213 1119 2295 plurimum
1135 2212 1215 2276 dumi

51 2325 78 2379 tt
97 2328 184 2402 aque
196 2317 229 2383 in
243 2317 358 2401 reliqua
372 2315 483 2395 Gallia,
500 2317 551 2381 ille
559 2318 712 2381 minimum
723 2328 845 2401 propter
853 2316 1084 2381 adolescentiam
1096 2323 1212 2398 posset,

98 2442 151 2505 pcr
164 2442 200 2486 se
212 2421 377 2500 creuisset3
395 2417 502 2503 quibus
517 2421 622 2504 opibus
637 2442 673 2485 ac
688 2421 962 2485 ueruisuousolum
975 2421 1013 2484 ad
1024 2411 1250 2483 minuendunll

97 2522 242 2607 padam,
265 2522 321 2587 sed
342 2544 438 2606 paene
460 2524 498 2585 ad
520 2523 682 2607 perniciem
698 2545 781 2587 suam
798 2534 943 2587 uteretur.
975 2518 1052 2587 Sese
1067 2532 1169 2585 tumen
1184 2528 1215 2583 et

97 2646 197 2691 amore
212 2626 348 2691 fraterno
364 2635 396 2689 et
410 2625 633 2690 existimatione
649 2626 730 2710 uulgi
745 2627 936 2691 summoueri.
961 2623 1089 2707 Quodsi
1105 2621 1250 2709 quideid

97 2748 114 2791 a
126 2723 263 2793 Caesare
276 2726 402 2813 grauius
414 2727 592 2806 accidisset,
617 2750 683 2793 cum
699 2729 763 2812 ipse
778 2748 846 2793 eum
860 2730 960 2795 locum
974 2727 1122 2793 amicitiae
1136 2726 1215 2809 apud

55 2835 81 2888 ²5
99 2847 163 2895 eum
185 2840 319 2911 uneret,
340 2829 491 2895 nemiuem
512 2830 753 2896 existimaturum
769 2854 831 2897 non
846 2853 902 2895 sua
918 2829 1071 2895 uoluntate
1086 2830 1213 2904 iactumr

98 2953 152 3015 qua
173 2953 216 2997 ex
236 2953 273 2999 re
292 2935 446 3010 futurum,
473 2933 518 2997 uti
539 2934 632 2999 totius
648 2931 766 3000 Galliae
787 2934 877 2999 animi
899 2954 918 2998 a
939 2954 973 2997 se
988 2937 1211 2995 reuerterentur.

99 3030 180 3101 llaec
199 3056 268 3099 cum
290 3035 425 3120 plurilus
449 3036 551 3103 uerbis
572 3037 648 3100 fleus
670 3058 689 3100 a
712 3033 847 3101 Caesare
861 3045 997 3120 peteret,
1021 3031 1136 3099 Caesar
1151 3024 1252 3095 elusit

100 3136 235 3205 lutrano
247 3138 387 3221 prendit,
403 3141 576 3205 consolatus
590 3150 691 3222 rogat,
708 3143 797 3203 duem
816 3139 921 3205 orandi
936 3137 1042 3215 facint3
1061 3132 1217 3203 lenticius

99 3241 173 3325 apud
186 3261 222 3305 se
237 3240 366 3325 qratiam
380 3261 448 3307 esse
464 3241 607 3321 ostendit,
627 3242 672 3307 uti
687 3253 718 3307 et
731 3241 912 3324 reipublicae
927 3241 1068 3307 iniuriam
1082 3246 1115 3303 et
1131 3254 1230 3305 suun·

55 3346 82 3401 ³⁸
98 3342 228 3409 dolorem
245 3342 311 3407 eius
326 3343 523 3410 uoluntariae
537 3344 676 3428 precibus
690 3345 852 3409 condonet.
883 3342 1098 3427 Dumnorigem
1119 3340 1158 3404 sd
1180 3358 1215 3405 se
1230 3336 1252 3400 6

99 3456 203 3525 uocat,
229 3447 352 3510 fratrem
375 3448 514 3528 adhibet3
538 3468 614 3531 quae
629 3448 659 3511 iu
674 3467 709 3511 eo
726 3448 942 3532 reprehendat,
967 3445 1108 3521 ostendit,
1141 3459 1218 3525 quau

203 3644 384 3697 auctiorem
397 3662 424 3698 a.
530 3645 702 3699 dllomsnom
716 3646 804 3697 ‘ebert
816 3647 850 3697 ud
863 3661 927 3696 noes.
942 3645 992 3697 ll’.
1114 3644 1216 3712 aquic,

99 3738 171 3787 quam
184 3724 264 3788 Aes,
279 3723 416 3789 quidquam
429 3725 465 3787 Ι),
479 3727 610 3792 quitquam
624 3727 659 3777 E.
781 3726 796 3775 9
809 3725 950 3775 cotidianis
962 3740 989 3775 a.
1113 3725 1145 3777 tu
1157 3724 1220 3776 Pro·

99 3800 187 3851 cillum
199 3801 233 3863 ἀς
252 3799 429 3851 Trosucillum
444 3802 641 3852 ‘uetustissima'
655 3801 793 3862 sotoris,
807 3801 969 3853 Trauoillnm
983 3802 1030 3866 cs.-
1043 3804 1117 3851 ‘mre
1130 3805 1221 3853 nostri

98 3875 255 3931 Troscillun
271 3879 317 3929 uel
333 3878 510 3931 'l'roaucillnm
530 3880 575 3931 uel
590 3880 769 3932 Trauoillum'.
790 3878 852 3931 Vid.
874 3897 897 3929 e.
913 3878 960 3941 ll,
980 3881 1005 3930 t.
1027 3879 1069 3943 53,
1085 3881 1109 3930 d.

99 3956 218 4009 Galileae
233 3957 265 4008 C.
372 3957 404 4009 12
415 3958 581 4024 conloquitur
585 3961 614 4026 s.
732 3959 763 4010 tt
777 3959 953 4024 unusquisque
968 3960 992 4008 b.
1111 3959 1142 4010 tc
1155 3958 1220 4010 mul-

100 4037 216 4089 unos.
319 4036 351 4088 ll
367 4037 532 4102 conplectens
544 4053 579 4087 ns.
592 4050 638 4103 pr.
655 4038 679 4087 d.
784 4037 817 4089 20
831 4035 886 4102 ille]
901 4037 957 4102 ipse
972 4036 1003 4087 C.
1111 4038 1214 4088 minime

100 4119 161 4164 unte
180 4129 253 4165 corr.
266 4129 293 4165 a.
415 4115 445 4168 st
468 4115 616 4165 creuissent
635 4115 672 4171 C.
692 4114 809 4164 creuisse
831 4116 903 4163 ‘man
918 4113 953 4177 θ’,
973 4128 1030 4164 enm
1049 4114 1212 4165 credisset).

140 4192 173 4245 27
186 4192 279 4242 uerbis
290 4192 355 4242 hacc
368 4208 425 4243 oum
439 4194 600 4258 incipitsol.
616 4193 630 4244 7
643 4193 676 4243 B.
749 4194 783 4243 fd
796 4193 914 4243 dextrum
928 4193 1032 4257 prendit
1046 4194 1117 4244 ‘mre
1124 4191 1219 4255 plures

101 4275 127 4320 et
137 4271 317 4337 antiquiorcr‘
330 4272 377 4335 (Β)
385 4290 394 4335 ,·
408 4273 543 4322 dexteram
557 4272 661 4338 prendit
673 4273 706 4323 ld.
812 4269 1013 4336 consolatusque
1027 4285 1085 4320 sum
1098 4266 1215 4331 rogati).
