2692 4688
371 236 510 307 COllll.
527 236 685 308 lllel’.
702 238 856 310 {tl-bh.
1200 240 1264 313 593

82 413 113 476 in
130 413 226 476 locum
245 412 403 496 proluxit,
420 412 446 475 si
461 409 621 496 Pompeius
636 412 751 497 proelio
767 413 920 478 decertare
935 413 1042 492 uellet,
1058 424 1093 478 ut
1106 436 1201 500 paene

81 517 194 580 eastris
211 513 332 596 Pompei
355 514 489 596 legiones
513 515 686 593 subiceret3
711 524 886 598 tantumque
902 536 919 578 a
935 516 1014 580 uallo
1030 516 1094 580 eius
1109 519 1201 601 prima

80 620 166 683 acies
183 617 298 695 aberat,
309 616 352 678 uti
368 636 405 679 ne
421 617 481 679 telo
497 626 684 681 tormentone
698 618 775 682 atlioi
788 628 901 703 posset.
919 614 1078 702 Pompeius
1090 629 1199 699 autem,
1215 618 1238 684 2

81 731 115 784 ut
139 721 247 782 lauram
265 718 491 804 opinionemque
507 719 657 782 hominum
674 729 807 799 teneret,
831 720 874 784 sic
890 740 943 803 pro
959 721 1068 784 castris
1083 722 1202 784 exerci-

46 834 61 887 t
84 833 147 887 tuna
164 820 378 898 constituebat,
390 830 423 882 ut
439 821 527 884 tertia
541 821 623 885 acies
639 821 747 886 nahum
762 823 961 908 contingeret,
973 822 1070 886 ononis
1086 823 1201 906 quidem

79 926 247 989 instructus
268 923 423 987 exercitus
445 921 513 986 telis
537 943 578 986 ex
601 923 680 988 uallo
695 924 821 988 abiectis
836 925 952 1009 protegi
967 935 1081 1008 posset.
1115 923 1198 989 llaec
1213 926 1259 997 57

84 1048 151 1092 curn
166 1027 197 1090 in
206 1024 322 1088 Achaia
338 1035 425 1106 atque
440 1025 516 1109 apud
532 1022 751 1110 Dyrrhachium
768 1037 959 1108 gererentur,
972 1024 1201 1111 Scipionemque

84 1129 115 1192 in
124 1126 332 1192 blacetloniam
350 1126 471 1189 uenisse
485 1137 649 1206 constaret,
661 1149 722 1191 nou
736 1127 845 1192 oblitos
857 1129 975 1214 pristini
985 1128 1113 1193 instituti
1124 1124 1203 1193 Cae·

85 1250 137 1295 sar
150 1229 240 1293 mittit
254 1230 291 1293 atl
307 1250 374 1293 entn
390 1228 437 1292 Α.
449 1224 600 1308 Clodium,
617 1250 701 1294 suum
718 1241 806 1314 atque
821 1231 900 1294 illius
916 1230 1103 1309 familiarem,
1115 1251 1201 1313 quem

27 1342 62 1398 ll)
83 1332 122 1398 ab
143 1333 195 1396 illo
219 1332 358 1395 traditum
375 1330 460 1394 initio
476 1342 508 1396 et
523 1333 759 1397 commendatum
775 1334 807 1396 in
823 1353 945 1396 suorum
961 1333 1201 1397 necessariorum

85 1454 210 1499 numero
225 1433 335 1497 hahere
351 1432 529 1497 instituerat.
555 1432 635 1499 lluic
651 1436 701 1499 lut
715 1435 832 1499 litteras
847 1434 1044 1518 mandataque
1060 1436 1097 1498 atl
1112 1455 1199 1515 eumq
1215 1435 1238 1499 2

85 1556 210 1621 quorum
226 1536 300 1599 haec
314 1547 379 1599 erat
395 1557 528 1600 summa:
546 1533 622 1602 Sese
638 1537 737 1601 omnia
752 1537 788 1601 le
804 1556 877 1622 pace
890 1547 1048 1621 expertum
1065 1536 1137 1601 nihil
1150 1538 1201 1602 atl-

86 1638 143 1702 huc
163 1637 303 1703 arbitrari
320 1638 393 1702 uitio
410 1640 518 1703 lactum
534 1659 657 1719 eorum,
680 1660 755 1725 quos
770 1659 838 1703 esse
853 1648 991 1702 auctores
1007 1639 1071 1702 eius
1087 1640 1130 1703 rei
1147 1661 1200 1703 uo-

86 1740 203 1817 luisset,
216 1741 291 1824 quotl
307 1760 362 1804 sna
378 1742 515 1805 mandata
527 1743 661 1826 perlerre
672 1762 731 1805 non
744 1752 910 1825 opportuno
924 1751 1055 1824 tempore
1066 1742 1101 1805 otl
1110 1739 1200 1806 Pona-

28 1852 62 1906 υ
85 1842 184 1926 peiunr
204 1852 393 1907 uererentur.
425 1839 596 1928 Scipionem
617 1864 652 1908 ea
668 1864 737 1908 esse
759 1841 956 1920 auctoritate,
981 1851 1014 1904 ut
1029 1863 1087 1905 non
1103 1842 1234 1907 colons

83 1943 179 2008 libere
202 1964 278 2026 quae
298 1944 450 2028 probasset
473 1966 643 2031 exponere,
668 1945 824 2009 sedetiam
841 1965 882 2008 ex
896 1965 1004 2027 magna
1020 1955 1104 2029 parte
1121 1967 1201 2009 oom-

85 2045 200 2130 pellere
212 2056 303 2130 atque
317 2059 467 2112 errantem
482 2067 589 2130 regere
606 2059 725 2131 posset3
739 2065 878 2130 praeesse
893 2057 993 2109 autem
1009 2067 1064 2109 sno
1080 2047 1201 2111 nomine
1297 2080 1303 2091 ι

84 2147 246 2222 exercitui,
257 2158 290 2212 ut
305 2159 425 2234 praeter
439 2150 645 2213 auctoritatem
663 2149 744 2212 uires
761 2167 877 2232 qnoque
891 2147 928 2209 atl
941 2147 1136 2209 coercendum
1148 2148 1200 2211 ha·

85 2250 182 2314 beret.
206 2247 334 2333 Quodsi
351 2253 489 2329 lecisset,
507 2252 635 2335 quietem
651 2249 768 2329 ltaliae,
786 2269 886 2334 pacem
903 2248 1136 2331 prouinciarum,
1153 2249 1238 2313 sa·l

25 2362 62 2418 2⁰
85 2354 177 2416 lntem
197 2353 313 2437 inperii
333 2355 383 2418 nni
405 2375 509 2418 omnes
524 2364 675 2438 acceptam
691 2355 852 2418 relaturos.
884 2349 968 2414 llaec
983 2349 1019 2413 atl
1035 2368 1102 2412 enno
1118 2347 1236 2414 man-5

86 2455 155 2520 data
171 2450 294 2520 Clodius
310 2458 403 2520 relcrt
418 2479 454 2521 ac
470 2459 571 2541 primis
588 2457 704 2531 (liebus,
714 2467 748 2520 ut
762 2454 931 2533 uidebatur,
943 2452 1072 2517 libenter
1083 2453 1201 2518 auditus

85 2558 211 2642 reliquis
232 2558 269 2623 atl
292 2559 470 2643 colloquium
494 2581 552 2623 non
570 2560 736 2624 admittitur
751 2559 897 2642 castigato
913 2555 1055 2642 Scipione
1069 2580 1088 2620 u
1102 2555 1201 2620 Fano·

84 2660 154 2739 uio,
180 2670 213 2723 ut
228 2671 329 2744 postea
347 2663 483 2724 conlecto
498 2662 575 2726 bello
591 2662 832 2746 reperiebamus,
849 2663 1016 2740 intactaque
1031 2681 1065 2722 re
1080 2680 1149 2723 sese
1164 2661 1201 2722 ad

87 2757 250 2826 Caesarem
266 2763 390 2847 recepit.
416 2761 543 2843 Caesar,
561 2784 619 2848 quo
636 2765 751 2828 facilius
767 2765 929 2847 equitatum
941 2760 1199 2844 Pompeianomatl
1214 2760 1259 2828 58

25 2875 61 2928 st
85 2862 304 2953 Dyrrhachium
329 2866 497 2930 contineret
520 2877 551 2930 et
573 2866 762 2950 pabulatione
786 2865 974 2951 prohiberet,
999 2862 1097 2925 atlitus
1112 2860 1200 2938 dnos,

86 2988 160 3050 quos
176 2989 245 3032 esse
260 2980 404 3051 angustos
419 2969 699 3048 demonstrauimus,
717 2970 833 3054 magnis
849 2967 987 3050 operibus
1003 2961 1203 3046 praemoninit
1310 3010 1313 3017 .

86 3070 267 3154 castellaque
289 3071 335 3134 his
355 3072 428 3135 locis
453 3073 562 3156 posuit.
594 3070 770 3154 Pompeius,
794 3070 844 3132 ubi
860 3068 934 3133 nihil
950 3064 1051 3151 prolici
1068 3064 1238 3148 equitatn2

85 3173 240 3255 cognouit,
250 3173 351 3257 paucis
366 3173 548 3238 intermissis
563 3173 666 3236 (liebus
681 3191 798 3235 rursum
814 3190 881 3234 eum
895 3169 1020 3233 nauibus
1029 3168 1066 3231 atl
1079 3188 1112 3232 se
1123 3168 1202 3232 intra

86 3273 266 3339 munitiones
287 3276 404 3360 recipit.
436 3274 514 3341 Erat
536 3297 649 3341 summa
671 3275 770 3360 inopia
786 3273 903 3359 pabuli,
929 3273 1002 3336 adeo
1019 3283 1053 3335 ut
1067 3271 1146 3335 loliis
1161 3267 1236 3335 013

197 3455 348 3522 lpcoelu).
463 3456 635 3523 2Pompeio.
752 3455 936 3506 subicerent».
1056 3450 1201 3512 locabo,

87 3547 119 3583 ne
132 3533 157 3583 in
171 3547 228 3583 esu
240 3549 268 3584 s·
408 3537 461 3588 telo
475 3543 636 3586 tormentoue
649 3535 753 3599 reliqui
764 3534 841 3584 codd.
849 3571 857 3596 ,
872 3534 925 3584 telo
939 3539 1126 3583 tormentumuc
1139 3545 1155 3580 o
1168 3534 1205 3580 sa·-

85 3611 158 3661 lonto
170 3611 202 3662 ds
214 3617 340 3663 extremo
353 3613 497 3679 Boperh'o5
510 3613 591 3663 tclum
605 3618 793 3662 tormentsmne
807 3611 963 3675 Stephanus
976 3623 1003 3657 u.
1135 3607 1205 3656 adici

86 3684 227 3751 Scaliger,
249 3688 317 3752 atligi
338 3689 414 3740 codd.
435 3689 496 3739 Non
514 3692 601 3751 ucles,
620 3689 668 3738 acal
685 3687 826 3737 adonium
845 3687 921 3736 adici
936 3687 1058 3749 potuisse
1075 3687 1202 3745 negatur.

194 3762 328 3831 Pompeius
342 3792 375 3805 —
388 3764 428 3829 (6)
442 3771 595 3831 porcetum.
611 3766 635 3815 h.
788 3765 806 3816 4
818 3763 1013 3829 opinionemque
1025 3772 1041 3807 u
1055 3755 1162 3817 beleth,
1179 3764 1206 3808 et

85 3839 232 3905 opinionon
245 3857 273 3893 u.
384 3843 445 3893 siu.
566 3842 705 3893 bahieetis
719 3842 793 3892 ‘msa
808 3842 917 3902 omosa’,
932 3835 1055 3905 proiectis
1068 3851 1096 3886 u.

86 3917 101 3967 9
115 3916 145 3965 Α.
159 3919 302 3982 suppleuit
312 3919 500 3970 Morklondue.
615 3919 648 3971 ts
660 3926 769 3985 experto
780 3935 798 3969 a
807 3920 832 3969 b.
958 3917 987 3968 13
1001 3916 1065 3967 nitio
1080 3914 1174 3968 loetum
1187 3934 1204 3969 o

83 3992 145 4043 edd.
158 3999 223 4043 note
235 3996 318 4060 Soul„
335 3997 431 4047 luctum
446 3997 510 4046 uitio
521 3995 645 4060 Scaliger
657 4011 684 4045 u.
798 3997 830 4048 ll
842 4001 969 4062 oportuno
982 4011 1009 4045 u.
1127 3997 1158 4047 lb
1171 4012 1205 4047 ex

85 4084 177 4134 magua
189 4087 207 4121 α
215 4090 224 4134 ,·
238 4089 331 4138 magno
344 4091 377 4125 ex
390 4091 408 4124 u
421 4080 447 4123 et
461 4076 511 4123 ‘sic
523 4088 597 4135 mar„
613 4088 664 4121 noa
678 4088 711 4123 ex
725 4073 791 4123 m.'l
894 4074 1075 4138 compelleres
1085 4073 1159 4122 ‘mae
1169 4071 1203 4123 δ’.

195 4150 227 4200 18
240 4151 428 4201 cohercendum
442 4166 468 4200 a.
586 4149 733 4215 essuperet
748 4149 909 4216 Stephanus,
924 4151 1032 4217 irnperio
1045 4153 1096 4200 ob.

85 4226 215 4276 relatione
227 4234 292 4278 anto
305 4243 375 4278 corr.
390 4244 417 4278 o.
522 4226 555 4276 ‘ts
569 4227 778 4291 repperiebamus
791 4242 818 4277 o.
923 4230 957 4282 bb
968 4226 1168 4291 onguotiesimos
1179 4226 1202 4273 b.

194 4306 227 4356 at
243 4307 341 4372 recepit
357 4309 428 4356 ‘mac
443 4310 469 4356 cl
481 4305 540 4356 eoo.
556 4303 630 4369 quo:

121 4399 213 4458 (laesor,
224 4403 259 4447 cul.
276 4401 383 4461 Nipperd.
1016 4384 1058 4451 38
