<?xml version="1.0" encoding="UTF-8"?>
<!DOCTYPE html PUBLIC "-//W3C//DTD XHTML 1.0 Transitional//EN"
    "http://www.w3.org/TR/xhtml1/DTD/xhtml1-transitional.dtd">
<html xmlns="http://www.w3.org/1999/xhtml" xml:lang="en" lang="en">
 <head>
  <title>
</title>
<meta http-equiv="Content-Type" content="text/html;charset=utf-8" />
  <meta name='ocr-system' content='tesseract 3.04.00' />
  <meta name='ocr-capabilities' content='ocr_page ocr_carea ocr_par ocr_line ocrx_word'/>
</head>
<body>
  <div class='ocr_page' id='page_1' title='image "./civliicaesarisc02hirtgoog_0523.png"; bbox 0 0 2692 4688; ppageno 0'>
   <div class='ocr_carea' id='block_1_1' title="bbox 52 199 861 278">
    <p class='ocr_par' dir='ltr' id='par_1_1' title="bbox 52 199 861 278">
     <span class='ocr_line' id='line_1_1' title="bbox 52 199 861 278; baseline 0 -4"><span class='ocrx_word' id='word_1_1' title='bbox 52 204 116 276; x_wconf 78' lang='lat' dir='ltr'>stt</span> <span class='ocrx_word' id='word_1_2' title='bbox 478 204 536 274; x_wconf 76' lang='lat' dir='ltr'>llll</span> <span class='ocrx_word' id='word_1_3' title='bbox 559 204 705 277; x_wconf 72' lang='lat' dir='ltr'>ssent)</span> <span class='ocrx_word' id='word_1_4' title='bbox 727 199 861 278; x_wconf 74' lang='lat' dir='ltr'>ctvtnt</span> 
     </span>
    </p>
   </div>
   <div class='ocr_carea' id='block_1_2' title="bbox 51 374 1231 772">
    <p class='ocr_par' dir='ltr' id='par_1_2' title="bbox 51 374 1231 772">
     <span class='ocr_line' id='line_1_2' title="bbox 51 374 1231 465; baseline 0.003 -21"><span class='ocrx_word' id='word_1_5' title='bbox 51 376 97 450; x_wconf 71' lang='lat'>4⁸</span> <span class='ocrx_word' id='word_1_6' title='bbox 110 376 203 444; x_wconf 74' lang='lat' dir='ltr'>iubet.</span> <span class='ocrx_word' id='word_1_7' title='bbox 227 374 306 441; x_wconf 85' lang='lat' dir='ltr'>Erat</span> <span class='ocrx_word' id='word_1_8' title='bbox 320 376 544 463; x_wconf 84' lang='lat' dir='ltr'>interoppidnns</span> <span class='ocrx_word' id='word_1_9' title='bbox 552 377 680 444; x_wconf 81' lang='lat' dir='ltr'>Ilerdam</span> <span class='ocrx_word' id='word_1_10' title='bbox 697 390 729 445; x_wconf 93' lang='lat' dir='ltr'>et</span> <span class='ocrx_word' id='word_1_11' title='bbox 743 382 911 465; x_wconf 85' lang='lat' dir='ltr'>proximum</span> <span class='ocrx_word' id='word_1_12' title='bbox 927 381 1045 461; x_wconf 88' lang='lat' dir='ltr'>collem,</span> <span class='ocrx_word' id='word_1_13' title='bbox 1062 380 1111 445; x_wconf 89' lang='lat' dir='ltr'>nbi</span> <span class='ocrx_word' id='word_1_14' title='bbox 1129 394 1231 448; x_wconf 78' lang='lat' dir='ltr'>castrt</span> 
     </span>
     <span class='ocr_line' id='line_1_3' title="bbox 107 477 1227 568; baseline 0.001 -22"><span class='ocrx_word' id='word_1_15' title='bbox 107 477 248 546; x_wconf 84' lang='lat' dir='ltr'>Petreius</span> <span class='ocrx_word' id='word_1_16' title='bbox 262 491 352 564; x_wconf 87' lang='lat' dir='ltr'>atque</span> <span class='ocrx_word' id='word_1_17' title='bbox 366 479 512 545; x_wconf 82' lang='lat' dir='ltr'>Airanins</span> <span class='ocrx_word' id='word_1_18' title='bbox 528 481 689 559; x_wconf 78' lang='lat' dir='ltr'>habebunt,</span> <span class='ocrx_word' id='word_1_19' title='bbox 705 482 850 567; x_wconf 75' lang='lat' dir='ltr'><strong>planicies</strong></span> <span class='ocrx_word' id='word_1_20' title='bbox 866 483 989 547; x_wconf 88' lang='lat' dir='ltr'>circiter</span> <span class='ocrx_word' id='word_1_21' title='bbox 1003 504 1144 568; x_wconf 89' lang='lat' dir='ltr'>passuum</span> <span class='ocrx_word' id='word_1_22' title='bbox 1151 495 1227 564; x_wconf 79' lang='lat' dir='ltr'>cce,</span> 
     </span>
     <span class='ocr_line' id='line_1_4' title="bbox 71 581 1229 671; baseline 0.004 -25"><span class='ocrx_word' id='word_1_23' title='bbox 71 581 93 646; x_wconf 81' lang='lat'>2</span> <span class='ocrx_word' id='word_1_24' title='bbox 108 592 197 667; x_wconf 86' lang='lat' dir='ltr'>atque</span> <span class='ocrx_word' id='word_1_25' title='bbox 212 582 243 646; x_wconf 92' lang='lat' dir='ltr'>in</span> <span class='ocrx_word' id='word_1_26' title='bbox 259 582 315 646; x_wconf 85' lang='lat' dir='ltr'>ltoc</span> <span class='ocrx_word' id='word_1_27' title='bbox 339 583 402 645; x_wconf 86' lang='lat' dir='ltr'>lere</span> <span class='ocrx_word' id='word_1_28' title='bbox 424 583 521 646; x_wconf 88' lang='lat' dir='ltr'>medio</span> <span class='ocrx_word' id='word_1_29' title='bbox 547 584 645 667; x_wconf 88' lang='lat' dir='ltr'>spatio</span> <span class='ocrx_word' id='word_1_30' title='bbox 660 586 790 649; x_wconf 89' lang='lat' dir='ltr'>tumulus</span> <span class='ocrx_word' id='word_1_31' title='bbox 805 594 872 650; x_wconf 87' lang='lat' dir='ltr'>crat</span> <span class='ocrx_word' id='word_1_32' title='bbox 885 588 973 671; x_wconf 92' lang='lat' dir='ltr'>paulo</span> <span class='ocrx_word' id='word_1_33' title='bbox 988 586 1116 667; x_wconf 83' lang='lat' dir='ltr'>editior3</span> <span class='ocrx_word' id='word_1_34' title='bbox 1141 608 1229 669; x_wconf 88' lang='lat' dir='ltr'>quern</span> 
     </span>
     <span class='ocr_line' id='line_1_5' title="bbox 107 679 1231 772; baseline 0.002 -22"><span class='ocrx_word' id='word_1_35' title='bbox 107 685 135 750; x_wconf 89' lang='lat' dir='ltr'>ai</span> <span class='ocrx_word' id='word_1_36' title='bbox 144 684 353 769; x_wconf 84' lang='lat' dir='ltr'>occupauisset</span> <span class='ocrx_word' id='word_1_37' title='bbox 364 679 481 748; x_wconf 87' lang='lat' dir='ltr'>Cacsar</span> <span class='ocrx_word' id='word_1_38' title='bbox 495 695 525 748; x_wconf 92' lang='lat' dir='ltr'>et</span> <span class='ocrx_word' id='word_1_39' title='bbox 539 686 764 765; x_wconf 73' lang='lat' dir='ltr'>communisset,</span> <span class='ocrx_word' id='word_1_40' title='bbox 782 687 819 749; x_wconf 89' lang='lat' dir='ltr'>ab</span> <span class='ocrx_word' id='word_1_41' title='bbox 834 688 941 772; x_wconf 85' lang='lat' dir='ltr'>oppido</span> <span class='ocrx_word' id='word_1_42' title='bbox 956 698 988 751; x_wconf 92' lang='lat' dir='ltr'>et</span> <span class='ocrx_word' id='word_1_43' title='bbox 1001 699 1092 772; x_wconf 89' lang='lat' dir='ltr'>ponte</span> <span class='ocrx_word' id='word_1_44' title='bbox 1106 699 1137 751; x_wconf 91' lang='lat' dir='ltr'>et</span> <span class='ocrx_word' id='word_1_45' title='bbox 1147 709 1231 752; x_wconf 88' lang='lat' dir='ltr'>conr-</span> 
     </span>
    </p>
   </div>
   <div class='ocr_carea' id='block_1_3' title="bbox 46 786 1286 3116">
    <p class='ocr_par' dir='ltr' id='par_1_3' title="bbox 49 786 1286 2093">
     <span class='ocr_line' id='line_1_6' title="bbox 107 786 1266 871; baseline 0.003 -19"><span class='ocrx_word' id='word_1_46' title='bbox 107 796 207 852; x_wconf 89' lang='lat' dir='ltr'>sneatn</span> <span class='ocrx_word' id='word_1_47' title='bbox 222 788 322 865; x_wconf 89' lang='lat' dir='ltr'>omni,</span> <span class='ocrx_word' id='word_1_48' title='bbox 346 806 431 870; x_wconf 88' lang='lat' dir='ltr'>quern</span> <span class='ocrx_word' id='word_1_49' title='bbox 447 787 480 850; x_wconf 93' lang='lat' dir='ltr'>in</span> <span class='ocrx_word' id='word_1_50' title='bbox 494 786 631 871; x_wconf 87' lang='lat' dir='ltr'>oppidum</span> <span class='ocrx_word' id='word_1_51' title='bbox 647 788 854 866; x_wconf 89' lang='lat' dir='ltr'>coutulerunt,</span> <span class='ocrx_word' id='word_1_52' title='bbox 879 808 914 852; x_wconf 91' lang='lat' dir='ltr'>se</span> <span class='ocrx_word' id='word_1_53' title='bbox 928 789 1159 854; x_wconf 62' lang='lat' dir='ltr'>interclusurum</span> <span class='ocrx_word' id='word_1_54' title='bbox 1174 793 1227 855; x_wconf 91' lang='lat' dir='ltr'>ad·</span> <span class='ocrx_word' id='word_1_55' title='bbox 1250 806 1266 855; x_wconf 81' lang='lat' dir='ltr'>t</span> 
     </span>
     <span class='ocr_line' id='line_1_7' title="bbox 72 886 1231 975; baseline 0.003 -20"><span class='ocrx_word' id='word_1_56' title='bbox 72 888 261 955; x_wconf 72' lang='lat' dir='ltr'>dnersasios</span> <span class='ocrx_word' id='word_1_57' title='bbox 277 887 455 953; x_wconf 80' lang='lat' dir='ltr'>confidebat.</span> <span class='ocrx_word' id='word_1_58' title='bbox 495 886 561 952; x_wconf 89' lang='lat' dir='ltr'>lloc</span> <span class='ocrx_word' id='word_1_59' title='bbox 582 908 708 974; x_wconf 89' lang='lat' dir='ltr'>sperans</span> <span class='ocrx_word' id='word_1_60' title='bbox 730 890 863 975; x_wconf 79' lang='lat' dir='ltr'>legiones</span> <span class='ocrx_word' id='word_1_61' title='bbox 886 900 921 954; x_wconf 92' lang='lat' dir='ltr'>ttt</span> <span class='ocrx_word' id='word_1_62' title='bbox 937 912 978 955; x_wconf 82' lang='lat' dir='ltr'>es</span> <span class='ocrx_word' id='word_1_63' title='bbox 999 893 1110 957; x_wconf 88' lang='lat' dir='ltr'>castris</span> <span class='ocrx_word' id='word_1_64' title='bbox 1129 894 1231 959; x_wconf 88' lang='lat' dir='ltr'>educit</span> 
     </span>
     <span class='ocr_line' id='line_1_8' title="bbox 108 990 1230 1078; baseline 0.003 -23"><span class='ocrx_word' id='word_1_65' title='bbox 108 990 233 1074; x_wconf 88' lang='lat' dir='ltr'>scieque</span> <span class='ocrx_word' id='word_1_66' title='bbox 247 991 278 1055; x_wconf 94' lang='lat' dir='ltr'>in</span> <span class='ocrx_word' id='word_1_67' title='bbox 293 990 368 1054; x_wconf 90' lang='lat' dir='ltr'>locis</span> <span class='ocrx_word' id='word_1_68' title='bbox 383 990 500 1055; x_wconf 90' lang='lat' dir='ltr'>idoneis</span> <span class='ocrx_word' id='word_1_69' title='bbox 514 991 662 1055; x_wconf 85' lang='lat' dir='ltr'>instructa</span> <span class='ocrx_word' id='word_1_70' title='bbox 676 991 765 1056; x_wconf 90' lang='lat' dir='ltr'>unius</span> <span class='ocrx_word' id='word_1_71' title='bbox 786 992 914 1077; x_wconf 80' lang='lat' dir='ltr'>legionis</span> <span class='ocrx_word' id='word_1_72' title='bbox 929 994 1143 1077; x_wconf 71' lang='lat' dir='ltr'>antesignanos</span> <span class='ocrx_word' id='word_1_73' title='bbox 1158 1015 1230 1078; x_wconf 88' lang='lat' dir='ltr'>pro·</span> 
     </span>
     <span class='ocr_line' id='line_1_9' title="bbox 71 1090 1228 1179; baseline 0.002 -21"><span class='ocrx_word' id='word_1_74' title='bbox 71 1090 231 1158; x_wconf 69' lang='lat' dir='ltr'>dicernere</span> <span class='ocrx_word' id='word_1_75' title='bbox 246 1103 336 1177; x_wconf 91' lang='lat' dir='ltr'>atque</span> <span class='ocrx_word' id='word_1_76' title='bbox 351 1113 418 1156; x_wconf 90' lang='lat' dir='ltr'>eum</span> <span class='ocrx_word' id='word_1_77' title='bbox 435 1092 577 1156; x_wconf 90' lang='lat' dir='ltr'>tumulum</span> <span class='ocrx_word' id='word_1_78' title='bbox 593 1113 742 1178; x_wconf 88' lang='lat' dir='ltr'>occupare</span> <span class='ocrx_word' id='word_1_79' title='bbox 756 1093 849 1159; x_wconf 85' lang='lat' dir='ltr'>iubet.</span> <span class='ocrx_word' id='word_1_80' title='bbox 881 1093 949 1179; x_wconf 80' lang='lat' dir='ltr'>Qua</span> <span class='ocrx_word' id='word_1_81' title='bbox 964 1116 999 1160; x_wconf 93' lang='lat' dir='ltr'>re</span> <span class='ocrx_word' id='word_1_82' title='bbox 1014 1097 1133 1178; x_wconf 74' lang='lat' dir='ltr'>cognita</span> <span class='ocrx_word' id='word_1_83' title='bbox 1148 1096 1228 1160; x_wconf 90' lang='lat' dir='ltr'>cele·</span> 
     </span>
     <span class='ocr_line' id='line_1_10' title="bbox 106 1195 1229 1278; baseline 0.002 -18"><span class='ocrx_word' id='word_1_84' title='bbox 106 1195 185 1260; x_wconf 83' lang='lat' dir='ltr'>sites</span> <span class='ocrx_word' id='word_1_85' title='bbox 198 1214 274 1278; x_wconf 88' lang='lat' dir='ltr'>quae</span> <span class='ocrx_word' id='word_1_86' title='bbox 289 1195 320 1257; x_wconf 92' lang='lat' dir='ltr'>in</span> <span class='ocrx_word' id='word_1_87' title='bbox 335 1195 466 1258; x_wconf 91' lang='lat' dir='ltr'>statione</span> <span class='ocrx_word' id='word_1_88' title='bbox 488 1214 543 1278; x_wconf 89' lang='lat' dir='ltr'>pro</span> <span class='ocrx_word' id='word_1_89' title='bbox 565 1195 673 1259; x_wconf 88' lang='lat' dir='ltr'>castris</span> <span class='ocrx_word' id='word_1_90' title='bbox 694 1207 783 1261; x_wconf 88' lang='lat' dir='ltr'>erant</span> <span class='ocrx_word' id='word_1_91' title='bbox 796 1199 905 1262; x_wconf 82' lang='lat' dir='ltr'>Airani</span> <span class='ocrx_word' id='word_1_92' title='bbox 928 1199 1067 1263; x_wconf 84' lang='lat' dir='ltr'>cohortes</span> <span class='ocrx_word' id='word_1_93' title='bbox 1089 1198 1229 1262; x_wconf 87' lang='lat' dir='ltr'>breuiore</span> 
     </span>
     <span class='ocr_line' id='line_1_11' title="bbox 71 1295 1286 1381; baseline 0.002 -21"><span class='ocrx_word' id='word_1_94' title='bbox 71 1295 216 1362; x_wconf 72' lang='lat' dir='ltr'>ditinere</span> <span class='ocrx_word' id='word_1_95' title='bbox 245 1296 282 1360; x_wconf 87' lang='lat' dir='ltr'>ad</span> <span class='ocrx_word' id='word_1_96' title='bbox 307 1296 432 1360; x_wconf 86' lang='lat' dir='ltr'>eundem</span> <span class='ocrx_word' id='word_1_97' title='bbox 456 1297 659 1381; x_wconf 87' lang='lat' dir='ltr'>occupandum</span> <span class='ocrx_word' id='word_1_98' title='bbox 686 1296 784 1361; x_wconf 89' lang='lat' dir='ltr'>locum</span> <span class='ocrx_word' id='word_1_99' title='bbox 813 1300 982 1364; x_wconf 89' lang='lat' dir='ltr'>mittuntur.</span> <span class='ocrx_word' id='word_1_100' title='bbox 1029 1296 1231 1364; x_wconf 85' lang='lat' dir='ltr'>Contenditnr</span> <span class='ocrx_word' id='word_1_101' title='bbox 1253 1309 1286 1364; x_wconf 83' lang='lat' dir='ltr'>tt</span> 
     </span>
     <span class='ocr_line' id='line_1_12' title="bbox 107 1397 1228 1485; baseline 0.003 -23"><span class='ocrx_word' id='word_1_102' title='bbox 107 1399 235 1485; x_wconf 91' lang='lat' dir='ltr'>proelio,</span> <span class='ocrx_word' id='word_1_103' title='bbox 252 1408 281 1461; x_wconf 88' lang='lat' dir='ltr'>et</span> <span class='ocrx_word' id='word_1_104' title='bbox 296 1398 373 1481; x_wconf 90' lang='lat' dir='ltr'>quod</span> <span class='ocrx_word' id='word_1_105' title='bbox 388 1397 470 1481; x_wconf 88' lang='lat' dir='ltr'>prins</span> <span class='ocrx_word' id='word_1_106' title='bbox 486 1399 516 1461; x_wconf 90' lang='lat' dir='ltr'>in</span> <span class='ocrx_word' id='word_1_107' title='bbox 532 1399 676 1462; x_wconf 90' lang='lat' dir='ltr'>tumulum</span> <span class='ocrx_word' id='word_1_108' title='bbox 693 1398 852 1463; x_wconf 78' lang='lat' dir='ltr'>Afraniani</span> <span class='ocrx_word' id='word_1_109' title='bbox 870 1411 1034 1478; x_wconf 89' lang='lat' dir='ltr'>uenerant,</span> <span class='ocrx_word' id='word_1_110' title='bbox 1059 1401 1155 1464; x_wconf 91' lang='lat' dir='ltr'>nostri</span> <span class='ocrx_word' id='word_1_111' title='bbox 1177 1422 1228 1465; x_wconf 88' lang='lat' dir='ltr'>re·</span> 
     </span>
     <span class='ocr_line' id='line_1_13' title="bbox 107 1498 1227 1585; baseline 0.001 -22"><span class='ocrx_word' id='word_1_112' title='bbox 107 1500 255 1585; x_wconf 88' lang='lat' dir='ltr'>pelluntur</span> <span class='ocrx_word' id='word_1_113' title='bbox 270 1508 358 1581; x_wconf 88' lang='lat' dir='ltr'>atque</span> <span class='ocrx_word' id='word_1_114' title='bbox 372 1498 439 1561; x_wconf 91' lang='lat' dir='ltr'>aliis</span> <span class='ocrx_word' id='word_1_115' title='bbox 454 1499 622 1564; x_wconf 83' lang='lat' dir='ltr'>summissis</span> <span class='ocrx_word' id='word_1_116' title='bbox 636 1499 777 1563; x_wconf 84' lang='lat' dir='ltr'>subsidiis</span> <span class='ocrx_word' id='word_1_117' title='bbox 793 1509 879 1582; x_wconf 78' lang='lat' dir='ltr'>terga</span> <span class='ocrx_word' id='word_1_118' title='bbox 894 1510 1014 1564; x_wconf 88' lang='lat' dir='ltr'>uertere</span> <span class='ocrx_word' id='word_1_119' title='bbox 1029 1521 1122 1584; x_wconf 88' lang='lat' dir='ltr'>seque</span> <span class='ocrx_word' id='word_1_120' title='bbox 1137 1502 1174 1565; x_wconf 92' lang='lat' dir='ltr'>ad</span> <span class='ocrx_word' id='word_1_121' title='bbox 1185 1503 1227 1565; x_wconf 87' lang='lat' dir='ltr'>si·</span> 
     </span>
     <span class='ocr_line' id='line_1_14' title="bbox 49 1597 1227 1687; baseline -0.001 -21"><span class='ocrx_word' id='word_1_122' title='bbox 49 1600 97 1672; x_wconf 69' lang='grc'>44</span> <span class='ocrx_word' id='word_1_123' title='bbox 111 1621 170 1687; x_wconf 76' lang='lat' dir='ltr'>qna</span> <span class='ocrx_word' id='word_1_124' title='bbox 185 1599 335 1684; x_wconf 79' lang='lat' dir='ltr'>legionum</span> <span class='ocrx_word' id='word_1_125' title='bbox 351 1599 486 1683; x_wconf 87' lang='lat' dir='ltr'>recipere</span> <span class='ocrx_word' id='word_1_126' title='bbox 501 1610 660 1684; x_wconf 76' lang='lat' dir='ltr'>coguntur.</span> <span class='ocrx_word' id='word_1_127' title='bbox 688 1597 794 1664; x_wconf 81' lang='lat' dir='ltr'>Genus</span> <span class='ocrx_word' id='word_1_128' title='bbox 808 1610 877 1663; x_wconf 85' lang='lat' dir='ltr'>crat</span> <span class='ocrx_word' id='word_1_129' title='bbox 890 1620 1007 1684; x_wconf 81' lang='lat' dir='ltr'>pugnae</span> <span class='ocrx_word' id='word_1_130' title='bbox 1018 1601 1144 1664; x_wconf 89' lang='lat' dir='ltr'>militnm</span> <span class='ocrx_word' id='word_1_131' title='bbox 1159 1602 1227 1665; x_wconf 92' lang='lat' dir='ltr'>illo·</span> 
     </span>
     <span class='ocr_line' id='line_1_15' title="bbox 106 1702 1225 1788; baseline -0.003 -20"><span class='ocrx_word' id='word_1_132' title='bbox 106 1724 192 1782; x_wconf 85' lang='lat' dir='ltr'>rnnu,</span> <span class='ocrx_word' id='word_1_133' title='bbox 210 1710 242 1766; x_wconf 91' lang='lat' dir='ltr'>ut</span> <span class='ocrx_word' id='word_1_134' title='bbox 256 1722 365 1786; x_wconf 79' lang='lat' dir='ltr'>magno</span> <span class='ocrx_word' id='word_1_135' title='bbox 381 1702 492 1787; x_wconf 86' lang='lat' dir='ltr'>impetu</span> <span class='ocrx_word' id='word_1_136' title='bbox 506 1702 601 1785; x_wconf 86' lang='lat' dir='ltr'>primo</span> <span class='ocrx_word' id='word_1_137' title='bbox 616 1711 849 1786; x_wconf 87' lang='lat' dir='ltr'>procurrerent,</span> <span class='ocrx_word' id='word_1_138' title='bbox 866 1703 1009 1766; x_wconf 85' lang='lat' dir='ltr'>audacter</span> <span class='ocrx_word' id='word_1_139' title='bbox 1023 1702 1120 1765; x_wconf 81' lang='lat' dir='ltr'>locunt</span> <span class='ocrx_word' id='word_1_140' title='bbox 1135 1723 1225 1788; x_wconf 89' lang='lat' dir='ltr'>cape·</span> 
     </span>
     <span class='ocr_line' id='line_1_16' title="bbox 106 1803 1286 1890; baseline -0.001 -19"><span class='ocrx_word' id='word_1_141' title='bbox 106 1816 186 1886; x_wconf 89' lang='lat' dir='ltr'>rent,</span> <span class='ocrx_word' id='word_1_142' title='bbox 204 1805 324 1869; x_wconf 83' lang='lat' dir='ltr'>ordines</span> <span class='ocrx_word' id='word_1_143' title='bbox 340 1824 411 1869; x_wconf 92' lang='lat' dir='ltr'>snos</span> <span class='ocrx_word' id='word_1_144' title='bbox 426 1821 485 1867; x_wconf 90' lang='lat' dir='ltr'>nou</span> <span class='ocrx_word' id='word_1_145' title='bbox 503 1823 683 1888; x_wconf 73' lang='lat' dir='ltr'>magnonem</span> <span class='ocrx_word' id='word_1_146' title='bbox 697 1814 877 1884; x_wconf 90' lang='lat' dir='ltr'>seruarent,</span> <span class='ocrx_word' id='word_1_147' title='bbox 893 1805 956 1868; x_wconf 90' lang='lat' dir='ltr'>rari</span> <span class='ocrx_word' id='word_1_148' title='bbox 971 1803 1156 1889; x_wconf 75' lang='lat' dir='ltr'>dispersique</span> <span class='ocrx_word' id='word_1_149' title='bbox 1172 1826 1227 1890; x_wconf 91' lang='lat' dir='ltr'>pn·</span> <span class='ocrx_word' id='word_1_150' title='bbox 1250 1816 1286 1870; x_wconf 72' lang='lat' dir='ltr'>ts</span> 
     </span>
     <span class='ocr_line' id='line_1_17' title="bbox 70 1906 1226 1993; baseline -0.001 -22"><span class='ocrx_word' id='word_1_151' title='bbox 70 1906 252 1993; x_wconf 74' lang='lat' dir='ltr'>2gnareut3</span> <span class='ocrx_word' id='word_1_152' title='bbox 270 1906 297 1970; x_wconf 86' lang='lat' dir='ltr'>si</span> <span class='ocrx_word' id='word_1_153' title='bbox 311 1916 527 1991; x_wconf 72' lang='lat' dir='ltr'>premerentur,</span> <span class='ocrx_word' id='word_1_154' title='bbox 545 1906 649 1989; x_wconf 81' lang='lat' dir='ltr'>pedem</span> <span class='ocrx_word' id='word_1_155' title='bbox 658 1906 773 1970; x_wconf 86' lang='lat' dir='ltr'>selerne</span> <span class='ocrx_word' id='word_1_156' title='bbox 784 1917 816 1970; x_wconf 88' lang='lat' dir='ltr'>et</span> <span class='ocrx_word' id='word_1_157' title='bbox 830 1907 898 1969; x_wconf 89' lang='lat' dir='ltr'>loco</span> <span class='ocrx_word' id='word_1_158' title='bbox 906 1907 1054 1971; x_wconf 78' lang='lat' dir='ltr'>excedere</span> <span class='ocrx_word' id='word_1_159' title='bbox 1066 1928 1125 1972; x_wconf 92' lang='lat' dir='ltr'>non</span> <span class='ocrx_word' id='word_1_160' title='bbox 1141 1917 1226 1992; x_wconf 90' lang='lat' dir='ltr'>turpe</span> 
     </span>
     <span class='ocr_line' id='line_1_18' title="bbox 107 2004 1228 2093; baseline -0.004 -17"><span class='ocrx_word' id='word_1_161' title='bbox 107 2009 319 2076; x_wconf 80' lang='lat' dir='ltr'>existimarent</span> <span class='ocrx_word' id='word_1_162' title='bbox 341 2028 406 2073; x_wconf 81' lang='lat' dir='ltr'>eoru</span> <span class='ocrx_word' id='word_1_163' title='bbox 422 2004 580 2074; x_wconf 87' lang='lat' dir='ltr'>Lusitanis</span> <span class='ocrx_word' id='word_1_164' title='bbox 602 2008 786 2093; x_wconf 80' lang='lat' dir='ltr'>reliquisque</span> <span class='ocrx_word' id='word_1_165' title='bbox 807 2009 944 2073; x_wconf 76' lang='lat' dir='ltr'>barbaris</span> <span class='ocrx_word' id='word_1_166' title='bbox 966 2029 1078 2092; x_wconf 79' lang='lat' dir='ltr'>genere</span> <span class='ocrx_word' id='word_1_167' title='bbox 1100 2009 1228 2091; x_wconf 86' lang='lat' dir='ltr'>quodam</span> 
     </span>
    </p>

    <p class='ocr_par' dir='ltr' id='par_1_4' title="bbox 71 2110 1227 2297">
     <span class='ocr_line' id='line_1_19' title="bbox 71 2110 1227 2201; baseline -0.003 -23"><span class='ocrx_word' id='word_1_168' title='bbox 71 2112 92 2178; x_wconf 77' lang='grc'>3</span> <span class='ocrx_word' id='word_1_169' title='bbox 108 2132 225 2201; x_wconf 77' lang='lat' dir='ltr'>pugnae</span> <span class='ocrx_word' id='word_1_170' title='bbox 241 2113 424 2192; x_wconf 70' lang='lat' dir='ltr'>adsuefactiq</span> <span class='ocrx_word' id='word_1_171' title='bbox 443 2111 519 2196; x_wconf 93' lang='lat' dir='ltr'>quod</span> <span class='ocrx_word' id='word_1_172' title='bbox 536 2112 600 2176; x_wconf 83' lang='lat' dir='ltr'>iere</span> <span class='ocrx_word' id='word_1_173' title='bbox 613 2112 666 2190; x_wconf 82' lang='lat' dir='ltr'>dt,</span> <span class='ocrx_word' id='word_1_174' title='bbox 683 2110 790 2195; x_wconf 84' lang='lat' dir='ltr'>quibus</span> <span class='ocrx_word' id='word_1_175' title='bbox 806 2112 930 2195; x_wconf 89' lang='lat' dir='ltr'>quisque</span> <span class='ocrx_word' id='word_1_176' title='bbox 944 2113 977 2177; x_wconf 91' lang='lat' dir='ltr'>in</span> <span class='ocrx_word' id='word_1_177' title='bbox 992 2111 1067 2175; x_wconf 90' lang='lat' dir='ltr'>locis</span> <span class='ocrx_word' id='word_1_178' title='bbox 1080 2111 1165 2176; x_wconf 88' lang='lat' dir='ltr'>miles</span> <span class='ocrx_word' id='word_1_179' title='bbox 1180 2111 1227 2174; x_wconf 92' lang='lat' dir='ltr'>in-</span> 
     </span>
     <span class='ocr_line' id='line_1_20' title="bbox 105 2214 1222 2297; baseline -0.004 -16"><span class='ocrx_word' id='word_1_180' title='bbox 105 2214 308 2292; x_wconf 84' lang='lat' dir='ltr'>ueterauerit,</span> <span class='ocrx_word' id='word_1_181' title='bbox 332 2224 366 2278; x_wconf 92' lang='lat' dir='ltr'>ut</span> <span class='ocrx_word' id='word_1_182' title='bbox 385 2214 508 2278; x_wconf 86' lang='lat' dir='ltr'>multant</span> <span class='ocrx_word' id='word_1_183' title='bbox 534 2232 636 2279; x_wconf 86' lang='lat' dir='ltr'>earum</span> <span class='ocrx_word' id='word_1_184' title='bbox 651 2217 806 2297; x_wconf 80' lang='lat' dir='ltr'>regionum</span> <span class='ocrx_word' id='word_1_185' title='bbox 822 2215 1040 2278; x_wconf 88' lang='lat' dir='ltr'>consuetudine</span> <span class='ocrx_word' id='word_1_186' title='bbox 1055 2223 1222 2277; x_wconf 86' lang='lat' dir='ltr'>moneatur.</span> 
     </span>
    </p>

    <p class='ocr_par' dir='ltr' id='par_1_5' title="bbox 69 2314 1284 2705">
     <span class='ocr_line' id='line_1_21' title="bbox 69 2314 1284 2399; baseline -0.003 -16"><span class='ocrx_word' id='word_1_187' title='bbox 69 2316 91 2382; x_wconf 75' lang='grc'><strong>4</strong></span> <span class='ocrx_word' id='word_1_188' title='bbox 107 2316 190 2383; x_wconf 87' lang='lat' dir='ltr'>llaec</span> <span class='ocrx_word' id='word_1_189' title='bbox 206 2328 268 2381; x_wconf 91' lang='lat' dir='ltr'>tum</span> <span class='ocrx_word' id='word_1_190' title='bbox 278 2317 357 2379; x_wconf 91' lang='lat' dir='ltr'>ratio</span> <span class='ocrx_word' id='word_1_191' title='bbox 372 2314 688 2398; x_wconf 77' lang='lat' dir='ltr'>nostrosperturtauit</span> <span class='ocrx_word' id='word_1_192' title='bbox 702 2314 840 2377; x_wconf 90' lang='lat' dir='ltr'>insuetos</span> <span class='ocrx_word' id='word_1_193' title='bbox 855 2314 943 2378; x_wconf 86' lang='lat' dir='ltr'>huius</span> <span class='ocrx_word' id='word_1_194' title='bbox 957 2316 1079 2399; x_wconf 79' lang='lat' dir='ltr'>generis</span> <span class='ocrx_word' id='word_1_195' title='bbox 1090 2334 1224 2399; x_wconf 65' lang='lat' dir='ltr'>pugnaci</span> <span class='ocrx_word' id='word_1_196' title='bbox 1247 2324 1284 2379; x_wconf 76' lang='lat' dir='ltr'>tt</span> 
     </span>
     <span class='ocr_line' id='line_1_22' title="bbox 105 2414 1228 2502; baseline -0.001 -20"><span class='ocrx_word' id='word_1_197' title='bbox 105 2418 253 2483; x_wconf 82' lang='lat' dir='ltr'>circumiri</span> <span class='ocrx_word' id='word_1_198' title='bbox 270 2417 347 2480; x_wconf 88' lang='lat' dir='ltr'>enim</span> <span class='ocrx_word' id='word_1_199' title='bbox 363 2435 431 2479; x_wconf 88' lang='lat' dir='ltr'>sese</span> <span class='ocrx_word' id='word_1_200' title='bbox 453 2414 490 2477; x_wconf 87' lang='lat' dir='ltr'>alt</span> <span class='ocrx_word' id='word_1_201' title='bbox 511 2424 615 2498; x_wconf 89' lang='lat' dir='ltr'>aperto</span> <span class='ocrx_word' id='word_1_202' title='bbox 630 2415 725 2477; x_wconf 81' lang='lat' dir='ltr'>intere</span> <span class='ocrx_word' id='word_1_203' title='bbox 742 2415 989 2498; x_wconf 82' lang='lat' dir='ltr'>procurrentibus</span> <span class='ocrx_word' id='word_1_204' title='bbox 1003 2417 1131 2502; x_wconf 83' lang='lat' dir='ltr'>singulis</span> <span class='ocrx_word' id='word_1_205' title='bbox 1145 2417 1228 2481; x_wconf 79' lang='lat' dir='ltr'>arbi·</span> 
     </span>
     <span class='ocr_line' id='line_1_23' title="bbox 105 2514 1222 2603; baseline -0.002 -21"><span class='ocrx_word' id='word_1_206' title='bbox 105 2518 280 2594; x_wconf 70' lang='lat' dir='ltr'>nabantnrq</span> <span class='ocrx_word' id='word_1_207' title='bbox 297 2514 353 2598; x_wconf 89' lang='lat' dir='ltr'>ipsi</span> <span class='ocrx_word' id='word_1_208' title='bbox 370 2525 468 2578; x_wconf 88' lang='lat' dir='ltr'>antem</span> <span class='ocrx_word' id='word_1_209' title='bbox 485 2535 556 2578; x_wconf 89' lang='lat' dir='ltr'>snos</span> <span class='ocrx_word' id='word_1_210' title='bbox 571 2514 693 2578; x_wconf 83' lang='lat' dir='ltr'>ordines</span> <span class='ocrx_word' id='word_1_211' title='bbox 709 2536 834 2580; x_wconf 87' lang='lat' dir='ltr'>seruare</span> <span class='ocrx_word' id='word_1_212' title='bbox 849 2538 949 2601; x_wconf 88' lang='lat' dir='ltr'>neque</span> <span class='ocrx_word' id='word_1_213' title='bbox 964 2519 1001 2582; x_wconf 81' lang='lat' dir='ltr'>alt</span> <span class='ocrx_word' id='word_1_214' title='bbox 1016 2520 1111 2603; x_wconf 73' lang='lat' dir='ltr'>signis</span> <span class='ocrx_word' id='word_1_215' title='bbox 1125 2519 1222 2581; x_wconf 92' lang='lat' dir='ltr'>disce·</span> 
     </span>
     <span class='ocr_line' id='line_1_24' title="bbox 105 2616 1224 2705; baseline -0.002 -22"><span class='ocrx_word' id='word_1_216' title='bbox 105 2621 177 2684; x_wconf 88' lang='lat' dir='ltr'>dere</span> <span class='ocrx_word' id='word_1_217' title='bbox 192 2636 289 2701; x_wconf 89' lang='lat' dir='ltr'>neque</span> <span class='ocrx_word' id='word_1_218' title='bbox 304 2616 369 2680; x_wconf 85' lang='lat' dir='ltr'>siue</span> <span class='ocrx_word' id='word_1_219' title='bbox 384 2617 470 2701; x_wconf 70' lang='lat' dir='ltr'>praed</span> <span class='ocrx_word' id='word_1_220' title='bbox 493 2636 582 2680; x_wconf 89' lang='lat' dir='ltr'>cansa</span> <span class='ocrx_word' id='word_1_221' title='bbox 599 2636 665 2680; x_wconf 88' lang='lat' dir='ltr'>eum</span> <span class='ocrx_word' id='word_1_222' title='bbox 680 2617 798 2697; x_wconf 75' lang='lat' dir='ltr'>locum,</span> <span class='ocrx_word' id='word_1_223' title='bbox 820 2640 907 2703; x_wconf 90' lang='lat' dir='ltr'>quern</span> <span class='ocrx_word' id='word_1_224' title='bbox 931 2628 1089 2705; x_wconf 83' lang='lat' dir='ltr'>ceperant,</span> <span class='ocrx_word' id='word_1_225' title='bbox 1114 2617 1224 2681; x_wconf 84' lang='lat' dir='ltr'>dimitti</span> 
     </span>
    </p>

    <p class='ocr_par' dir='ltr' id='par_1_6' title="bbox 69 2717 1282 2907">
     <span class='ocr_line' id='line_1_25' title="bbox 69 2717 1223 2807; baseline -0.006 -18"><span class='ocrx_word' id='word_1_226' title='bbox 69 2721 89 2789; x_wconf 86' lang='lat'><strong>5</strong></span> <span class='ocrx_word' id='word_1_227' title='bbox 104 2730 285 2788; x_wconf 74' lang='lat' dir='ltr'>consueram</span> <span class='ocrx_word' id='word_1_228' title='bbox 299 2729 448 2805; x_wconf 86' lang='lat' dir='ltr'>oportere.</span> <span class='ocrx_word' id='word_1_229' title='bbox 481 2717 585 2802; x_wconf 87' lang='lat' dir='ltr'>ltsqne</span> <span class='ocrx_word' id='word_1_230' title='bbox 600 2719 782 2804; x_wconf 83' lang='lat' dir='ltr'>perturbatis</span> <span class='ocrx_word' id='word_1_231' title='bbox 802 2722 1010 2807; x_wconf 78' lang='lat' dir='ltr'>antesignanis</span> <span class='ocrx_word' id='word_1_232' title='bbox 1024 2719 1122 2803; x_wconf 74' lang='lat' dir='ltr'>legio,</span> <span class='ocrx_word' id='word_1_233' title='bbox 1147 2739 1223 2802; x_wconf 84' lang='lat' dir='ltr'>qnae</span> 
     </span>
     <span class='ocr_line' id='line_1_26' title="bbox 104 2821 1282 2907; baseline -0.003 -16"><span class='ocrx_word' id='word_1_234' title='bbox 104 2827 135 2892; x_wconf 93' lang='lat' dir='ltr'>in</span> <span class='ocrx_word' id='word_1_235' title='bbox 151 2846 188 2890; x_wconf 90' lang='lat' dir='ltr'>co</span> <span class='ocrx_word' id='word_1_236' title='bbox 203 2844 297 2888; x_wconf 88' lang='lat' dir='ltr'>cornu</span> <span class='ocrx_word' id='word_1_237' title='bbox 311 2822 510 2899; x_wconf 79' lang='lat' dir='ltr'>constiterat,</span> <span class='ocrx_word' id='word_1_238' title='bbox 528 2821 625 2885; x_wconf 88' lang='lat' dir='ltr'>locum</span> <span class='ocrx_word' id='word_1_239' title='bbox 641 2843 701 2886; x_wconf 92' lang='lat' dir='ltr'>non</span> <span class='ocrx_word' id='word_1_240' title='bbox 718 2824 812 2887; x_wconf 89' lang='lat' dir='ltr'>tenuit</span> <span class='ocrx_word' id='word_1_241' title='bbox 829 2834 917 2907; x_wconf 83' lang='lat' dir='ltr'>atquc</span> <span class='ocrx_word' id='word_1_242' title='bbox 932 2824 962 2885; x_wconf 96' lang='lat' dir='ltr'>in</span> <span class='ocrx_word' id='word_1_243' title='bbox 979 2822 1146 2905; x_wconf 82' lang='lat' dir='ltr'>prosimnna</span> <span class='ocrx_word' id='word_1_244' title='bbox 1162 2824 1224 2888; x_wconf 92' lang='lat' dir='ltr'>col·</span> <span class='ocrx_word' id='word_1_245' title='bbox 1246 2833 1282 2887; x_wconf 76' lang='lat' dir='ltr'>ts</span> 
     </span>
    </p>

    <p class='ocr_par' dir='ltr' id='par_1_7' title="bbox 46 2918 1224 3116">
     <span class='ocr_line' id='line_1_27' title="bbox 46 2918 1223 3011; baseline -0.008 -15"><span class='ocrx_word' id='word_1_246' title='bbox 46 2931 90 3002; x_wconf 72' lang='grc'>45</span> <span class='ocrx_word' id='word_1_247' title='bbox 105 2931 163 2996; x_wconf 87' lang='lat' dir='ltr'>lens</span> <span class='ocrx_word' id='word_1_248' title='bbox 178 2946 246 2992; x_wconf 87' lang='lat' dir='ltr'>sese</span> <span class='ocrx_word' id='word_1_249' title='bbox 261 2924 387 3011; x_wconf 88' lang='lat' dir='ltr'>recepit.</span> <span class='ocrx_word' id='word_1_250' title='bbox 419 2918 535 2988; x_wconf 83' lang='lat' dir='ltr'>Caesar</span> <span class='ocrx_word' id='word_1_251' title='bbox 556 2943 651 3008; x_wconf 85' lang='lat' dir='ltr'>paene</span> <span class='ocrx_word' id='word_1_252' title='bbox 665 2926 746 2989; x_wconf 87' lang='lat' dir='ltr'>omni</span> <span class='ocrx_word' id='word_1_253' title='bbox 762 2925 826 2988; x_wconf 90' lang='lat' dir='ltr'>acie</span> <span class='ocrx_word' id='word_1_254' title='bbox 841 2925 1017 3009; x_wconf 87' lang='lat' dir='ltr'>perterrita,</span> <span class='ocrx_word' id='word_1_255' title='bbox 1041 2925 1118 3007; x_wconf 91' lang='lat' dir='ltr'>quod</span> <span class='ocrx_word' id='word_1_256' title='bbox 1134 2944 1223 3008; x_wconf 88' lang='lat' dir='ltr'>prae·</span> 
     </span>
     <span class='ocr_line' id='line_1_28' title="bbox 104 3026 1224 3116; baseline -0.004 -21"><span class='ocrx_word' id='word_1_257' title='bbox 104 3042 153 3096; x_wconf 88' lang='lat' dir='ltr'>ter</span> <span class='ocrx_word' id='word_1_258' title='bbox 166 3031 335 3116; x_wconf 88' lang='lat' dir='ltr'>opinionem</span> <span class='ocrx_word' id='word_1_259' title='bbox 351 3026 652 3110; x_wconf 81' lang='lat' dir='ltr'>consuetudinemque</span> <span class='ocrx_word' id='word_1_260' title='bbox 667 3027 838 3106; x_wconf 85' lang='lat' dir='ltr'>acciderat,</span> <span class='ocrx_word' id='word_1_261' title='bbox 855 3027 1028 3092; x_wconf 83' lang='lat' dir='ltr'>cohortatus</span> <span class='ocrx_word' id='word_1_262' title='bbox 1043 3046 1115 3091; x_wconf 89' lang='lat' dir='ltr'>snos</span> <span class='ocrx_word' id='word_1_263' title='bbox 1130 3026 1224 3110; x_wconf 74' lang='lat' dir='ltr'>legio-</span> 
     </span>
    </p>
   </div>
   <div class='ocr_carea' id='block_1_4' title="bbox 101 3250 1223 4325">
    <p class='ocr_par' dir='ltr' id='par_1_8' title="bbox 103 3250 1223 3476">
     <span class='ocr_line' id='line_1_29' title="bbox 215 3250 1223 3320; baseline 0 -16"><span class='ocrx_word' id='word_1_264' title='bbox 215 3250 224 3304; x_wconf 94' lang='lat' dir='ltr'>l</span> <span class='ocrx_word' id='word_1_265' title='bbox 241 3253 311 3304; x_wconf 88' lang='lat' dir='ltr'>luter</span> <span class='ocrx_word' id='word_1_266' title='bbox 322 3251 441 3318; x_wconf 86' lang='lat' dir='ltr'>oppidum</span> <span class='ocrx_word' id='word_1_267' title='bbox 454 3252 565 3305; x_wconf 82' lang='lat' dir='ltr'>ilerdam</span> <span class='ocrx_word' id='word_1_268' title='bbox 579 3259 606 3304; x_wconf 90' lang='lat' dir='ltr'>et</span> <span class='ocrx_word' id='word_1_269' title='bbox 618 3252 759 3320; x_wconf 80' lang='lat' dir='ltr'>proximum</span> <span class='ocrx_word' id='word_1_270' title='bbox 773 3254 866 3306; x_wconf 82' lang='lat' dir='ltr'>collem</span> <span class='ocrx_word' id='word_1_271' title='bbox 880 3252 1067 3317; x_wconf 83' lang='lat' dir='ltr'>Vascossnass,</span> <span class='ocrx_word' id='word_1_272' title='bbox 1088 3254 1115 3305; x_wconf 90' lang='lat' dir='ltr'>ln</span> <span class='ocrx_word' id='word_1_273' title='bbox 1130 3253 1223 3320; x_wconf 87' lang='lat' dir='ltr'>oppido</span> 
     </span>
     <span class='ocr_line' id='line_1_30' title="bbox 103 3327 1223 3397; baseline -0.001 -16"><span class='ocrx_word' id='word_1_274' title='bbox 103 3328 189 3382; x_wconf 80' lang='lat' dir='ltr'>lierda</span> <span class='ocrx_word' id='word_1_275' title='bbox 201 3336 228 3380; x_wconf 83' lang='lat' dir='ltr'>et</span> <span class='ocrx_word' id='word_1_276' title='bbox 239 3327 356 3396; x_wconf 74' lang='lat' dir='ltr'>prosius</span> <span class='ocrx_word' id='word_1_277' title='bbox 369 3327 435 3379; x_wconf 88' lang='lat' dir='ltr'>eslle</span> <span class='ocrx_word' id='word_1_278' title='bbox 447 3329 526 3380; x_wconf 83' lang='lat' dir='ltr'>codd·</span> <span class='ocrx_word' id='word_1_279' title='bbox 630 3329 777 3382; x_wconf 62' lang='lat' dir='ltr'>&#39;Proteias</span> <span class='ocrx_word' id='word_1_280' title='bbox 790 3338 868 3397; x_wconf 85' lang='lat' dir='ltr'>atqae</span> <span class='ocrx_word' id='word_1_281' title='bbox 881 3330 983 3382; x_wconf 85' lang='lat' dir='ltr'>lrasias</span> <span class='ocrx_word' id='word_1_282' title='bbox 995 3347 1024 3383; x_wconf 86' lang='lat' dir='ltr'>s.</span> <span class='ocrx_word' id='word_1_283' title='bbox 1130 3330 1223 3397; x_wconf 89' lang='lat' dir='ltr'>‘plasi-</span> 
     </span>
     <span class='ocr_line' id='line_1_31' title="bbox 104 3404 1221 3476; baseline -0.002 -17"><span class='ocrx_word' id='word_1_284' title='bbox 104 3407 159 3459; x_wconf 85' lang='lat' dir='ltr'>siss</span> <span class='ocrx_word' id='word_1_285' title='bbox 170 3409 231 3457; x_wconf 82' lang='lat' dir='ltr'>ss&#39;sss</span> <span class='ocrx_word' id='word_1_286' title='bbox 242 3404 367 3473; x_wconf 85' lang='lat' dir='ltr'>planities</span> <span class='ocrx_word' id='word_1_287' title='bbox 379 3408 435 3455; x_wconf 82' lang='lat' dir='ltr'>mei</span> <span class='ocrx_word' id='word_1_288' title='bbox 444 3405 553 3469; x_wconf 80' lang='lat' dir='ltr'>omsses&#39;,</span> <span class='ocrx_word' id='word_1_289' title='bbox 568 3404 678 3472; x_wconf 77' lang='lat' dir='ltr'>planitie</span> <span class='ocrx_word' id='word_1_290' title='bbox 689 3421 716 3459; x_wconf 84' lang='lat' dir='ltr'>a.</span> <span class='ocrx_word' id='word_1_291' title='bbox 844 3422 965 3474; x_wconf 89' lang='lat' dir='ltr'>psssuuna</span> <span class='ocrx_word' id='word_1_292' title='bbox 979 3424 1033 3459; x_wconf 89' lang='lat' dir='ltr'>om.</span> <span class='ocrx_word' id='word_1_293' title='bbox 1047 3424 1075 3473; x_wconf 85' lang='lat' dir='ltr'>s,</span> <span class='ocrx_word' id='word_1_294' title='bbox 1089 3408 1182 3476; x_wconf 84' lang='lat' dir='ltr'>pedum</span> <span class='ocrx_word' id='word_1_295' title='bbox 1196 3410 1221 3458; x_wconf 80' lang='lat' dir='ltr'>d.</span> 
     </span>
    </p>

    <p class='ocr_par' dir='ltr' id='par_1_9' title="bbox 211 3482 1112 3549">
     <span class='ocr_line' id='line_1_32' title="bbox 211 3482 1112 3549; baseline 0 -12"><span class='ocrx_word' id='word_1_296' title='bbox 211 3487 227 3537; x_wconf 76' lang='lat' dir='ltr'>l</span> <span class='ocrx_word' id='word_1_297' title='bbox 240 3482 423 3548; x_wconf 86' lang='lat' dir='ltr'>occupanlsset</span> <span class='ocrx_word' id='word_1_298' title='bbox 434 3498 451 3533; x_wconf 84' lang='lat' dir='ltr'><em>a</em></span> <span class='ocrx_word' id='word_1_299' title='bbox 461 3483 486 3547; x_wconf 79' lang='lat' dir='ltr'>d,</span> <span class='ocrx_word' id='word_1_300' title='bbox 500 3490 654 3549; x_wconf 86' lang='lat' dir='ltr'>occupasset</span> <span class='ocrx_word' id='word_1_301' title='bbox 667 3500 695 3534; x_wconf 88' lang='lat' dir='ltr'>as.</span> <span class='ocrx_word' id='word_1_302' title='bbox 839 3487 1052 3539; x_wconf 83' lang='lat' dir='ltr'>communiuisset</span> <span class='ocrx_word' id='word_1_303' title='bbox 1064 3489 1112 3538; x_wconf 84' lang='lat' dir='ltr'>od.</span> 
     </span>
    </p>

    <p class='ocr_par' dir='ltr' id='par_1_10' title="bbox 104 3561 1222 3787">
     <span class='ocr_line' id='line_1_33' title="bbox 104 3561 1222 3631; baseline -0.003 -16"><span class='ocrx_word' id='word_1_304' title='bbox 104 3562 119 3615; x_wconf 76' lang='lat' dir='ltr'>d</span> <span class='ocrx_word' id='word_1_305' title='bbox 131 3561 279 3614; x_wconf 79' lang='lat' dir='ltr'>contuierat</span> <span class='ocrx_word' id='word_1_306' title='bbox 290 3575 318 3611; x_wconf 89' lang='lat' dir='ltr'>s.</span> <span class='ocrx_word' id='word_1_307' title='bbox 445 3562 461 3615; x_wconf 84' lang='grc'><strong>7</strong></span> <span class='ocrx_word' id='word_1_308' title='bbox 474 3568 575 3613; x_wconf 86' lang='lat' dir='ltr'>structa</span> <span class='ocrx_word' id='word_1_309' title='bbox 587 3561 734 3613; x_wconf 62' lang='lat' dir='ltr'>anundum</span> <span class='ocrx_word' id='word_1_310' title='bbox 745 3563 939 3616; x_wconf 81' lang='lat' dir='ltr'>Aedatstrs&#39;asos</span> <span class='ocrx_word' id='word_1_311' title='bbox 952 3580 979 3629; x_wconf 86' lang='lat' dir='ltr'>s,</span> <span class='ocrx_word' id='word_1_312' title='bbox 993 3564 1067 3631; x_wconf 77' lang='lat' dir='ltr'>quod</span> <span class='ocrx_word' id='word_1_313' title='bbox 1078 3564 1222 3630; x_wconf 75' lang='lat' dir='ltr'>Beyerltns</span> 
     </span>
     <span class='ocr_line' id='line_1_34' title="bbox 105 3636 1220 3702; baseline -0.004 -10"><span class='ocrx_word' id='word_1_314' title='bbox 105 3654 159 3693; x_wconf 84' lang='lat' dir='ltr'>stes</span> <span class='ocrx_word' id='word_1_315' title='bbox 171 3638 280 3702; x_wconf 69' lang='lat' dir='ltr'>ntulit,</span> <span class='ocrx_word' id='word_1_316' title='bbox 296 3636 503 3702; x_wconf 80' lang='lat' dir='ltr'>Oudendorps&#39;ass</span> <span class='ocrx_word' id='word_1_317' title='bbox 515 3641 544 3687; x_wconf 77' lang='lat' dir='ltr'>sn</span> <span class='ocrx_word' id='word_1_318' title='bbox 557 3637 661 3689; x_wconf 80' lang='lat' dir='ltr'>duodus</span> <span class='ocrx_word' id='word_1_319' title='bbox 673 3638 742 3689; x_wconf 84' lang='lat' dir='ltr'>dett.</span> <span class='ocrx_word' id='word_1_320' title='bbox 756 3641 873 3689; x_wconf 66' lang='lat' dir='ltr'>trusit.</span> <span class='ocrx_word' id='word_1_321' title='bbox 995 3643 1013 3693; x_wconf 82' lang='lat' dir='ltr'>tt</span> <span class='ocrx_word' id='word_1_322' title='bbox 1025 3655 1083 3691; x_wconf 84' lang='lat' dir='ltr'>sans</span> <span class='ocrx_word' id='word_1_323' title='bbox 1095 3638 1220 3689; x_wconf 82' lang='lat' dir='ltr'>tunulum</span> 
     </span>
     <span class='ocr_line' id='line_1_35' title="bbox 104 3715 1219 3787; baseline -0.006 -16"><span class='ocrx_word' id='word_1_324' title='bbox 104 3718 427 3787; x_wconf 81' lang='lat' dir='ltr'>oocuparcsStepdasss,</span> <span class='ocrx_word' id='word_1_325' title='bbox 442 3729 570 3781; x_wconf 86' lang='lat' dir='ltr'>occupare</span> <span class='ocrx_word' id='word_1_326' title='bbox 582 3730 640 3766; x_wconf 87' lang='lat' dir='ltr'>ensa</span> <span class='ocrx_word' id='word_1_327' title='bbox 653 3715 779 3767; x_wconf 78' lang='lat' dir='ltr'>tanatum</span> <span class='ocrx_word' id='word_1_328' title='bbox 787 3717 962 3770; x_wconf 67' lang='lat' dir='ltr'>utnssedd.</span> <span class='ocrx_word' id='word_1_329' title='bbox 1065 3715 1219 3767; x_wconf 71' lang='lat' dir='ltr'>tornata.</span> 
     </span>
    </p>

    <p class='ocr_par' dir='ltr' id='par_1_11' title="bbox 102 3792 1223 4169">
     <span class='ocr_line' id='line_1_36' title="bbox 211 3792 1223 3862; baseline -0.005 -14"><span class='ocrx_word' id='word_1_330' title='bbox 211 3798 244 3849; x_wconf 84' lang='lat'>12</span> <span class='ocrx_word' id='word_1_331' title='bbox 256 3792 413 3859; x_wconf 86' lang='lat' dir='ltr'>sunlssis]</span> <span class='ocrx_word' id='word_1_332' title='bbox 426 3793 533 3845; x_wconf 78' lang='lat' dir='ltr'>sunnis</span> <span class='ocrx_word' id='word_1_333' title='bbox 545 3794 597 3845; x_wconf 77' lang='lat' dir='ltr'>st.</span> <span class='ocrx_word' id='word_1_334' title='bbox 702 3794 733 3846; x_wconf 82' lang='lat' dir='ltr'>li</span> <span class='ocrx_word' id='word_1_335' title='bbox 746 3795 856 3862; x_wconf 86' lang='lat' dir='ltr'>reliquis</span> <span class='ocrx_word' id='word_1_336' title='bbox 869 3796 988 3848; x_wconf 83' lang='lat' dir='ltr'>barbaris</span> <span class='ocrx_word' id='word_1_337' title='bbox 1001 3795 1025 3846; x_wconf 72' lang='lat' dir='ltr'>i·</span> <span class='ocrx_word' id='word_1_338' title='bbox 1132 3795 1164 3846; x_wconf 82' lang='lat' dir='ltr'>ts</span> <span class='ocrx_word' id='word_1_339' title='bbox 1177 3793 1223 3844; x_wconf 91' lang='lat' dir='ltr'>ad·</span> 
     </span>
     <span class='ocr_line' id='line_1_37' title="bbox 103 3870 1223 3938; baseline -0.003 -14"><span class='ocrx_word' id='word_1_340' title='bbox 103 3871 250 3925; x_wconf 81' lang='lat' dir='ltr'>satiastis.</span> <span class='ocrx_word' id='word_1_341' title='bbox 338 3871 542 3938; x_wconf 85' lang='lat' dir='ltr'>qnisqnenss.s.</span> <span class='ocrx_word' id='word_1_342' title='bbox 630 3870 753 3921; x_wconf 68' lang='lat' dir='ltr'>tuom.</span> <span class='ocrx_word' id='word_1_343' title='bbox 841 3872 1223 3924; x_wconf 80' lang='lat' dir='ltr'>inuetersneritaesdsl.cats</span> 
     </span>
     <span class='ocr_line' id='line_1_38' title="bbox 105 3947 1219 4015; baseline -0.005 -10"><span class='ocrx_word' id='word_1_344' title='bbox 105 3952 204 4006; x_wconf 72' lang='lat' dir='ltr'>ensa.</span> <span class='ocrx_word' id='word_1_345' title='bbox 214 3950 275 4015; x_wconf 70' lang='lat' dir='ltr'>sit,</span> <span class='ocrx_word' id='word_1_346' title='bbox 290 3949 450 4000; x_wconf 83' lang='lat' dir='ltr'>inueterauit</span> <span class='ocrx_word' id='word_1_347' title='bbox 456 3947 553 3998; x_wconf 74' lang='lat' dir='ltr'>dnm.</span> <span class='ocrx_word' id='word_1_348' title='bbox 564 3948 616 3999; x_wconf 80' lang='lat' dir='ltr'>att.</span> <span class='ocrx_word' id='word_1_349' title='bbox 626 3953 655 3999; x_wconf 79' lang='lat' dir='ltr'>st</span> <span class='ocrx_word' id='word_1_350' title='bbox 665 3952 724 3999; x_wconf 80' lang='lat' dir='ltr'>stas</span> <span class='ocrx_word' id='word_1_351' title='bbox 734 3953 951 4002; x_wconf 71' lang='lat' dir='ltr'>annotationes.</span> <span class='ocrx_word' id='word_1_352' title='bbox 1040 3950 1071 4003; x_wconf 84' lang='lat' dir='ltr'>tt</span> <span class='ocrx_word' id='word_1_353' title='bbox 1080 3959 1109 4001; x_wconf 90' lang='lat' dir='ltr'>nt</span> <span class='ocrx_word' id='word_1_354' title='bbox 1116 3966 1133 4001; x_wconf 88' lang='lat' dir='ltr'>u</span> <span class='ocrx_word' id='word_1_355' title='bbox 1146 3950 1219 4000; x_wconf 68' lang='lat' dir='ltr'>‘mse</span> 
     </span>
     <span class='ocr_line' id='line_1_39' title="bbox 102 4022 1222 4093; baseline -0.006 -13"><span class='ocrx_word' id='word_1_356' title='bbox 102 4034 131 4081; x_wconf 85' lang='lat' dir='ltr'>st</span> <span class='ocrx_word' id='word_1_357' title='bbox 142 4025 203 4080; x_wconf 86' lang='lat' dir='ltr'>sdd.</span> <span class='ocrx_word' id='word_1_358' title='bbox 214 4025 297 4093; x_wconf 82' lang='lat' dir='ltr'>qdd.&#39;,</span> <span class='ocrx_word' id='word_1_359' title='bbox 311 4026 350 4076; x_wconf 88' lang='lat' dir='ltr'>ati</span> <span class='ocrx_word' id='word_1_360' title='bbox 362 4040 390 4074; x_wconf 83' lang='lat' dir='ltr'>as.</span> <span class='ocrx_word' id='word_1_361' title='bbox 494 4022 616 4089; x_wconf 70' lang='lat' dir='ltr'>stultat]</span> <span class='ocrx_word' id='word_1_362' title='bbox 629 4024 739 4075; x_wconf 77' lang='lat' dir='ltr'>nilltnst</span> <span class='ocrx_word' id='word_1_363' title='bbox 752 4040 779 4076; x_wconf 88' lang='lat' dir='ltr'>s.</span> <span class='ocrx_word' id='word_1_364' title='bbox 872 4027 906 4079; x_wconf 77' lang='lat'>20</span> <span class='ocrx_word' id='word_1_365' title='bbox 920 4035 973 4078; x_wconf 87' lang='lat' dir='ltr'>tuns</span> <span class='ocrx_word' id='word_1_366' title='bbox 986 4026 1064 4088; x_wconf 84' lang='lat' dir='ltr'>cde,-</span> <span class='ocrx_word' id='word_1_367' title='bbox 1077 4033 1129 4076; x_wconf 90' lang='lat' dir='ltr'>tam</span> <span class='ocrx_word' id='word_1_368' title='bbox 1142 4041 1167 4087; x_wconf 86' lang='lat' dir='ltr'>o,</span> <span class='ocrx_word' id='word_1_369' title='bbox 1183 4031 1222 4073; x_wconf 92' lang='lat' dir='ltr'>ta·</span> 
     </span>
     <span class='ocr_line' id='line_1_40' title="bbox 102 4099 1111 4169; baseline -0.005 -14"><span class='ocrx_word' id='word_1_370' title='bbox 102 4121 159 4159; x_wconf 80' lang='lat' dir='ltr'>men</span> <span class='ocrx_word' id='word_1_371' title='bbox 168 4120 196 4154; x_wconf 86' lang='lat' dir='ltr'>ss.</span> <span class='ocrx_word' id='word_1_372' title='bbox 301 4099 465 4169; x_wconf 80' lang='lat' dir='ltr'>pertarbsnlt</span> <span class='ocrx_word' id='word_1_373' title='bbox 477 4099 517 4164; x_wconf 81' lang='lat' dir='ltr'>(a)</span> <span class='ocrx_word' id='word_1_374' title='bbox 526 4100 618 4164; x_wconf 77' lang='lat' dir='ltr'>tede,</span> <span class='ocrx_word' id='word_1_375' title='bbox 632 4101 768 4168; x_wconf 77' lang='lat' dir='ltr'>perturbat</span> <span class='ocrx_word' id='word_1_376' title='bbox 775 4118 803 4153; x_wconf 87' lang='lat' dir='ltr'>as.</span> <span class='ocrx_word' id='word_1_377' title='bbox 911 4103 1014 4167; x_wconf 71' lang='lat' dir='ltr'>pencris</span> <span class='ocrx_word' id='word_1_378' title='bbox 1023 4118 1076 4152; x_wconf 87' lang='lat' dir='ltr'>ons.</span> <span class='ocrx_word' id='word_1_379' title='bbox 1087 4103 1111 4150; x_wconf 86' lang='lat' dir='ltr'>d.</span> 
     </span>
    </p>

    <p class='ocr_par' dir='ltr' id='par_1_12' title="bbox 101 4177 1112 4325">
     <span class='ocr_line' id='line_1_41' title="bbox 101 4177 1112 4246; baseline -0.007 -12"><span class='ocrx_word' id='word_1_380' title='bbox 101 4184 136 4239; x_wconf 67' lang='lat'>24</span> <span class='ocrx_word' id='word_1_381' title='bbox 148 4186 306 4234; x_wconf 82' lang='lat' dir='ltr'>censuerant</span> <span class='ocrx_word' id='word_1_382' title='bbox 317 4192 376 4245; x_wconf 66' lang='lat' dir='ltr'>spo,</span> <span class='ocrx_word' id='word_1_383' title='bbox 391 4183 549 4228; x_wconf 82' lang='lat' dir='ltr'>censuerant</span> <span class='ocrx_word' id='word_1_384' title='bbox 560 4177 638 4228; x_wconf 83' lang='lat' dir='ltr'>codd.</span> <span class='ocrx_word' id='word_1_385' title='bbox 772 4188 910 4246; x_wconf 83' lang='lat' dir='ltr'>oportncre</span> <span class='ocrx_word' id='word_1_386' title='bbox 923 4185 987 4231; x_wconf 81' lang='lat' dir='ltr'>ests</span> <span class='ocrx_word' id='word_1_387' title='bbox 999 4191 1071 4230; x_wconf 85' lang='lat' dir='ltr'>corr.</span> <span class='ocrx_word' id='word_1_388' title='bbox 1084 4192 1112 4228; x_wconf 83' lang='lat' dir='ltr'>a.</span> 
     </span>
     <span class='ocr_line' id='line_1_42' title="bbox 102 4256 892 4325; baseline -0.004 -12"><span class='ocrx_word' id='word_1_389' title='bbox 102 4262 140 4314; x_wconf 87' lang='lat' dir='ltr'>lta</span> <span class='ocrx_word' id='word_1_390' title='bbox 154 4262 179 4313; x_wconf 80' lang='lat' dir='ltr'>d.</span> <span class='ocrx_word' id='word_1_391' title='bbox 282 4258 315 4311; x_wconf 77' lang='lat'>25</span> <span class='ocrx_word' id='word_1_392' title='bbox 329 4256 411 4308; x_wconf 85' lang='lat' dir='ltr'>locuta</span> <span class='ocrx_word' id='word_1_393' title='bbox 425 4256 635 4307; x_wconf 80' lang='lat' dir='ltr'>continuitate.</span> <span class='ocrx_word' id='word_1_394' title='bbox 739 4258 773 4311; x_wconf 69' lang='lat'>26</span> <span class='ocrx_word' id='word_1_395' title='bbox 786 4273 852 4325; x_wconf 86' lang='lat' dir='ltr'>pene</span> <span class='ocrx_word' id='word_1_396' title='bbox 864 4274 892 4310; x_wconf 86' lang='lat' dir='ltr'>s.</span> 
     </span>
    </p>
   </div>
   <div class='ocr_carea' id='block_1_5' title="bbox 0 0 1350 4688">
    <p class='ocr_par' dir='ltr' id='par_1_13' title="bbox 0 0 1350 4688">
     <span class='ocr_line' id='line_1_43' title="bbox 0 0 1350 4688; baseline 0 1"><span class='ocrx_word' id='word_1_397' title='bbox 0 0 1350 4688; x_wconf 95' lang='lat' dir='ltr'> </span> 
     </span>
    </p>
   </div>
  </div>
 </body>
</html>
