2692 4688
510 205 831 273 ...m-

100 374 187 439 xime
199 371 366 459 indiguisse
380 372 509 451 scimus,
531 394 719 461 nequaquam
733 377 896 443 uerisimile
910 390 958 443 est
970 378 1128 463 uectigalia
1141 380 1227 467 repis

100 474 269 539 sustulisse.
298 471 362 539 Pro
379 474 566 559 ‘abrogatis‘
583 488 682 541 autem
697 479 728 541 iu
743 477 816 545 Par.
833 500 897 545 see.
914 491 946 545 et
959 476 1063 547 Cuiae.
1081 483 1225 566 scriptum

101 588 149 643 est
166 576 313 662 ‘togatis',
331 575 363 638 in
379 572 462 640 Seal.
484 578 660 663 irrogatis,
684 581 714 644 in
730 578 821 645 Leid.
838 603 884 666 pr.
904 583 1071 667 6ιιοςιιίἐ.
1097 581 1162 647 ldoc
1177 605 1226 649 re-

101 680 166 764 cepi
189 689 278 761 atque
299 678 458 763 uectigalia
472 702 489 742 a
501 676 635 745 Caesare
650 692 757 745 exacta
773 683 833 747 diei
848 684 1042 767 interpretor,
1060 706 1118 768 qua
1132 685 1226 768 sigui·

101 780 241 845 licatioue
262 780 335 843 illud
355 780 478 845 uerbum
500 781 621 864 ponitur
636 803 685 867 ap.
703 776 771 846 Cic.
788 786 826 849 ad
841 783 908 847 Att.
926 784 966 863 V,
983 783 1045 864 21,
1062 783 1095 847 7.
1118 782 1226 867 v1,1,

99 880 152 945 21.
183 878 320 967 Irrogari
338 902 416 945 noua
432 882 590 966 uectigalia
606 882 758 947 dicuutur.
794 882 958 968 Sequentia
979 886 1024 949 sic
1039 884 1225 951 edebantnrr

101 978 156 1047 ‘Ibi
171 984 261 1049 bonis
279 983 407 1047 uenditis
423 1005 544 1061 eorum,
568 983 617 1066 qui
632 984 686 1047 sub
701 981 775 1048 Iuba
790 984 972 1070 Petreioque
992 988 1114 1052 ordines
1129 986 1226 1053 duxe-

100 1094 177 1164 rant,
194 1084 268 1148 item
277 1083 470 1170 Thapsitanis
487 1080 540 1149 HS
556 1085 697 1164 uicesies,
715 1090 875 1152 concentui
892 1109 995 1153 eorum
1009 1085 1063 1151 HS
1074 1088 1223 1164 tricesies,

100 1185 304 1251 Adrumetinis
320 1185 375 1251 HS
392 1186 546 1265 tricesies,
569 1189 732 1251 concentui
748 1210 852 1253 eorum
867 1187 923 1255 HS
940 1190 1135 1277 quinquagies
1150 1192 1225 1256 mul·

101 1299 146 1351 tae
168 1287 288 1351 nomine
310 1289 457 1375 imponit'.
494 1288 606 1354 Verum
630 1288 659 1352 iu
682 1286 754 1354 Par.
779 1310 843 1355 sec.
861 1288 950 1355 Leid.
970 1312 1014 1377 pr.
1031 1289 1101 1356 Pet.
1117 1290 1221 1357 Nora.

99 1390 241 1474 scriptum
270 1401 319 1454 est
353 1390 504 1474 ‘itemque
530 1389 748 1474 Tlrapsitauis’.
788 1389 869 1455 Hinc
897 1390 1040 1457 Clarlrius
1070 1394 1222 1459 excidisse

99 1492 240 1574 quaedam
254 1492 473 1575 suspicabatur.
499 1488 558 1556 Sed
574 1491 617 1569 id,
628 1512 702 1569 ,cum
718 1492 817 1556 omnia
832 1493 936 1576 oppida
945 1493 1070 1557 alieuius
1079 1495 1222 1560 momenti

99 1592 142 1659 bie
156 1604 385 1673 enumerentur,
402 1592 554 1677 probabile
570 1615 630 1658 nou
647 1594 775 1657 uidetur.
799 1590 878 1657 Nam
887 1592 995 1659 Vticae
1010 1596 1128 1679 quidem
1140 1618 1222 1661 eom·

66 1752 69 1757 .
97 1695 341 1759 memorationem
357 1690 512 1760 Clarbium
535 1694 707 1759 desiderare
729 1717 790 1759 uon
813 1695 952 1760 debuisse
974 1718 1001 1760 o.
1019 1696 1062 1761 90
1076 1698 1219 1763 ostendit.

96 1790 198 1879 ltaque
221 1796 322 1881 potius
341 1795 416 1859 illud
431 1796 593 1880 ‘itemque'
617 1796 821 1861 collocandum
841 1797 1015 1861 existimaui
1036 1808 1105 1863 ante
1129 1798 1221 1863 uerba

98 1897 318 1961 ‘Adrumetiuis
326 1892 379 1961 HS
389 1896 547 1963 tricesies'.
571 1898 763 1962 Adrumetiui
778 1900 857 1963 euim
873 1898 1060 1978 tantundem,
1077 1909 1220 1982 quantum

96 1998 488 2085 conuentus'l'bapsitanus,
506 2001 721 2085 pependerunt.

184 2200 364 2289 Superiores
378 2206 609 2271 commentarios
625 2207 662 2270 de
676 2204 756 2268 bello
772 2202 870 2280 ciuili,
891 2195 1121 2281 Alexandrino,
1138 2203 1220 2269 Atri-

95 2326 170 2371 eauo
186 2314 310 2391 praeter
322 2308 568 2393 interpolationes
583 2306 719 2390 magistri
735 2304 885 2389 grauioris
903 2302 1090 2387 corruptelae
1105 2303 1220 2369 duobus

94 2406 258 2491 generibus
280 2409 405 2473 allectos
428 2410 665 2474 animaduertere
686 2407 788 2485 licuit,
820 2417 853 2471 ut
873 2414 904 2470 et
930 2404 1081 2489 complura
1102 2406 1219 2470 omitte—

93 2519 214 2587 rentur,
231 2512 372 2574 eucratio
389 2511 488 2575 uerbis
505 2511 678 2594 quibusdam
692 2510 730 2585 iu·
740 2511 870 2575 alienum
880 2510 975 2572 locum
986 2508 1140 2573 translatis
1157 2520 1219 2573 tur·

94 2611 227 2675 barelur.
258 2608 376 2675 Prioris
391 2613 511 2696 generis
528 2613 659 2676 manium
678 2610 809 2693 iusignia
825 2608 962 2694 exempla
977 2620 1049 2673 suut
1062 2609 1091 2673 b.
1112 2610 1171 2675 eiu.
1188 2608 1222 2691 1,

95 2708 334 2791 38,1.39,2.
366 2709 486 2791 ΙΙ,29.
517 2710 581 2790 ΙΙΙ,
607 2710 802 2790 sextust,
826 2708 859 2774 2.
891 2709 934 2774 50
949 2722 1030 2773 extr.
1055 2710 1095 2775 71
1119 2712 1162 2775 ἰιι.
1184 2713 1216 2775 b.

94 2812 184 2879 Alex.
203 2814 257 2893 12,
277 2816 306 2878 Ι.
330 2814 435 2893 22,2.
459 2813 562 2894 66,(Ι.
586 2812 802 2891 uernat.
835 2811 953 2875 lextr.
977 2810 1087 2889 26‚3.
1112 2812 1167 2887 41,
1184 2811 1217 2877 3.

94 2912 133 2979 43
147 2916 206 2994 ἰιι.,
224 2917 351 2982 alterius
366 2918 396 2981 b.
414 2918 474 2981 ciu.
493 2914 519 2995 l,
536 2914 591 2994 39,
609 2914 640 2978 3.
666 2910 720 2993 64,
737 2915 768 2979 7.
791 2909 833 2987 ΙΙ,
850 2911 882 2991 5,
901 2912 932 2976 3.
956 2910 1011 2990 28,
1030 2911 1061 2975 1.
1086 2910 1144 2991 ΙΙΙ,
1162 2908 1217 2991 65,

94 3014 123 3079 4.
149 3016 232 3097 lut,
257 3016 291 3081 5.
316 3019 345 3081 b.
363 3019 456 3083 Ales.
477 3016 537 3094 36,
555 3016 587 3079 5.
605 3016 634 3079 b.
652 3015 723 3079 Alr.
741 3015 802 3089 ut,
823 3011 853 3076 t.
877 3012 938 3091 87,
955 3014 987 3075 2.
1005 3011 1066 3091 97,
1082 3013 1116 3077 2.
1154 3011 1217 3078 lam

97 3118 327 3184 commentarius
347 3120 384 3185 de
404 3120 481 3185 bello
505 3118 717 3204 Hispaniensi,
741 3118 778 3181 ad
801 3134 886 3197 quem
908 3114 1031 3196 reliquis
1052 3116 1218 3199 profligatis

95 3220 275 3299 secedimus,
294 3223 454 3307 praecipue
469 3222 528 3285 illis
543 3221 717 3284 mendorum
732 3215 892 3302 generibus
908 3216 982 3279 adeo
999 3227 1156 3301 corruptus
1172 3228 1220 3283 est

96 3332 122 3385 et
134 3322 302 3397 laceratus,
318 3324 373 3386 uix
389 3335 421 3387 ut
435 3345 524 3387 unam
540 3332 571 3387 et
585 3325 709 3385 alteram
724 3320 861 3404 pagiuam
877 3318 1024 3400 integram
1040 3320 1217 3383 continuare

95 3421 219 3507 legendo
241 3421 341 3487 liceat.
377 3420 453 3487 Cum
470 3435 567 3489 autem
584 3424 760 3507 optimorum
776 3420 909 3484 codicum
927 3419 1074 3503 scriptura
1089 3420 1218 3503 plerum·

96 3545 147 3608 que
162 3526 230 3609 ipsa
245 3535 349 3607 aperte
365 3524 462 3589 mendi
477 3546 573 3607 genus
589 3526 786 3601 demonstret,
804 3521 924 3587 desatis
939 3520 1133 3587 multisbuins
1148 3522 1218 3588 libri

95 3626 163 3690 locis
179 3626 230 3691 bio
246 3626 453 3711 disputandum
469 3650 530 3691 nou
546 3626 718 3693 existimaui
735 3624 965 3689 admonitionem
980 3632 1012 3686 et
1027 3624 1217 3708 corruptelae

95 3732 279 3795 notationem
293 3730 429 3794 sufficere
446 3729 585 3794 conlisus.
621 3728 703 3793 Nam
719 3729 795 3791 mira
809 3727 926 3808 quidem
942 3723 1088 3802 artificia,
1112 3725 1217 3809 quibus

95 3828 297 3899 Sebnoiderus
321 3832 373 3916 (iu
388 3831 551 3914 specimine
567 3852 663 3896 nouae
678 3828 864 3895 recensionis
881 3824 1164 3891 commentariorum
1181 3829 1218 3895 de

95 3933 175 3999 bellis
192 3930 233 4001 C.
251 3931 323 3998 lolii
337 3929 495 4013 Caesaris)
511 3934 610 3997 omnia
625 3933 730 3998 menda
747 3930 905 3996 deleudere
921 3928 978 3992 sibi
993 3926 1078 3991 uisus
1094 3940 1159 4008 est,
1186 3941 1218 3996 ul

94 4038 273 4114 relularem,
290 4056 308 4099 a
323 4056 370 4099 me
386 4036 547 4119 impetrare
564 4056 623 4100 uon
638 4035 729 4120 potui.

175 4134 389 4222 Compluribus
404 4136 504 4200 uerbis
520 4135 691 4201 omittendis
713 4137 813 4202 statim
835 4135 931 4220 ipsum
951 4130 1020 4197 libri
1033 4131 1149 4195 initium
1167 4132 1218 4194 de·

94 4239 252 4305 lomatum
268 4248 326 4304 est.
353 4236 400 4304 lbi
414 4239 489 4304 bace
504 4240 651 4305 eduntur:
676 4236 851 4306 ‘Pharnace
867 4242 1030 4321 superato,
1047 4230 1153 4297 Alriee
1167 4250 1216 4293 re·

947 4342 1009 4411 15·
