2692 4688
443 149 583 223 couti.
600 152 896 229 {CAPAl-il.
1238 163 1303 232 ⁵2⁹

121 348 183 393 nou
198 347 269 392 esse
284 339 481 413 pugnaturos.
512 326 568 394 llle
590 329 622 394 in
644 350 699 394 sua
721 330 870 395 sententia
892 343 1066 416 perseuerat
1081 343 1111 399 et
1125 335 1244 420 paulum

120 451 164 495 ex
178 451 216 495 eo
230 429 298 493 loco
315 430 505 515 degreditur,
531 442 564 495 ut
587 432 722 496 timorem
745 432 928 498 aduersariis
943 434 1071 499 minuat.
1104 433 1279 504 Petreiusil

120 545 211 618 atque
226 531 372 596 Afranius
396 531 495 597 oblate
519 533 659 597 facultate
680 534 711 596 in
733 545 833 598 castro
848 556 917 599 sese
931 538 1080 600 referunt.
1126 535 1244 607 Caeser

119 635 278 722 praesidiis
294 623 444 697 montibus
468 634 619 717 dispositis
647 635 726 698 omni
742 636 778 699 ad
794 635 940 701 Hiberum
954 637 1119 703 intercluso
1134 642 1243 708 itinere

84 751 100 802 s
123 736 365 824 quamproxime
387 747 488 821 potest
509 736 638 800 hostium
660 738 768 802 castris
784 749 883 802 castra
898 741 1070 804 communit.
1114 739 1243 810 Postero
1257 745 1301 817 ’13

121 841 170 904 die
185 839 277 904 duces
292 839 533 903 aduersariorum
549 838 726 923 perturbati,
745 843 821 923 quod
838 862 954 905 omnem
970 843 1016 906 rei
1028 844 1242 912 frumentariae

120 941 311 1026 fluminisque
320 939 426 1005 Hiberi
441 962 523 1024 spem
536 942 721 1021 dimiserant,
739 942 776 1005 de
791 943 914 1028 reliquis
923 943 1012 1008 rebus
1021 946 1240 1014 consultabant.

122 1045 202 1112 lirul
216 1065 306 1135 uuum
322 1043 393 1121 iter,
409 1039 539 1106 Ilerdam
553 1044 579 1107 si
595 1045 709 1108 reuerti
726 1046 856 1124 uelleut3
879 1046 1027 1123 alterum,
1049 1048 1076 1111 si
1090 1046 1279 1115 Tarraco-2

121 1168 190 1213 nem
213 1156 361 1231 peterent.
404 1143 488 1209 llaec
509 1145 736 1210 consiliantibus
758 1147 802 1212 eis
825 1149 1000 1212 nuntiantur
1021 1161 1181 1232 aquatores
1205 1151 1242 1216 ult

63 1261 97 1317 to
121 1250 254 1334 equitatu
268 1249 361 1334 premi
379 1259 493 1312 nostro.
517 1243 586 1329 Qua
601 1269 635 1312 re
650 1249 771 1332 cognita
786 1249 905 1313 crebros
920 1253 1067 1316 stationes
1083 1253 1277 1338 disponuutil

122 1350 254 1434 equitum
269 1362 300 1415 et
314 1349 480 1415 cohortium
498 1350 658 1414 alariarum
673 1350 912 1436 legionariasque
927 1353 1099 1418 intericiunt
1110 1356 1242 1420 cohortis

122 1452 293 1535 uallumque
307 1472 347 1517 ex
363 1452 471 1516 castris
488 1453 523 1515 ad
539 1474 644 1536 aquam
662 1452 772 1517 ducere
787 1453 943 1537 incipiunt,
960 1465 993 1519 ut
1007 1456 1088 1520 intra
1103 1457 1241 1521 munitio-

121 1576 190 1620 nem
205 1565 237 1618 et
249 1554 318 1619 siue
332 1553 440 1621 timore
455 1565 487 1619 et
499 1555 566 1619 sine
581 1554 758 1620 stationibus
773 1557 876 1639 aquari
893 1569 1026 1642 possent.
1055 1555 1089 1622 ld
1105 1579 1179 1642 opus
1194 1557 1241 1623 in·

122 1667 171 1722 ter
184 1677 219 1721 se
232 1654 374 1722 Petreius
395 1667 484 1741 atque
499 1657 643 1721 Afranius
665 1658 836 1741 partiuntur
850 1658 964 1742 ipsique
980 1662 1154 1744 perficiundi
1170 1683 1241 1747 ope·

66 1773 101 1827 tt
122 1761 166 1824 ris
181 1780 275 1824 eausa
288 1759 407 1845 lougius
423 1759 667 1846 progrediuntur.
700 1757 836 1843 Quorum
860 1761 994 1826 discessu
1017 1764 1140 1828 liberam
1157 1765 1237 1829 nacti
1252 1764 1297 1835 'll

121 1864 234 1930 milites
249 1860 461 1945 colloqdiorum
478 1863 646 1925 facultatem
663 1862 753 1946 uulgo
769 1865 949 1947 procedunt,
968 1875 998 1928 et
1013 1884 1100 1948 quem
1116 1867 1241 1950 quisque

123 1967 157 2031 iu
172 1963 280 2030 castris
302 1972 404 2027 notum
424 1973 477 2027 aut
497 1963 675 2046 municipem
699 1964 827 2029 hahebat
847 1967 995 2048 conquirit
1016 1979 1103 2052 atque
1120 1978 1240 2032 euocat.

121 2065 257 2132 Primum
271 2075 365 2148 agunt
377 2065 491 2149 gratias
508 2086 611 2129 omnes
627 2066 780 2144 omnibus,
799 2068 874 2149 quod
890 2068 946 2131 sibi
962 2070 1131 2151 perterritis
1147 2071 1241 2154 pridie
1256 2069 1277 2135 2

120 2168 343 2256 pepercisseute
361 2188 462 2231 eorum
479 2188 512 2230 se
528 2167 671 2231 beneticio
688 2168 803 2231 uiuere.
822 2167 937 2232 Deinde
951 2169 1139 2252 imperatoris
1155 2172 1243 2234 fidem

62 2283 99 2341 20
121 2281 288 2356 quaerum,
311 2280 434 2335 rectene
449 2291 482 2333 se
497 2270 541 2333 illi
557 2270 619 2333 sint
632 2270 840 2349 commissuri,
866 2281 916 2344 et,
934 2269 1011 2353 quod
1028 2291 1088 2333 nou
1102 2271 1139 2334 alt
1155 2271 1242 2335 initio

125 2372 254 2438 iecerint
266 2392 407 2456 umaque
423 2394 488 2435 cum
505 2372 673 2436 hominibus
688 2372 867 2437 necessariis
884 2383 914 2436 et
929 2372 1161 2458 consanguineis
1171 2393 1241 2436 cou-

123 2474 259 2553 tulerint‚
275 2486 451 2558 queruntur.
478 2473 534 2539 llis
549 2476 706 2560 prouocati
720 2476 909 2540 sermonibus
918 2477 1003 2539 lidem
1015 2475 1242 2561 elnirnperatore
1256 2474 1277 2541 ³

122 2577 159 2642 de
173 2574 290 2642 Petreii
305 2588 394 2661 utque
410 2578 528 2641 Afranii
547 2579 608 2642 uita
624 2589 744 2663 petunt,
768 2599 805 2642 oe
829 2579 904 2661 quod
920 2579 951 2643 iu
967 2600 1000 2643 se
1016 2581 1114 2644 scelus
1130 2599 1240 2643 conce·

121 2679 203 2765 pisse
218 2700 277 2743 neu
291 2700 363 2743 suos
380 2679 547 2764 prodidisse
562 2680 731 2743 uideantur.
771 2677 886 2763 Quibus
902 2683 1084 2745 confirmatis
1100 2682 1191 2744 rebus
1206 2701 1240 2745 se

62 2792 98 2848 2⁵
120 2782 221 2845 stetim
237 2781 324 2866 signs
341 2783 539 2846 translaturos
555 2783 733 2845 coutirmnnt
747 2784 920 2867 legatosque
942 2783 977 2845 de
993 2802 1065 2865 pace
1081 2782 1240 2864 primorum

121 2883 257 2947 ordinum
273 2884 466 2949 centuriones
487 2887 524 2948 ad
542 2879 703 2949 Caesarem
728 2885 858 2948 mittunt.
898 2882 1021 2947 Interim
1044 2884 1095 2946 alii
1118 2903 1189 2945 suos
1210 2882 1278 2945 iud

122 2996 224 3050 eastra
237 2985 384 3050 inuitandi
400 3007 488 3050 causa
505 2987 673 3063 adducunt,
692 2987 742 3050 alii
759 2985 795 3049 alt
810 2987 873 3050 suis
889 2986 1094 3063 obducuntur,
1119 2985 1193 3047 adeo
1208 2994 1241 3046 ut

121 3109 183 3153 une
204 3099 305 3152 castra
324 3089 385 3152 ium
407 3090 487 3153 laeta
509 3109 548 3151 ex
570 3088 651 3152 binis
666 3088 858 3165 uiderentur3
882 3087 1107 3169 compluresque
1127 3086 1240 3150 tribuni

122 3189 247 3253 militnm
263 3201 294 3254 et
308 3186 721 3256 centurionesedCaesarem
737 3190 863 3254 ueniunt
877 3209 969 3272 seque
985 3188 1013 3252 ei
1023 3189 1239 3252 commendant

62 3302 98 3355 ³⁰
120 3288 203 3356 Idem
220 3293 276 3356 lnoo
289 3293 324 3356 lit
337 3314 355 3357 a
370 3291 552 3378 principibus
569 3290 753 3375 Hispaniae,
778 3311 853 3378 quos
874 3301 1076 3356 euoeeuerant
1090 3300 1121 3352 ot
1135 3310 1237 3354 secum
1253 3289 1272 3352 5

120 3395 155 3459 in
170 3397 277 3460 cestris
292 3395 441 3459 hebebant
451 3394 584 3458 obsidum
601 3393 678 3458 loco.
703 3394 744 3458 lli
759 3415 832 3459 suos
847 3405 936 3458 notos
952 3393 1142 3477 hospitesque
1151 3412 1240 3473 quae·

118 3494 250 3574 rebant,
266 3517 421 3581 perquem
444 3497 568 3580 quisque
583 3518 685 3561 eorum
702 3497 814 3560 aditum
831 3495 1098 3560 commendationis
1115 3494 1239 3558 haberet

230 3686 241 3737 1
257 3685 390 3751 paululum
405 3701 464 3735 crum
477 3688 494 3737 2
506 3685 573 3736 dett.
589 3686 628 3735 ‘et
639 3685 654 3736 3
667 3685 738 3735 uliie’
751 3700 779 3734 ιι,
891 3685 908 3738 2
922 3682 1071 3744 degreditur
1083 3696 1100 3729 ιι
1109 3681 1140 3740 1,
1155 3682 1241 3744 digre-

120 3762 192 3811 ditur
203 3777 231 3811 ιι.
354 3763 371 3813 1
384 3767 450 3811 arete
462 3761 591 3811 montibus
606 3761 667 3811 add.
680 3762 706 3810 in
720 3763 736 3816 2
749 3760 817 3810 dett.
830 3775 859 3810 ιι.
993 3759 1007 3807 ll
1022 3757 1174 3806 nuntiantur
1185 3773 1202 3808 a
1213 3760 1239 3823 d,

119 3839 255 3890 nuntiatur
267 3854 296 3889 rt.
410 3839 439 3891 ll
454 3840 617 3902 (intericiunt
629 3843 711 3888 otium
724 3839 749 3903 e)
764 3837 925 3887 interficiunt
939 3836 963 3884 d.
1069 3834 1196 3902 (cohortis
1209 3840 1239 3904 ιι)

118 3917 271 3969 cohortibus
285 3919 310 3966 b.
420 3916 450 3966 13
465 3925 492 3965 ut
505 3916 561 3964 siue
577 3915 669 3964 timore
682 3930 708 3963 ιι.
815 3914 846 3966 11
858 3913 1011 3979 perficiundi
1024 3928 1050 3963 ιι.
1156 3915 1185 3967 21
1199 3929 1240 3964 ιι-

118 4009 159 4045 ma
173 3994 276 4060 quicum
290 4007 316 4043 u.
456 3993 490 4044 st
503 3991 662 4057 prodidisset
673 3996 737 4041 onte
750 4003 821 4039 corr.
836 4005 862 4038 ιι.
1002 3991 1034 4041 15
1053 3990 1152 4055 legatos
1166 3991 1198 4041 do
1212 3991 1237 4040 d.

225 4067 613 4131 2iabsnisaddueuntur(u).
708 4066 1039 4120 '28iumt'rctaom.l.
1166 4068 1240 4122 ldet

116 4162 171 4198 om.
185 4163 202 4198 o
212 4149 237 4198 t.
357 4147 391 4199 30
404 4163 467 4213 quos
480 4162 496 4196 a
507 4147 529 4210 b,
546 4160 609 4212 quos
623 4145 662 4195 illi
675 4160 702 4195 u.
835 4145 866 4198 31
882 4145 908 4196 ti
921 4161 938 4196 ιι
951 4145 1010 4197 edd.
1024 4151 1088 4196 unte
1101 4146 1164 4196 ΑΜ.
1180 4145 1239 4195 Ste-

112 4226 234 4291 phanus,
247 4226 266 4275 ii
280 4225 366 4276 Aldus
379 4240 405 4276 tt.

133 4321 273 4381 Geeur‚ed.
284 4323 392 4384 Nipperd.
1025 4305 1068 4370 31
