2684 4694
492 208 792 277 ...31-

173 383 259 467 Quae
274 404 341 447 cum
356 383 400 448 ita
414 383 495 462 sint,
519 380 615 466 prima
631 382 763 447 occurrit
778 384 932 466 quaestio,
955 383 1024 468 quid
1041 387 1208 452 faciendum

87 490 130 556 ait
152 489 212 553 iltis
235 487 337 550 uerbis
359 487 390 548 in
413 486 541 569 epistola
560 486 597 548 ad
619 482 744 548 Balbum
767 486 891 569 positis,
917 488 1023 574 quibus
1044 511 1078 553 se
1095 489 1210 555 Hirtius

87 590 317 656 commentarios
331 584 474 652 Caesaris
489 587 634 669 usquead
649 588 730 650 uitae
746 589 811 650 eins
828 589 915 652 finem
930 591 1115 673 suppleuisse
1129 594 1212 656 adir-

89 705 161 758 mat.
197 695 247 756 An
271 692 346 756 duos
367 689 459 753 Hirtii
475 689 705 753 commentarios
728 691 764 752 de
788 688 866 753 bello
882 692 1028 755 Africano
1051 705 1083 756 et
1101 693 1212 779 Hispa·

90 796 187 860 nicusi
204 796 320 879 perisse
335 802 366 857 et
381 813 445 869 eos,
463 811 536 874 qnos
548 791 701 869 babemus,
719 791 750 854 in
763 813 864 855 eorum
877 794 974 857 locum
987 797 1128 860 suffectos
1144 819 1212 862 esse

92 896 351 963 existimabimus?
381 893 448 956 Hoc
462 914 535 957 uero
551 893 637 976 plane
652 894 835 957 reiciendum
851 907 909 959 est.
942 894 1022 959 Nam
1038 919 1106 961 cnm
1122 899 1214 964 Hirtii

92 1000 298 1064 commentarii
321 1019 387 1060 cnm
411 991 606 1060 Caesarianis
627 1018 687 1083 qno
710 1018 837 1081 corpore
859 1009 963 1063 essent
992 1002 1212 1085 comprehensi,

92 1103 169 1186 quod
185 1112 216 1165 et
230 1102 351 1164 codices
367 1099 464 1164 nostri
479 1099 588 1161 docent
603 1108 633 1161 et
647 1096 812 1163 Suetonius
827 1103 961 1165 ostendit
976 1113 1006 1167 et
1021 1103 1085 1187 ipsc
1098 1103 1214 1169 Hirtius

93 1206 268 1280 confirmat,
294 1203 344 1286 qui
359 1223 407 1287 ep.
425 1201 461 1264 ad
477 1197 564 1264 Balb.
588 1202 616 1282 ᾗ.
635 1198 655 1263 3
671 1204 863 1284 arrogantiae
887 1205 1002 1268 crimen
1025 1205 1213 1288 deprecatur,

94 1308 172 1390 qnod
193 1306 299 1370 mediis
321 1327 355 1369 se
375 1304 607 1388 interposuisset
624 1299 767 1367 Caesaris
787 1307 926 1390 scriptis,
951 1328 993 1371 ex
1012 1308 1069 1371 boc
1090 1329 1216 1393 corpore

95 1410 153 1474 dno
168 1410 298 1473 extremi
313 1408 380 1471 libri
395 1409 439 1471 ita
454 1407 570 1490 perire,
595 1415 628 1468 nt
647 1406 735 1488 plane
750 1427 792 1469 ex
807 1407 956 1471 hominnm
972 1410 1109 1473 manibus
1124 1431 1216 1474 excu-

95 1521 251 1588 terentur,
277 1520 338 1573 tum
354 1511 471 1573 demum
486 1520 666 1594 potuerunt,
692 1529 758 1571 enm
774 1519 806 1572 et
820 1510 929 1573 iniuria
945 1521 1110 1595 temporum
1126 1525 1156 1576 et
1170 1514 1218 1576 in-

97 1615 181 1679 scitia
199 1624 287 1695 atque
301 1614 441 1676 socordia
457 1613 607 1676 bominum
623 1622 759 1673 ueterum
781 1611 922 1674 librorum
940 1614 1123 1697 exemplaria
1141 1616 1219 1678 facta

98 1727 200 1781 essent
214 1715 379 1779 rarissima.
412 1715 508 1800 Atqui
532 1715 561 1778 id
584 1735 645 1777 non
664 1714 752 1777 facile
769 1724 838 1776 ante
854 1713 986 1795 quintum
1002 1717 1153 1781 saeculum
1169 1739 1219 1781 ac-

98 1820 214 1883 ciderit.
246 1819 289 1880 m
309 1838 346 1881 eo
368 1818 486 1903 quidem
508 1826 642 1900 tempore
666 1815 721 1879 bos
744 1815 836 1878 libros
859 1817 952 1880 scribi
974 1819 1109 1901 potuisse
1132 1840 1219 1883 nemo

98 1921 159 1986 crit
174 1933 233 1983 tam
250 1939 422 2003 peruersus,
440 1919 489 1981 cui
503 1921 535 1981 in
550 1929 678 1982 mentem
695 1917 783 1980 modo
799 1918 904 1981 uenire
920 1920 1024 2002 possit.
1071 1917 1115 1984 Ita
1140 1922 1220 1985 enim

99 2030 291 2105 comparatos
307 2021 450 2102 quisque,
468 2021 517 2101 qui
533 2021 641 2083 leuiter
655 2019 806 2103 attigerit,
831 2030 993 2102 agnoscet,
1018 2031 1101 2087 tanta
1120 2043 1221 2086 rernm

101 2127 195 2189 etiam
203 2123 390 2186 minimarum
399 2121 526 2184 scientia
541 2124 720 2206 compositos
730 2125 832 2203 (atque
840 2121 869 2184 id
880 2122 996 2203 quidem
1007 2123 1059 2202 ita,
1078 2133 1112 2188 ut
1122 2125 1220 2190 omnis

100 2227 215 2292 nautis
238 2223 369 2308 suspicio
382 2223 594 2306 ‚excludatnr),
618 2236 651 2287 ut
667 2235 719 2288 ant
733 2224 769 2288 ab
789 2244 845 2301 eo,
869 2225 919 2305 qui
940 2225 1005 2308 ipse
1019 2225 1108 2290 rebus
1127 2227 1222 2292 iuter-

103 2332 220 2407 fuisset,
237 2337 303 2406 ant,
320 2326 370 2413 qui
385 2326 423 2389 ab
438 2326 488 2405 iis,
506 2326 611 2409 qnibns
628 2328 683 2391 boc
698 2327 877 2411 contigerat,
899 2328 1078 2412 accepisset,
1096 2330 1223 2414 scriptos

104 2453 172 2497 esse
187 2442 301 2496 eertum
323 2431 376 2494 sit.
422 2427 609 2511 Quamquam
630 2429 662 2493 in
684 2429 740 2492 bac
763 2439 847 2512 parte
870 2431 1013 2512 quaedam
1035 2432 1226 2514 reprebendit

105 2532 293 2611 liodwellus,
310 2533 363 2596 sed
379 2553 413 2595 ea
428 2532 551 2595 leuitate
567 2553 652 2609 usus,
670 2542 703 2594 ut
717 2531 896 2595 refutatione
911 2533 1107 2616 supersedere
1122 2535 1224 2598 liceat.

107 2632 170 2700 Cur
184 2637 263 2700 enim
279 2636 307 2699 ei
322 2635 560 2718 respondendnm
577 2644 726 2716 putemus,
744 2634 791 2696 cui
807 2635 856 2712 id,
874 2635 950 2717 quod
968 2637 1003 2698 ab
1020 2648 1142 2701 auctore
1158 2637 1226 2701 betti

106 2738 243 2803 Africani
257 2740 428 2802 retertnrc.
445 2736 500 2814 89,
516 2736 550 2814 2,
568 2733 607 2817 Q.
625 2735 750 2819 Ligario
768 2736 860 2799 uitam
874 2758 891 2798 a
904 2734 1037 2801 Caesare
1054 2760 1228 2804 concessam

109 2862 193 2918 esse,
210 2863 252 2904 ex
267 2837 425 2904 Ciceronis
441 2840 578 2902 oratione
593 2858 648 2920 pro
663 2839 765 2901 eodem
782 2837 908 2921 Ligario
925 2839 1021 2902 habita
1039 2841 1146 2903 falsum
1162 2862 1230 2904 esse

110 2945 286 3007 constabat?
327 2941 408 3007 Nam
431 2942 509 3024 qnod
533 2939 659 3004 eundem
683 2961 711 3001 c.
733 2941 791 3018 24,
819 2941 839 3004 3
863 2943 938 3005 falso
961 2961 1088 3023 negasse
1104 2942 1231 3005 credidit

110 3049 196 3130 panto
220 3056 288 3132 post
309 3043 394 3108 Non.
412 3041 479 3106 lan.
496 3065 526 3107 a.
543 3063 575 3103 u.
592 3038 657 3104 708
678 3059 733 3122 per
747 3040 817 3103 anni
833 3052 949 3126 tempus
971 3044 1083 3107 classes
1103 3046 1135 3107 in
1155 3045 1230 3108 mari

112 3149 175 3212 sine
190 3148 321 3234 periculo
333 3146 438 3229 uagari
449 3144 597 3229 potuisse,
614 3141 785 3204 accuratior
795 3145 870 3207 ratio
884 3157 988 3229 postea
1001 3148 1136 3211 instituta
1148 3159 1231 3212 recte

113 3252 183 3316 baec
198 3252 294 3315 relata
309 3271 377 3313 esse
394 3247 496 3310 docuit
519 3246 574 3325 (cf.
592 3242 701 3308 ldeler.
720 3245 855 3309 chronol.
874 3244 914 3326 ΙΙ,
934 3247 1020 3333 116).
1053 3249 1152 3315 Vnam
1168 3272 1233 3313 rem

114 3354 199 3437 paulo
214 3354 328 3418 maiore
343 3351 443 3436 specie
458 3349 658 3432 uituperanit‚
682 3347 758 3429 quod
779 3346 809 3410 b.
834 3348 903 3413 Afr.
921 3350 981 3429 89,
1006 3352 1026 3415 3
1047 3352 1085 3416 L.
1106 3350 1233 3418 Caesari

113 3456 214 3520 inueni
230 3457 350 3520 facilen
366 3451 501 3518 Caesare
515 3451 606 3514 uitam
623 3471 796 3514 concessam
813 3472 881 3518 esse
897 3455 1083 3534 traderetur,
1101 3476 1186 3536 quem
1203 3456 1234 3517 in

115 3559 218 3622 Africa
239 3559 429 3622 interiectum
454 3576 523 3620 esse
539 3552 697 3619 Ciceronis
723 3564 752 3617 et
774 3555 901 3618 aliorum
917 3558 1088 3621 testimonio
1104 3568 1232 3620 constat.

116 3659 222 3744 Neque
238 3681 295 3744 ego
311 3660 367 3722 boc
382 3661 477 3722 dicam
494 3658 566 3722 nihil
582 3657 721 3733 obstare,
747 3678 804 3738 qno
829 3661 925 3722 minus
950 3660 1081 3744 scriptor
1102 3660 1234 3722 ciusdem

115 3765 222 3827 aetatis
243 3762 372 3847 partium
396 3763 493 3825 studio
517 3760 593 3822 banc
615 3779 678 3823 rem
701 3760 844 3823 mentitus
868 3782 936 3825 csse
959 3763 1108 3825 uideatur.
1153 3760 1235 3825 Nam

117 3866 270 3930 mendacio
290 3885 358 3928 enm
379 3883 440 3926 non
463 3863 579 3939 teneri,
603 3871 634 3924 et
648 3858 689 3923 L.
707 3858 873 3926 Caesarem
896 3884 1038 3927 concessa
1055 3865 1117 3928 uita
1133 3876 1237 3949 postea

117 3968 231 4031 demum
247 3967 438 4030 interfectum
453 3985 537 4043 esse,
555 3965 642 4046 idque
658 3984 747 4025 unum
765 3964 896 4047 partibus
913 3965 1028 4029 dedisse
1044 3968 1236 4051 scriptorem,

119 4072 194 4152 quod
209 4080 337 4133 mortem
352 4066 393 4131 L.
411 4064 556 4131 Caesaris
572 4066 683 4142 tacuit,
702 4062 827 4129 Cassius
843 4064 901 4129 Dio
917 4063 1041 4146 XLlll,
1062 4069 1101 4132 12
1117 4072 1239 4134 demon-

120 4182 214 4236 strate
232 4183 264 4236 et
279 4169 443 4236 Suetonius
456 4166 548 4234 Caes.
565 4167 606 4232 75
624 4168 770 4231 neminem
786 4164 948 4232 aCaesare
963 4170 1155 4234 interiectum
1172 4190 1240 4234 csse

121 4276 227 4342 scribit
241 4277 298 4341 nisi
322 4276 352 4338 in
376 4273 489 4357 proelio
512 4271 649 4355 exceptis
673 4270 820 4335 duntaxat
833 4271 961 4334 Afranio
976 4283 1007 4335 et
1021 4269 1136 4335 Fausto
1151 4281 1183 4334 et
1196 4267 1237 4333 L.
