2692 4688
504 155 785 220 ...6.-

84 330 121 393 de
143 325 279 391 hostibus
301 327 350 409 qui
375 347 441 391 eum
467 339 569 392 nosset
592 340 624 393 et
651 326 800 393 insultans
822 328 864 391 ait
888 323 1036 406 Caesar,
1062 325 1205 405 Caesar’‚

83 430 160 514 quod
177 428 333 492 Gallorum
348 429 450 513 lingua
467 432 581 495 dimitte
597 433 764 515 signifieat:
790 442 821 494 et
842 431 883 495 ita
900 433 1007 494 factum
1024 442 1089 510 est,
1114 442 1148 495 ut
1163 433 1208 496 di-

83 534 265 601 mftteretur.
305 531 372 594 Hoc
387 542 485 596 autem
502 535 565 617 ipse
582 529 698 598 Caesar
713 540 743 595 in
759 534 947 617 ephemeride
963 554 1017 596 sua
1041 535 1131 612 dicit,
1155 535 1208 598 abi

83 635 232 721 propriam
250 647 463 698 commemorat
478 637 674 699 felicitatem'.
708 637 772 698 floc
787 637 879 718 igitur
894 635 1036 699 credibile
1052 647 1115 714 est,
1133 635 1208 702 Gat-

83 739 155 812 lum‚
172 759 234 801 eum
250 738 421 820 popularem
441 735 582 817 ‘Caesam
601 735 731 802 Caesar'
748 738 924 801 clamantem
942 740 1078 815 audiret,
1103 741 1139 803 de
1160 741 1206 804 di·

42 856 53 877 ’·
82 841 227 904 mittendo
242 842 341 924 potius
358 863 444 923 quam
461 842 496 904 de
508 841 687 925 imperatore
699 839 847 917 Romano,
867 851 971 902 contra
988 862 1075 923 quem
1092 864 1209 926 pugna-

81 942 151 1020 bat,
177 944 349 1026 cogitasse?
371 954 440 1021 aut,
467 965 532 1006 eum
556 945 682 1007 eundem
707 945 892 1006 exultantem
917 943 1050 1021 uideret,
1074 945 1208 1009 laetitiae

82 1045 301 1132 significatione
322 1047 357 1108 ad
381 1047 585 1109 dimittendum
608 1047 720 1109 hortari
742 1047 884 1130 putasse?
924 1044 1003 1108 Nam
1026 1048 1061 1108 de
1077 1047 1209 1111 mirabili

81 1149 134 1213 illo
150 1169 234 1227 casu,
253 1170 311 1231 quo
326 1143 469 1211 Caesaris
481 1170 588 1212 nomen
602 1146 698 1211 Gallis
715 1149 863 1211 dimittere
879 1149 1066 1230 significasse
1083 1150 1208 1228 dicitur,

83 1251 156 1314 nibil
172 1252 276 1314 dicam.
294 1249 372 1328 Hoc,
390 1250 420 1312 ni
437 1250 534 1327 fallor,
553 1253 677 1332 quisque
694 1251 787 1326 uidet,
805 1246 967 1312 Caesarem
982 1262 1041 1313 tam
1057 1250 1210 1334 insignem

83 1365 173 1435 atque
186 1352 387 1415 admirabilem
400 1374 475 1429 rem,
495 1354 519 1416 si
533 1354 559 1416 oi
572 1353 743 1433 accidisset,
760 1353 792 1413 in
805 1354 1026 1415 commentariis
1039 1374 1099 1415 raon
1112 1353 1207 1417 luisse

83 1457 376 1540 praetermissurum.
409 1453 486 1518 Tota
504 1477 552 1518 res
569 1478 585 1518 a
602 1466 749 1539 nugatore
765 1455 891 1516 conficta
908 1464 966 1529 est,
985 1456 1052 1535 qui,
1071 1466 1104 1518 ut
1119 1457 1207 1519 fidem

82 1557 204 1640 ineptiis
220 1560 361 1634 adderet,
388 1559 576 1639 impudenter
594 1558 666 1620 haee
681 1558 712 1619 in
727 1556 914 1639 ephemeride
930 1552 1072 1620 Caesaris
1088 1559 1144 1641 legi
1161 1559 1208 1620 ef·

83 1660 214 1724 llrmauit
228 1660 284 1722 hoc
308 1671 352 1723 est
375 1661 406 1722 in
428 1659 661 1722 comaientariis.
695 1658 757 1721 Eos
779 1660 857 1721 enim
878 1658 1021 1721 inferiore
1041 1669 1141 1722 aetate
1164 1659 1209 1723 ita

83 1763 249 1848 appellatos
271 1782 358 1840 esse,
383 1762 501 1825 etiamsi
525 1784 542 1825 a
565 1759 742 1846 Symmacho
766 1762 972 1838 discedamus,
996 1781 1037 1822 ex
1053 1761 1211 1826 codicibus

82 1866 196 1929 nostris
213 1876 351 1927 coristare
367 1875 469 1948 postea
493 1865 630 1928 monebo.
669 1863 712 1927 At
736 1861 937 1926 Schneiderns
962 1884 1064 1946 parum
1088 1866 1206 1928 referre

83 1966 210 2051 putabit,
228 1978 326 2029 utrium
343 1967 418 2030 haec
433 1968 566 2030 narratio
582 1967 788 2030 commenticia
804 1967 844 2030 sit
860 1986 973 2043 necne3
992 1986 1030 2028 nc
1046 1965 1074 2028 id
1087 1965 1208 2048 quidem

82 2069 197 2133 adrem
215 2069 366 2153 pertinere
382 2069 477 2147 dicet,
495 2080 592 2132 utram
610 2069 775 2153 ephemeris
791 2069 841 2132 ille
857 2069 933 2131 liber
947 2069 1045 2131 dietus
1060 2068 1152 2132 luerit
1166 2090 1208 2132 an

83 2170 142 2234 alio
158 2172 298 2239 nomine:
317 2194 383 2235 nam
402 2174 494 2235 luisse
510 2174 654 2254 quendam
671 2182 792 2256 praeter
807 2171 1038 2234 commentarios
1054 2171 1209 2234 incudem

82 2287 259 2358 argumento
277 2287 445 2339 uersantem
461 2276 519 2339 alia
535 2276 653 2338 ratione
669 2296 701 2338 se
717 2274 892 2358 probauisse
908 2273 1073 2336 existimat.
1105 2271 1205 2338 ‘Nam

83 2376 193 2453 unde’‚
210 2375 307 2460 inquit
321 2380 417 2462 praef.
435 2378 507 2441 edit.
526 2397 598 2441 suae
614 2397 646 2458 p.
661 2373 721 2454 31,
741 2373 872 2440 ‘Caesar
886 2377 1117 2439 commentarios
1133 2397 1208 2438 con·

83 2479 188 2542 ficeret
202 2480 415 2562 confectosque
431 2480 552 2556 ederet,
575 2480 632 2542 iam
656 2490 745 2542 antea
768 2489 872 2562 parata
895 2489 926 2542 et
941 2477 1052 2560 scripta
1069 2476 1207 2540 babuerit

82 2600 210 2644 necesse
226 2592 285 2659 est,
304 2582 360 2644 nisi
377 2583 455 2645 forte
467 2583 541 2643 adeo
553 2581 603 2645 nel
614 2583 745 2645 ualuisse
761 2603 828 2645 eum
845 2583 986 2645 memoria
1000 2581 1047 2643 uel
1061 2580 1205 2643 confisum

84 2703 152 2747 esse
169 2694 324 2766 putamus,
348 2694 381 2746 ut
403 2706 461 2747 non
478 2684 564 2746 modo
580 2684 739 2766 quotannis
755 2685 791 2747 de
806 2706 920 2747 summa
936 2703 1035 2746 rerum
1052 2693 1205 2765 gestarum

82 2787 198 2849 referre
213 2788 251 2850 ad
266 2798 414 2864 senatum,
434 2808 536 2850 uerum
553 2787 640 2849 etiam
656 2797 725 2869 post
739 2797 852 2869 septem
869 2808 964 2848 annos
982 2795 1093 2847 tantam
1105 2805 1206 2847 rerum

82 2889 277 2967 uarietatem,
303 2901 348 2952 tot
367 2910 536 2955 mensuram
558 2889 714 2966 itinerum,
740 2890 902 2964 montium,
919 2888 1071 2950 fluminum
1087 2897 1117 2949 et
1133 2887 1207 2951 alia·

82 3010 148 3055 rum
163 3012 266 3056 rerum
283 3011 372 3075 saepe
389 3011 566 3076 paruarum,
596 3003 640 3054 tot
661 2994 846 3076 captiuorum
868 3002 956 3072 atquc
978 2989 1206 3055 interfectorum

84 3114 225 3158 numeros
242 3106 330 3177 atque
347 3096 409 3179 ipsa
427 3097 583 3157 multorum
601 3098 691 3158 uerba
706 3094 894 3179 perscribere
910 3093 975 3155 sine
992 3092 1141 3175 praesidio
1157 3096 1206 3158 lit·

84 3206 215 3259 teraram
232 3197 367 3280 potuisse
384 3197 544 3261 uideatur'.
577 3196 678 3279 Atque
702 3199 773 3260 baec
797 3198 873 3260 ratio
896 3196 970 3258 adeo
993 3197 1077 3259 firma
1093 3196 1121 3260 ei
1139 3197 1206 3263 uisa

83 3308 147 3375 est,
171 3308 205 3361 ut
226 3318 301 3381 quae
325 3299 555 3382 refragabantur
577 3311 629 3363 aut
651 3299 762 3362 nullius
785 3299 926 3363 momenti
950 3298 1139 3362 existimaret
1154 3311 1207 3363 aut

82 3401 169 3485 plane
185 3400 370 3487 neglegeret.
406 3399 583 3465 Suetonium
600 3403 698 3477 enim,
726 3402 774 3483 qui
796 3404 832 3464 de
855 3400 974 3481 seriptis
992 3395 1134 3466 Caesaris
1155 3423 1205 3465 ac·

83 3502 273 3567 curatissime
289 3504 397 3581 refert,
413 3504 486 3567 nihil
502 3505 537 3567 de
554 3503 699 3568 eiusmodi
715 3502 791 3565 libro
806 3501 1006 3580 inaudiuisse‚
1025 3504 1088 3567 eius
1105 3514 1208 3569 autem

83 3607 191 3673 maiam
208 3606 383 3690 peruenisse
405 3607 444 3670 ad
458 3602 597 3669 Seruium
619 3605 761 3669 credibile
783 3604 808 3668 ei
833 3605 927 3670 insum
950 3615 1007 3668 est.
1039 3604 1118 3669 Nam
1136 3606 1208 3687 quid

83 3728 147 3771 aon
160 3710 186 3771 ei
202 3709 343 3775 credibile
360 3709 528 3786 uideretur,
554 3709 604 3790 qui
621 3704 781 3771 Caesarem
798 3728 902 3771 omnes
918 3728 967 3772 res
984 3706 1100 3780 statim,
1124 3717 1208 3788 post-

83 3830 170 3897 quam
186 3822 289 3895 gestae
305 3821 418 3887 esseat‚
437 3813 468 3873 in
484 3810 722 3893 ephemeridibus
739 3811 951 3894 perscripsisse
967 3821 1124 3886 ettamen,
1143 3831 1206 3872 mo-

82 3913 124 3974 do
136 3933 174 3975 ne
190 3913 317 3994 singulis
335 3914 437 3977 diebus
449 3913 654 3996 ephemerides
665 3914 794 3997 scriptae
807 3915 991 3989 uiderentur,
1010 3913 1039 3974 in
1056 3933 1205 3975 commen·

85 4013 168 4079 tariis
184 4015 253 4078 inde
270 4017 442 4100 compositis
466 4017 627 4079 memoriae
649 4037 754 4079 errare
777 4018 919 4099 quaedam
942 4036 1097 4099 perperam
1114 4017 1204 4081 edere

82 4119 217 4203 potuisse
233 4119 323 4201 (quod
340 4117 478 4183 Asinium
494 4116 657 4182 Pollionem
673 4120 838 4186 affirmasse
854 4116 1017 4182 Suetonius
1034 4119 1088 4181 uit.
1110 4114 1201 4183 Caes.

83 4244 111 4287 e.
129 4220 171 4288 56
185 4223 295 4306 refert)
311 4242 373 4287 noa
388 4223 484 4287 solam
499 4223 562 4306 ipse
579 4222 721 4303 credidit,
740 4223 896 4287 sedetiam
913 4221 979 4284 aliis
995 4243 1028 4285 se
1045 4243 1203 4306 persuasu-
