2684 4694
52 204 117 276 ω
486 193 542 261 DE
565 190 708 261 netto
731 189 865 260 ctvttt

53 376 117 446 110
126 371 253 439 consilio
268 378 437 453 susceptum
452 365 559 430 bellum
577 366 740 430 uideretur.
783 363 881 429 Erant
895 384 963 428 com
977 362 1099 429 Achilla
1114 366 1236 451 copiae,

112 487 147 541 ut
162 496 257 557 neque
273 493 396 537 numero
418 490 515 552 neque
537 489 648 551 genere
672 467 822 531 hominum
844 486 941 550 neque
963 487 1021 531 usu
1035 468 1081 531 rei
1096 469 1240 533 militaris
1295 453 1299 463 ’

76 581 98 645 2
113 576 349 643 contemnendae
364 573 547 636 uiderentur.
569 569 656 634 Milia
671 570 749 634 enim
763 580 816 634 xx
830 570 862 633 in
878 571 970 632 armis
987 570 1124 636 habebat.
1151 570 1240 636 llaec

113 679 291 745 constabant
305 698 346 742 ex
354 674 531 738 Gabinianis
547 672 701 750 militibus,
719 673 768 755 qui
783 673 841 735 iam
858 671 889 735 in
905 674 1154 738 corrsuetudiuem
1164 674 1241 738 Ale·

111 781 281 847 xandrioae
305 779 385 842 uitae
407 798 442 841 ac
465 776 606 840 licentiae
630 785 777 838 uenerant
799 784 831 838 et
852 794 961 838 nomen
990 775 1237 862 disciplinamque
1262 788 1278 839 5

114 884 212 969 populi
228 880 356 944 Romani
372 878 574 943 dedidicerant
589 896 760 958 uxoresque
776 877 946 955 duxerant,
970 878 1131 962 exquibus
1147 878 1242 962 pleri·

79 984 99 1050 ³
115 1006 174 1069 que
188 985 298 1047 liberos
314 980 473 1046 habebant.
506 978 573 1043 lluc
589 978 774 1042 accedebant
788 979 905 1044 collecti
920 1000 963 1042 ex
977 980 1175 1064 praedonibus
1190 980 1240 1043 la·
1328 1063 1330 1067 ι

113 1087 310 1167 trucibusque
326 1082 434 1168 Syriae
458 1079 643 1164 Ciliciaeque
664 1081 838 1164 prouinciae
861 1083 1110 1165 finitimarumque
1131 1081 1239 1164 regio·

114 1211 197 1254 num.
230 1185 318 1250 Multi
342 1196 498 1271 praeterea
521 1184 627 1268 capitis
657 1183 787 1247 damuati
817 1184 981 1266 exulesque
1010 1195 1238 1248 conueneranta

79 1291 101 1354 4
116 1290 249 1374 fugitiuis
265 1289 400 1352 omnibus
416 1288 528 1350 nostris
551 1296 651 1349 certus
674 1297 739 1348 erat
753 1285 960 1350 Alexandriae
981 1298 1119 1371 receptus
1134 1296 1240 1349 certa·
1268 1295 1301 1349 tt

117 1413 173 1476 que
189 1394 270 1456 uitae
285 1391 433 1468 condicio,
451 1400 484 1453 ut
499 1389 567 1452 dato
584 1388 704 1453 nomine
719 1389 844 1451 militnm
854 1400 1108 1468 essentnumer03
1124 1388 1239 1470 siquis

116 1494 270 1559 adomino
285 1492 537 1576 prehenderetur,
563 1510 713 1554 consensu
736 1491 860 1554 militum
883 1490 1084 1574 eripiebatur,
1109 1491 1159 1572 qui
1176 1490 1240 1552 atim

116 1616 258 1672 suorum,
283 1594 360 1676 quod
383 1592 517 1656 insimili
535 1594 621 1677 culpa
639 1592 853 1670 uersabantur,
877 1593 934 1676 ipsi
956 1613 1011 1674 pro
1027 1613 1085 1656 suo
1100 1591 1240 1674 periculo

82 1695 102 1760 5
119 1695 326 1760 defendebant.
358 1693 398 1757 lli
414 1714 517 1777 regum
534 1695 646 1759 amicos
661 1696 697 1759 ad
713 1706 838 1759 mortem
854 1695 1030 1777 deposcere,
1048 1693 1077 1755 hi
1093 1692 1172 1755 bona
1188 1692 1236 1754 lo-

119 1797 269 1882 cupletum
285 1798 434 1881 diripere,
451 1798 590 1881 stipendii
608 1799 736 1882 augendi
751 1818 842 1862 causa
856 1796 936 1882 regis
951 1795 1066 1858 domum
1081 1793 1237 1872 obsidere,
1268 1807 1302 1858 ts

117 1921 213 1984 regno
229 1900 393 1984 expellere,
411 1899 487 1963 alios
502 1920 659 1964 arcessere
675 1912 778 1965 uetere
794 1900 918 1983 quodam
929 1897 1128 1963 Alexandrini
1144 1917 1239 1960 exer·

118 2003 194 2066 citus
210 2004 348 2065 instituto
364 2012 557 2067 consuerant.
605 2001 702 2066 Erant
723 2014 880 2086 praeterea
906 2002 1036 2084 equitum
1060 2000 1141 2063 milia
1164 1999 1235 2062 duo.

81 2101 367 2169 tilnuetoranerant
389 2105 417 2167 hi
442 2126 546 2169 omnes
571 2106 769 2188 corrtplorihns
786 2106 992 2168 Alexandrino
1006 2103 1111 2179 battis,
1133 2098 1235 2164 Ptole-

119 2228 235 2273 maeum
251 2218 364 2290 patrem
380 2207 411 2271 in
426 2228 551 2290 regnum
567 2207 762 2286 reduxerant,
780 2205 880 2271 Bibuli
896 2206 971 2270 lilios
986 2207 1061 2270 duos
1076 2203 1235 2268 interiece-

118 2321 199 2389 rant,
216 2309 293 2375 bella
310 2331 375 2374 cum
392 2310 552 2394 Aegyptiis
567 2322 736 2394 gesserant.
765 2309 855 2374 lluuc
869 2330 955 2373 usum
971 2309 1017 2372 rei
1032 2305 1170 2371 militaris
1185 2305 1239 2369 ha·
1262 2314 1297 2369 ao

60 2412 248 2483 lllbcbant.
280 2411 336 2475 llis
353 2413 445 2495 copiis
461 2412 555 2477 fidens
570 2411 704 2477 Achillas
721 2414 959 2496 paucitatemque
981 2411 1107 2476 militum
1123 2404 1237 2473 Cacsa-

118 2515 161 2578 ris
177 2512 343 2595 despiciens
358 2514 523 2597 occtrpabat
538 2514 753 2579 Alexandriam
771 2525 890 2598 praeter
913 2536 978 2579 eam
994 2513 1092 2598 oppidi
1109 2523 1232 2596 partem,

119 2637 205 2698 quam
223 2609 339 2678 Catesar
355 2637 419 2677 cum
437 2616 578 2679 militibus
595 2618 726 2692 tenebat,
744 2618 836 2701 primo
852 2618 961 2698 impetu
977 2617 1094 2679 domum
1111 2614 1174 2678 eius
1190 2612 1236 2675 in-

117 2737 256 2801 rumpere
272 2729 416 2796 conatus3
440 2720 491 2782 scd
509 2715 625 2782 Caesar
640 2720 791 2803 dispositis
809 2740 861 2803 per
878 2719 942 2782 uias
958 2717 1129 2781 cohortibus
1146 2716 1238 2798 impe-

81 2817 179 2884 2tum
196 2819 259 2884 eius
275 2822 429 2884 sustinuit.
461 2820 635 2903 Eodemque
659 2833 790 2905 tempore
814 2832 976 2905 pugnatum
993 2820 1088 2882 estad
1106 2827 1236 2900 portum,
1262 2827 1297 2882 25

117 2942 153 2985 ac
169 2922 256 3008 longe
272 2924 430 2986 maximam
447 2943 482 2984 en
499 2945 548 2986 res
564 2924 663 2986 attulit
678 2924 908 2985 dimicationem.
950 2919 1045 2986 Simul
1059 2920 1135 2983 enim
1151 2918 1236 2979 didu-

117 3024 174 3086 ctis
191 3026 284 3107 copiis
300 3026 430 3108 pluribus
446 3025 503 3089 uiis
526 3025 730 3109 pugnabatur,
758 3035 790 3088 et
810 3045 917 3109 magna
941 3022 1124 3087 multitudine
1147 3018 1236 3082 nauis

82 3119 224 3206 elongas
241 3148 388 3211 occupare
404 3129 507 3192 hostes
523 3128 726 3207 conabantur3
752 3148 875 3210 quarum
898 3138 986 3190 erant
1000 3138 1022 3189 h
1036 3123 1149 3191 auxilio
1165 3122 1238 3185 ntis·

118 3243 171 3287 sae
187 3227 223 3288 ad
239 3224 413 3310 Pompeium
429 3231 600 3314 proelioque
616 3231 647 3293 in
661 3228 819 3294 Thessalia
835 3231 913 3292 lacto
929 3229 1046 3292 domum
1069 3227 1234 3302 redierant,

118 3324 189 3389 illae
205 3327 342 3391 triremes
358 3351 462 3395 omncs
478 3342 507 3394 et
522 3333 751 3414 quinqueremes
767 3343 854 3415 aptae
869 3327 1237 3412 instructaeqoeomnibus
1262 3337 1296 3390 to

223 3484 239 3532 3
253 3488 474 3552 contempnendae
487 3504 514 3538 o.
620 3489 684 3540 hoec
696 3489 738 3539 ob
753 3490 778 3543 ‘2
791 3488 867 3551 olii',
884 3489 932 3538 hae
944 3502 972 3537 c.
1078 3481 1238 3549 lmilitibus]

117 3558 222 3610 milibus
235 3573 261 3609 o·
397 3564 411 3614 5
425 3563 530 3615 licentia
543 3565 593 3616 ob.
727 3567 743 3618 b
756 3567 936 3618 dedidicerant
947 3564 1045 3628 Aldoe,
1060 3564 1207 3615 dldicerant
1220 3577 1238 3613 a

118 3635 193 3685 ‘mas
204 3636 348 3703 plere'qne'.
472 3643 488 3693 8
502 3642 668 3709 Cylicioequc
685 3660 711 3694 o.
835 3643 1001 3693 finitimarum
1013 3641 1235 3703 regionumqueo.

226 3713 418 3767 dmultiomd.
508 3720 672 3786 dampnatio.
762 3721 983 3787 exsulesque(a).
1071 3717 1237 3780 lllluqitinie

117 3789 229 3855 reliqui,
246 3792 416 3861 fugitiuieque
429 3810 499 3845 uncta
512 3796 566 3847 dot.
580 3812 608 3847 u.
733 3799 761 3850 ll
777 3800 891 3850 conditio
900 3799 956 3863 (o).
1078 3796 1099 3845 si
1114 3796 1172 3860 quis
1184 3811 1203 3846 a
1212 3796 1236 3859 b,

117 3883 223 3934 quorum
238 3872 260 3920 si
274 3874 332 3935 quis
345 3890 372 3922 a.
479 3874 649 3928 ltconsensn
662 3878 761 3927 a‘rnm.
775 3879 851 3941 met'‚
866 3874 1126 3928 concursuAldusc.

118 3945 148 3998 ld
163 3947 237 4012 culpe
252 3964 303 3998 om.
321 3951 344 3999 b.
451 3951 483 4003 ll
496 3967 580 4004 rerum
593 3969 610 4003 a
626 3955 699 4004 ‘man
713 3952 748 4006 l’.
854 3970 950 4004 rnorem
964 3968 981 4003 o
996 3954 1069 4004 ‘mea
1084 3951 1118 4011 3¹,
1133 3950 1197 3999 bona
1213 3949 1237 3998 b.

225 4026 255 4077 15
269 4028 381 4091 augendi
394 4044 447 4077 om.
464 4030 488 4077 b.
608 4031 638 4083 ld
652 4031 785 4098 expellere
797 4047 815 4081 o
830 4032 888 4082 eod.
905 4032 967 4083 Vra.
986 4034 998 4084 l
1011 4031 1089 4093 dett,
1105 4026 1238 4094 expellere

114 4098 181 4149 alios
195 4116 221 4150 ιι.
346 4105 375 4154 li
388 4114 545 4157 consuerunt
557 4108 628 4170 ahc,
644 4114 837 4157 consueuerant
849 4122 875 4157 u.
995 4105 1027 4157 ta
1040 4107 1066 4156 hi
1080 4101 1180 4167 omnes]
1195 4102 1239 4152 ho·

115 4177 199 4227 mines
211 4180 280 4230 obe.
388 4182 421 4235 22
434 4192 608 4248 praeteream
622 4199 691 4234 araus
704 4183 769 4246 det,
784 4192 922 4250 praeterea
935 4182 1047 4246 reliqui.
1154 4179 1188 4233 2³
1202 4179 1242 4228 in·

115 4266 235 4321 rumpere
249 4271 275 4307 a.
382 4257 752 4312 ttutcuctusenteeorr.a.
858 4260 891 4313 21
906 4260 979 4310 nauis
993 4274 1019 4310 o.
