2692 4688
535 152 679 221 cnrvr
692 154 853 237 124⁵,
1115 112 1119 123 “
1246 160 1310 229 ott

132 338 259 392 suerunt
280 346 373 409 seque
396 325 433 389 ad
455 326 673 410 confligendum
689 326 827 392 omnibus
840 328 932 393 rebus
947 343 1139 414 parauerunt.
1172 328 1288 400 Cae-5

132 451 183 496 aar
197 429 333 494 Rhodius
351 449 444 491 naues
460 438 531 491 thtt
555 428 682 493 babebat
703 432 786 511 (nans
809 433 910 495 deeem
925 432 1025 497 missis
1040 454 1099 498 una
1113 436 1145 498 in
1160 454 1252 501 eursu

131 534 252 618 [ditare]
269 531 420 616 Aegyptio
436 531 613 614 defecerat),
630 528 773 597 Ponticas
787 540 859 611 vnn,
876 531 989 619 Lysias
998 543 1032 613 V,
1050 555 1090 599 ex
1098 537 1173 600 Asia
1187 548 1249 602 ΧΗ.

129 634 184 698 Ex
200 634 246 697 bis
263 647 350 698 eraut
365 635 591 717 quinqueremes
607 645 636 698 et
651 636 857 718 quadriremes
872 646 916 714 Χ,
933 637 1066 720 reliquae
1080 638 1159 701 inira
1175 638 1252 703 bane

92 750 108 802 t
132 737 368 820 magnitudinem
385 748 415 800 et
428 737 587 821 pleraeque
602 749 737 824 apertae.
781 736 898 804 Temen
913 738 1025 803 uirtute
1041 740 1166 803 militurn
1182 762 1254 805 oon·

130 843 205 905 disus
222 839 350 922 cognitis
365 839 495 903 bostium
511 840 604 924 oopiis
619 860 654 904 so
668 839 706 904 ad
721 841 921 907 dimicandum
937 842 1070 928 parabat.
1087 838 1251 926 Postquam
1265 842 1308 914 14

129 965 167 1009 eo
184 955 305 1006 uentum
321 952 386 1019 est,
415 953 449 1006 ut
464 942 521 1006 sibi
538 950 665 1026 uterque
679 945 859 1024 ooubderet,
882 941 1002 1010 Caesar
1015 942 1137 1009 Pharon
1152 946 1251 1009 olasse

130 1044 367 1111 eireurnuehitnr
385 1045 589 1128 aduersusque
611 1066 706 1111 naues
728 1046 864 1113 hostibus
885 1048 1059 1112 constituite
1088 1048 1120 1111 in
1143 1046 1252 1111 dextro

130 1168 224 1213 eornu
240 1145 377 1210 Rhodias
400 1147 546 1226 ooldoeat,
569 1148 599 1210 in
621 1148 745 1214 sinistro
760 1146 914 1214 Pontieas.
952 1148 1035 1215 luter
1050 1150 1105 1213 bns
1120 1149 1250 1233 spatium
1281 1192 1286 1209 ,

78 1260 109 1315 tn
131 1260 214 1314 cccc
229 1268 369 1333 passuum
386 1247 548 1332 relinquit,
566 1252 643 1333 qnod
658 1253 732 1317 satis
748 1272 816 1316 esse
832 1254 869 1315 ad
884 1251 1078 1336 eprioandos
1094 1271 1188 1316 naues
1202 1252 1249 1316 ui-

131 1352 265 1417 debatur.
296 1348 372 1415 Post
395 1351 472 1415 bune
495 1352 628 1416 ordinem
651 1355 781 1437 reliquas
805 1374 898 1418 naues
921 1353 1054 1419 subsidio
1077 1351 1287 1432 distribuit32

131 1473 208 1539 quaa
222 1472 368 1536 quamque
384 1473 486 1516 earum
501 1466 645 1537 sequatur
659 1467 690 1519 et
704 1458 754 1521 oui
775 1456 955 1535 subuenint‚
983 1456 1138 1520 eonstituit
1159 1467 1252 1539 atqua

127 1558 266 1642 imperat.
294 1553 367 1619 Non
383 1555 760 1624 dubitanterAlexandrini
775 1557 901 1623 olassem
918 1559 1086 1642 produeunt
1099 1568 1188 1642 atque
1202 1559 1249 1622 in·
1264 1556 1284 1622 ³

128 1668 266 1724 struuntr
284 1658 316 1722 in
331 1659 429 1725 monte
444 1659 595 1724 ooldoennt
609 1671 695 1741 xxti,
713 1662 844 1746 reliquus
859 1660 1052 1726 subsidiarios
1068 1661 1099 1726 in
1114 1662 1249 1726 seeundo

77 1774 106 1826 15
128 1762 235 1827 ordine
250 1761 446 1825 constituunt.
488 1760 632 1848 Magnum
655 1775 812 1846 praeterea
827 1784 982 1828 nnmerum
999 1765 1146 1828 minorum
1161 1764 1244 1827 naui·
1262 1762 1284 1828 4

127 1865 246 1950 giorum
261 1874 294 1927 ot
308 1864 482 1948 sonpbarnm
499 1866 665 1948 prodnount
679 1886 746 1930 onus
763 1864 908 1931 maliuolis
923 1866 1119 1952 ignibusque,
1136 1867 1163 1929 si
1179 1867 1249 1948 quid

128 1967 195 2051 ipsa
203 1965 361 2029 multitudo
371 1967 521 2030 etolamor
528 1977 559 2030 et
574 1968 690 2031 damma
705 1968 818 2032 nostris
835 1970 960 2032 terroris
974 1969 1095 2032 adferre
1110 1979 1245 2052 possent.

129 2066 230 2132 Erunt
242 2062 324 2131 inter
338 2068 410 2131 duas
426 2070 538 2133 olusses
554 2071 631 2134 uada
648 2070 776 2133 transitu
792 2081 937 2154 angusto,
955 2091 1031 2153 qnae
1047 2070 1196 2154 pertinent
1209 2071 1247 2134 ad
1262 2069 1283 2135 5

126 2170 282 2255 regionem
296 2167 421 2233 Adrioae
436 2172 495 2253 (sie
512 2172 590 2235 enim
607 2173 800 2257 praedieaut,
823 2183 936 2255 partem
960 2192 1027 2235 essa
1041 2172 1249 2236 Alexandriae

78 2285 105 2338 tn
127 2273 276 2337 dimidiant
290 2271 450 2357 Africae),
475 2275 607 2357 satisque
629 2276 679 2338 diu
701 2277 781 2339 inter
802 2275 884 2359 ipsos
909 2284 957 2337 est
975 2283 1185 2357 expectatum,
1210 2270 1282 2335 abb

128 2376 206 2440 utris
219 2376 305 2439 beret
319 2376 493 2439 transeundi
508 2376 637 2455 initium,
655 2387 813 2461 propterea
829 2376 907 2460 qnod
928 2376 975 2455 ei,
999 2372 1048 2459 qui
1068 2375 1245 2452 intrassent,

127 2489 160 2543 et
173 2472 210 2541 ad
226 2462 430 2562 amplicandam
447 2478 574 2543 classem
589 2479 671 2543 etad
686 2490 851 2565 reueptnm,
868 2481 894 2544 si
909 2479 1013 2543 durior
1026 2477 1184 2543 aeeidisset
1195 2497 1247 2541 es·

125 2598 198 2660 ans,
225 2578 428 2665 impeditiores
445 2582 509 2645 dore
526 2583 713 2648 uidebantur.
746 2582 872 2648 Rhodiis
888 2583 1016 2648 nauibus
1030 2591 1170 2667 praeerat
1183 2578 1248 2644 En·
1262 2578 1304 2652 15

125 2683 273 2769 pbrauor,
295 2683 387 2747 animi
402 2684 606 2766 magnitudine
622 2705 657 2748 ao
673 2687 784 2751 uirtute
799 2687 894 2769 magis
911 2707 976 2749 eum
993 2686 1103 2749 nostris
1120 2684 1247 2747 bomini-

78 2798 105 2849 td
126 2786 183 2850 bus
203 2806 291 2870 quum
313 2806 380 2848 eum
397 2782 527 2851 Graeois
549 2789 776 2871 comparandus.
818 2788 877 2853 Hie
893 2787 930 2850 ob
945 2787 1130 2849 notissimam
1146 2784 1284 2849 scien-2

127 2889 196 2953 tiam
212 2898 302 2972 atque
318 2888 409 2952 animi
423 2889 657 2972 magnitudinem
673 2892 803 2956 deleetus
821 2901 867 2955 est
881 2889 918 2953 ab
932 2887 1071 2962 Rhodiis,
1089 2887 1139 2968 qui
1155 2887 1247 2968 impe·

122 2991 202 3056 rium
217 2974 325 3055 elassis
340 2990 500 3055 obtineret.
534 2988 594 3073 Qui
611 2991 660 3057 ubi
676 2989 818 3058 Caesaris
834 2993 963 3055 animum
980 2988 1121 3066 aduertit,
1142 2985 1247 3052 ‘Vide
1261 2985 1281 3050 3

124 3094 170 3156 ris
185 3093 284 3172 mibi’,
299 3094 407 3179 iuquit,
428 3090 569 3172 ‘Caesar,
587 3096 698 3173 uereri,
716 3095 741 3160 si
759 3096 832 3160 baee
848 3096 923 3158 uada
941 3092 1043 3178 primis
1058 3090 1184 3155 nauibus
1199 3090 1246 3153 in·

126 3195 229 3273 tueris,
247 3215 284 3258 ne
301 3197 382 3281 prins
399 3196 541 3260 dimicare
558 3197 690 3280 eognris,
708 3218 795 3281 qnam
811 3197 953 3279 reliquam
970 3196 1095 3259 olassem
1111 3193 1245 3279 potueris

78 3308 106 3363 to
128 3297 293 3383 explicare.
329 3295 427 3361 Nobis
442 3320 506 3363 reru
523 3301 693 3365 committe:
718 3322 773 3363 nos
790 3300 932 3383 proelium
948 3297 1161 3364 sustinebimus
1177 3296 1281 3376 (ne-d

230 3528 307 3583 butu
320 3528 432 3582 babebat
444 3547 470 3583 o.
576 3530 591 3583 d
606 3533 692 3583 littore
706 3546 732 3582 u.
748 3532 778 3583 P.
796 3528 853 3581 tan.
967 3528 1083 3595 Aegypto
1097 3526 1122 3590 b,
1137 3524 1246 3595 aegipto

123 3623 151 3659 o.
255 3608 384 3660 Liuiano.
489 3610 701 3660 barontaned.
817 3606 1245 3671 nramasaetstcuetqutuqne-

123 3701 208 3737 rentes
224 3687 297 3736 ‘mem
312 3684 422 3749 ornnaa',
439 3687 637 3752 quinqueremes
651 3687 762 3752 quinque
779 3685 865 3736 ,statu
879 3699 906 3734 u.
1025 3679 1040 3730 7
1054 3689 1163 3745 uterque
1177 3697 1192 3729 a
1207 3686 1242 3743 et,

123 3767 242 3829 utputo,
258 3766 291 3826 b,·
305 3770 414 3829 uterque
428 3779 515 3813 euroni
529 3780 563 3813 u:
586 3771 694 3828 tutorque
708 3762 812 3829 (potino
825 3760 924 3819 eorum)
939 3758 1003 3807 ‘non
1017 3761 1153 3822 conparat
1167 3760 1195 3806 in
1209 3759 1243 3809 b’.

231 3838 332 3891 Pbaron
345 3840 384 3905 (a)
401 3836 494 3903 ‘mor.',
510 3856 561 3890 non
576 3840 696 3891 b’trnruru.
825 3837 905 3888 classi
920 3851 948 3885 o.
1070 3832 1243 3909 bRbodiqsn.

231 3917 335 3968 ioeatb.
442 3915 743 3967 Pontinosiuterboao.
850 3910 1032 3966 ttottarrea.
1143 3913 1243 3981 20ipso

121 3992 152 4049 ab
164 4003 331 4064 expectatum
344 4012 371 4047 o.
473 3994 503 4048 'tl
520 3996 596 4046 deret
610 3995 762 4046 transeundi
776 4012 802 4057 a,
817 3990 970 4044 transeundi
984 3989 1058 4040 derat
1070 3990 1129 4042 add.
1219 3994 1243 4043 ei

121 4074 314 4138 abedeisn.
420 4074 709 4141 ttexpeditinresau.
814 4071 983 4128 andrentio.
1089 4073 1243 4124 tutissimam

121 4157 302 4204 antoanam.
407 4155 442 4207 28
454 4153 542 4219 inquid
556 4169 582 4202 o.
689 4148 1049 4214 intrarisod,intrnnerisu.
1154 4152 1244 4215 dspo-

122 4229 204 4280 tueris
217 4244 234 4279 a
248 4230 308 4281 uod.
322 4230 385 4283 Vra.
401 4231 509 4295 sueta,
523 4231 608 4298 possis
622 4246 649 4281 n.
