<?xml version="1.0" encoding="UTF-8"?>
<!DOCTYPE html PUBLIC "-//W3C//DTD XHTML 1.0 Transitional//EN"
    "http://www.w3.org/TR/xhtml1/DTD/xhtml1-transitional.dtd">
<html xmlns="http://www.w3.org/1999/xhtml" xml:lang="en" lang="en">
 <head>
  <title>
</title>
<meta http-equiv="Content-Type" content="text/html;charset=utf-8" />
  <meta name='ocr-system' content='tesseract 3.04.00' />
  <meta name='ocr-capabilities' content='ocr_page ocr_carea ocr_par ocr_line ocrx_word'/>
</head>
<body>
  <div class='ocr_page' id='page_1' title='image "./civliicaesarisc02hirtgoog_0112.png"; bbox 0 0 2684 4694; ppageno 0'>
   <div class='ocr_carea' id='block_1_1' title="bbox 526 216 847 282">
    <p class='ocr_par' dir='ltr' id='par_1_1' title="bbox 526 216 847 282">
     <span class='ocr_line' id='line_1_1' title="bbox 526 216 847 282; baseline -0.003 -1"><span class='ocrx_word' id='word_1_1' title='bbox 526 253 613 266; x_wconf 91' lang='lat'><strong>-—</strong></span> <span class='ocrx_word' id='word_1_2' title='bbox 658 216 847 282; x_wconf 80' lang='lat'>105—-</span> 
     </span>
    </p>
   </div>
   <div class='ocr_carea' id='block_1_2' title="bbox 113 386 1253 4362">
    <p class='ocr_par' dir='ltr' id='par_1_2' title="bbox 122 386 1251 1088">
     <span class='ocr_line' id='line_1_2' title="bbox 123 386 1248 474; baseline 0 -20"><span class='ocrx_word' id='word_1_3' title='bbox 123 387 295 473; x_wconf 85' lang='lat' dir='ltr'><strong>scripserit,</strong></span> <span class='ocrx_word' id='word_1_4' title='bbox 321 406 360 448; x_wconf 86' lang='lat' dir='ltr'><strong>an</strong></span> <span class='ocrx_word' id='word_1_5' title='bbox 378 395 426 449; x_wconf 90' lang='lat' dir='ltr'><strong>‘ac</strong></span> <span class='ocrx_word' id='word_1_6' title='bbox 441 390 490 449; x_wconf 88' lang='lat' dir='ltr'><strong>ne&#39;</strong></span> <span class='ocrx_word' id='word_1_7' title='bbox 509 388 556 450; x_wconf 91' lang='lat' dir='ltr'><strong>uel</strong></span> <span class='ocrx_word' id='word_1_8' title='bbox 572 395 616 451; x_wconf 88' lang='lat' dir='ltr'><strong>‘et</strong></span> <span class='ocrx_word' id='word_1_9' title='bbox 631 388 690 451; x_wconf 87' lang='lat' dir='ltr'><strong>ue&#39;:</strong></span> <span class='ocrx_word' id='word_1_10' title='bbox 715 387 743 450; x_wconf 92' lang='lat' dir='ltr'><strong>id</strong></span> <span class='ocrx_word' id='word_1_11' title='bbox 760 387 836 469; x_wconf 91' lang='lat' dir='ltr'><strong>quod</strong></span> <span class='ocrx_word' id='word_1_12' title='bbox 853 386 1006 449; x_wconf 90' lang='lat' dir='ltr'><strong>diiudicari</strong></span> <span class='ocrx_word' id='word_1_13' title='bbox 1022 391 1143 474; x_wconf 90' lang='lat' dir='ltr'><strong>nequit,</strong></span> <span class='ocrx_word' id='word_1_14' title='bbox 1169 410 1248 468; x_wconf 91' lang='lat' dir='ltr'><strong>cum,</strong></span> 
     </span>
     <span class='ocr_line' id='line_1_3' title="bbox 122 487 1250 577; baseline 0.002 -22"><span class='ocrx_word' id='word_1_15' title='bbox 122 492 173 576; x_wconf 94' lang='lat' dir='ltr'><strong>qui</strong></span> <span class='ocrx_word' id='word_1_16' title='bbox 190 488 265 553; x_wconf 86' lang='lat' dir='ltr'><strong>‘aut&#39;</strong></span> <span class='ocrx_word' id='word_1_17' title='bbox 282 490 398 572; x_wconf 83' lang='lat' dir='ltr'><strong>posuit,</strong></span> <span class='ocrx_word' id='word_1_18' title='bbox 428 511 488 552; x_wconf 90' lang='lat' dir='ltr'><strong>non</strong></span> <span class='ocrx_word' id='word_1_19' title='bbox 512 490 649 553; x_wconf 91' lang='lat' dir='ltr'><strong>uideatur</strong></span> <span class='ocrx_word' id='word_1_20' title='bbox 670 489 810 571; x_wconf 76' lang='lat' dir='ltr'><strong>antiquae</strong></span> <span class='ocrx_word' id='word_1_21' title='bbox 831 487 999 571; x_wconf 72' lang='lat' dir='ltr'>scripturae</span> <span class='ocrx_word' id='word_1_22' title='bbox 1024 493 1151 576; x_wconf 85' lang='lat' dir='ltr'><strong>uestigia</strong></span> <span class='ocrx_word' id='word_1_23' title='bbox 1167 513 1250 577; x_wconf 75' lang='lat' dir='ltr'><strong>pres·-</strong></span> 
     </span>
     <span class='ocr_line' id='line_1_4' title="bbox 122 590 1247 674; baseline -0.001 -14"><span class='ocrx_word' id='word_1_24' title='bbox 122 596 214 660; x_wconf 88' lang='lat' dir='ltr'><strong>sisse.</strong></span> <span class='ocrx_word' id='word_1_25' title='bbox 247 590 350 674; x_wconf 91' lang='lat' dir='ltr'><strong>ltaque</strong></span> <span class='ocrx_word' id='word_1_26' title='bbox 373 611 439 653; x_wconf 93' lang='lat' dir='ltr'><strong>cum</strong></span> <span class='ocrx_word' id='word_1_27' title='bbox 463 590 554 653; x_wconf 86' lang='lat' dir='ltr'><strong>uerba</strong></span> <span class='ocrx_word' id='word_1_28' title='bbox 573 591 650 653; x_wconf 85' lang='lat' dir='ltr'><strong>‘eius</strong></span> <span class='ocrx_word' id='word_1_29' title='bbox 666 590 810 654; x_wconf 87' lang='lat' dir='ltr'><strong>discessu&#39;</strong></span> <span class='ocrx_word' id='word_1_30' title='bbox 827 601 967 674; x_wconf 90' lang='lat' dir='ltr'><strong>corrupta</strong></span> <span class='ocrx_word' id='word_1_31' title='bbox 983 610 1051 655; x_wconf 88' lang='lat' dir='ltr'><strong>csse</strong></span> <span class='ocrx_word' id='word_1_32' title='bbox 1066 605 1180 657; x_wconf 86' lang='lat' dir='ltr'><strong>certum</strong></span> <span class='ocrx_word' id='word_1_33' title='bbox 1195 598 1247 673; x_wconf 88' lang='lat' dir='ltr'><strong>sit,</strong></span> 
     </span>
     <span class='ocr_line' id='line_1_5' title="bbox 123 691 1249 780; baseline 0 -19"><span class='ocrx_word' id='word_1_34' title='bbox 123 697 267 780; x_wconf 87' lang='lat' dir='ltr'><strong>scriptum</strong></span> <span class='ocrx_word' id='word_1_35' title='bbox 284 695 379 757; x_wconf 84' lang='lat' dir='ltr'><strong>fuisse</strong></span> <span class='ocrx_word' id='word_1_36' title='bbox 394 692 536 756; x_wconf 86' lang='lat' dir='ltr'><strong>existimo</strong></span> <span class='ocrx_word' id='word_1_37' title='bbox 553 693 631 757; x_wconf 88' lang='lat' dir='ltr'><strong>‘eius</strong></span> <span class='ocrx_word' id='word_1_38' title='bbox 647 691 800 766; x_wconf 87' lang='lat' dir='ltr'><strong>accessu&#39;,</strong></span> <span class='ocrx_word' id='word_1_39' title='bbox 817 693 861 755; x_wconf 89' lang='lat' dir='ltr'><strong>ita</strong></span> <span class='ocrx_word' id='word_1_40' title='bbox 882 703 916 755; x_wconf 93' lang='lat' dir='ltr'><strong>nt</strong></span> <span class='ocrx_word' id='word_1_41' title='bbox 931 713 1070 757; x_wconf 79' lang='lat' dir='ltr'><strong>accessus</strong></span> <span class='ocrx_word' id='word_1_42' title='bbox 1086 699 1249 761; x_wconf 80' lang='lat' dir='ltr'><strong>exterioris</strong></span> 
     </span>
     <span class='ocr_line' id='line_1_6' title="bbox 123 794 1248 878; baseline -0.001 -15"><span class='ocrx_word' id='word_1_43' title='bbox 123 800 219 863; x_wconf 92' lang='lat' dir='ltr'><strong>bostis</strong></span> <span class='ocrx_word' id='word_1_44' title='bbox 235 797 439 878; x_wconf 74' lang='lat' dir='ltr'><strong>intellegatur,</strong></span> <span class='ocrx_word' id='word_1_45' title='bbox 455 806 559 857; x_wconf 89' lang='lat' dir='ltr'><strong>contra</strong></span> <span class='ocrx_word' id='word_1_46' title='bbox 571 817 656 878; x_wconf 90' lang='lat' dir='ltr'><strong>quem</strong></span> <span class='ocrx_word' id='word_1_47' title='bbox 670 795 727 858; x_wconf 89' lang='lat' dir='ltr'><strong>bac</strong></span> <span class='ocrx_word' id='word_1_48' title='bbox 738 794 918 858; x_wconf 85' lang='lat' dir='ltr'><strong>munitiones</strong></span> <span class='ocrx_word' id='word_1_49' title='bbox 931 795 1087 860; x_wconf 87' lang='lat' dir='ltr'><strong>institutae</strong></span> <span class='ocrx_word' id='word_1_50' title='bbox 1100 797 1248 862; x_wconf 82' lang='lat' dir='ltr'><strong>dicuntur.</strong></span> 
     </span>
     <span class='ocr_line' id='line_1_7' title="bbox 122 897 1251 983; baseline 0 -19"><span class='ocrx_word' id='word_1_51' title='bbox 122 899 285 964; x_wconf 87' lang='lat' dir='ltr'><strong>Discessus</strong></span> <span class='ocrx_word' id='word_1_52' title='bbox 308 909 408 961; x_wconf 87' lang='lat' dir='ltr'><strong>autem</strong></span> <span class='ocrx_word' id='word_1_53' title='bbox 432 917 472 959; x_wconf 80' lang='lat' dir='ltr'><strong>ex</strong></span> <span class='ocrx_word' id='word_1_54' title='bbox 493 917 619 960; x_wconf 90' lang='lat' dir='ltr'><strong>accessu</strong></span> <span class='ocrx_word' id='word_1_55' title='bbox 639 918 700 960; x_wconf 91' lang='lat' dir='ltr'><strong>uon</strong></span> <span class='ocrx_word' id='word_1_56' title='bbox 722 897 871 960; x_wconf 84' lang='lat' dir='ltr'><strong>difficilius</strong></span> <span class='ocrx_word' id='word_1_57' title='bbox 887 898 1146 980; x_wconf 79' lang='lat' dir='ltr'><strong>corrumpebatur,</strong></span> <span class='ocrx_word' id='word_1_58' title='bbox 1164 920 1251 983; x_wconf 81' lang='lat' dir='ltr'><strong>quam</strong></span> 
     </span>
     <span class='ocr_line' id='line_1_8' title="bbox 122 996 1244 1088; baseline -0.003 -22"><span class='ocrx_word' id='word_1_59' title='bbox 122 1004 201 1088; x_wconf 86' lang='lat' dir='ltr'><strong>apud</strong></span> <span class='ocrx_word' id='word_1_60' title='bbox 218 999 293 1065; x_wconf 83' lang='lat' dir='ltr'><strong>Sall.</strong></span> <span class='ocrx_word' id='word_1_61' title='bbox 309 996 379 1063; x_wconf 81' lang='lat' dir='ltr'><strong>Cat.</strong></span> <span class='ocrx_word' id='word_1_62' title='bbox 396 996 439 1061; x_wconf 77' lang='lat'><strong>55</strong></span> <span class='ocrx_word' id='word_1_63' title='bbox 454 1000 619 1061; x_wconf 84' lang='lat' dir='ltr'><strong>ascendere</strong></span> <span class='ocrx_word' id='word_1_64' title='bbox 636 1020 676 1062; x_wconf 84' lang='lat' dir='ltr'><strong>cx</strong></span> <span class='ocrx_word' id='word_1_65' title='bbox 691 1001 901 1063; x_wconf 88' lang='lat' dir='ltr'><strong>descendendo</strong></span> <span class='ocrx_word' id='word_1_66' title='bbox 917 1011 950 1062; x_wconf 88' lang='lat' dir='ltr'><strong>et</strong></span> <span class='ocrx_word' id='word_1_67' title='bbox 964 999 1048 1082; x_wconf 89' lang='lat' dir='ltr'><strong>plura</strong></span> <span class='ocrx_word' id='word_1_68' title='bbox 1065 999 1184 1064; x_wconf 88' lang='lat' dir='ltr'><strong>similia.</strong></span> <span class='ocrx_word' id='word_1_69' title='bbox 1240 1042 1244 1049; x_wconf 92' lang='lat'>-</span> 
     </span>
    </p>

    <p class='ocr_par' dir='ltr' id='par_1_3' title="bbox 121 1099 1253 3028">
     <span class='ocr_line' id='line_1_9' title="bbox 208 1099 1251 1185; baseline -0.001 -17"><span class='ocrx_word' id='word_1_70' title='bbox 208 1100 247 1168; x_wconf 87' lang='lat' dir='ltr'><strong>C.</strong></span> <span class='ocrx_word' id='word_1_71' title='bbox 264 1099 306 1166; x_wconf 77' lang='lat'><strong>75</strong></span> <span class='ocrx_word' id='word_1_72' title='bbox 321 1100 437 1165; x_wconf 86' lang='lat' dir='ltr'><strong>initium</strong></span> <span class='ocrx_word' id='word_1_73' title='bbox 454 1101 617 1164; x_wconf 89' lang='lat' dir='ltr'><strong>secundum</strong></span> <span class='ocrx_word' id='word_1_74' title='bbox 633 1101 766 1185; x_wconf 83' lang='lat' dir='ltr'><strong>integros</strong></span> <span class='ocrx_word' id='word_1_75' title='bbox 783 1101 869 1165; x_wconf 92' lang='lat' dir='ltr'><strong>codd.</strong></span> <span class='ocrx_word' id='word_1_76' title='bbox 886 1104 927 1165; x_wconf 86' lang='lat' dir='ltr'><strong>ite</strong></span> <span class='ocrx_word' id='word_1_77' title='bbox 952 1102 1050 1164; x_wconf 82' lang='lat' dir='ltr'><strong>edidi:</strong></span> <span class='ocrx_word' id='word_1_78' title='bbox 1071 1100 1160 1165; x_wconf 84' lang='lat' dir='ltr'><strong>‘Dum</strong></span> <span class='ocrx_word' id='word_1_79' title='bbox 1178 1104 1251 1167; x_wconf 86' lang='lat' dir='ltr'><strong>baec</strong></span> 
     </span>
     <span class='ocr_line' id='line_1_10' title="bbox 124 1200 1252 1292; baseline -0.003 -21"><span class='ocrx_word' id='word_1_80' title='bbox 124 1206 202 1292; x_wconf 80' lang='lat' dir='ltr'><strong>apud</strong></span> <span class='ocrx_word' id='word_1_81' title='bbox 217 1203 350 1269; x_wconf 85' lang='lat' dir='ltr'><strong>Alesiam</strong></span> <span class='ocrx_word' id='word_1_82' title='bbox 373 1212 539 1287; x_wconf 88' lang='lat' dir='ltr'><strong>geruntur,</strong></span> <span class='ocrx_word' id='word_1_83' title='bbox 563 1200 644 1266; x_wconf 82' lang='lat' dir='ltr'><strong>Gelli</strong></span> <span class='ocrx_word' id='word_1_84' title='bbox 667 1204 794 1267; x_wconf 90' lang='lat' dir='ltr'><strong>concilio</strong></span> <span class='ocrx_word' id='word_1_85' title='bbox 815 1204 979 1287; x_wconf 84' lang='lat' dir='ltr'><strong>principum</strong></span> <span class='ocrx_word' id='word_1_86' title='bbox 1002 1204 1114 1268; x_wconf 93' lang='lat' dir='ltr'><strong>indicto</strong></span> <span class='ocrx_word' id='word_1_87' title='bbox 1135 1224 1196 1268; x_wconf 88' lang='lat' dir='ltr'><strong>nou</strong></span> <span class='ocrx_word' id='word_1_88' title='bbox 1218 1227 1252 1269; x_wconf 92' lang='lat' dir='ltr'><strong>o·</strong></span> 
     </span>
     <span class='ocr_line' id='line_1_11' title="bbox 123 1304 1252 1391; baseline 0 -19"><span class='ocrx_word' id='word_1_89' title='bbox 123 1329 210 1373; x_wconf 86' lang='lat' dir='ltr'><strong>mnes</strong></span> <span class='ocrx_word' id='word_1_90' title='bbox 224 1328 290 1382; x_wconf 86' lang='lat' dir='ltr'><strong>eus,</strong></span> <span class='ocrx_word' id='word_1_91' title='bbox 299 1306 350 1390; x_wconf 88' lang='lat' dir='ltr'><strong>qui</strong></span> <span class='ocrx_word' id='word_1_92' title='bbox 364 1325 448 1370; x_wconf 87' lang='lat' dir='ltr'><strong>arma</strong></span> <span class='ocrx_word' id='word_1_93' title='bbox 464 1306 542 1369; x_wconf 86' lang='lat' dir='ltr'><strong>ferre</strong></span> <span class='ocrx_word' id='word_1_94' title='bbox 558 1316 690 1388; x_wconf 82' lang='lat' dir='ltr'><strong>possent,</strong></span> <span class='ocrx_word' id='word_1_95' title='bbox 709 1316 742 1368; x_wconf 92' lang='lat' dir='ltr'><strong>ut</strong></span> <span class='ocrx_word' id='word_1_96' title='bbox 756 1304 1129 1391; x_wconf 84' lang='lat' dir='ltr'><strong>censuitVercingetorix,</strong></span> <span class='ocrx_word' id='word_1_97' title='bbox 1140 1326 1252 1372; x_wconf 86' lang='lat' dir='ltr'><strong>conco·-</strong></span> 
     </span>
     <span class='ocr_line' id='line_1_12' title="bbox 123 1407 1252 1493; baseline -0.001 -17"><span class='ocrx_word' id='word_1_98' title='bbox 123 1413 235 1476; x_wconf 86' lang='lat' dir='ltr'><strong>candos</strong></span> <span class='ocrx_word' id='word_1_99' title='bbox 250 1419 398 1487; x_wconf 83' lang='lat' dir='ltr'><strong>statuunt,</strong></span> <span class='ocrx_word' id='word_1_100' title='bbox 416 1410 469 1472; x_wconf 84' lang='lat' dir='ltr'><strong>sed</strong></span> <span class='ocrx_word' id='word_1_101' title='bbox 485 1417 598 1473; x_wconf 90' lang='lat' dir='ltr'><strong>certum</strong></span> <span class='ocrx_word' id='word_1_102' title='bbox 614 1426 770 1470; x_wconf 89' lang='lat' dir='ltr'><strong>numerum</strong></span> <span class='ocrx_word' id='word_1_103' title='bbox 786 1407 891 1490; x_wconf 91' lang='lat' dir='ltr'><strong>cuique</strong></span> <span class='ocrx_word' id='word_1_104' title='bbox 908 1428 950 1470; x_wconf 81' lang='lat' dir='ltr'><strong>ex</strong></span> <span class='ocrx_word' id='word_1_105' title='bbox 965 1409 1088 1472; x_wconf 90' lang='lat' dir='ltr'><strong>ciuitate</strong></span> <span class='ocrx_word' id='word_1_106' title='bbox 1103 1411 1252 1493; x_wconf 88' lang='lat' dir='ltr'><strong>imperan-</strong></span> 
     </span>
     <span class='ocr_line' id='line_1_13' title="bbox 124 1510 1250 1594; baseline -0.002 -16"><span class='ocrx_word' id='word_1_107' title='bbox 124 1515 200 1578; x_wconf 89' lang='lat' dir='ltr'><strong>dum&#39;</strong></span> <span class='ocrx_word' id='word_1_108' title='bbox 223 1523 295 1577; x_wconf 86' lang='lat' dir='ltr'><strong>cett.</strong></span> <span class='ocrx_word' id='word_1_109' title='bbox 334 1512 435 1577; x_wconf 80' lang='lat' dir='ltr'><strong>Vnum</strong></span> <span class='ocrx_word' id='word_1_110' title='bbox 457 1512 589 1589; x_wconf 68' lang='lat' dir='ltr'><strong>mumui,</strong></span> <span class='ocrx_word' id='word_1_111' title='bbox 614 1511 691 1594; x_wconf 90' lang='lat' dir='ltr'><strong>quod</strong></span> <span class='ocrx_word' id='word_1_112' title='bbox 713 1511 888 1574; x_wconf 87' lang='lat' dir='ltr'><strong>necessario</strong></span> <span class='ocrx_word' id='word_1_113' title='bbox 906 1510 984 1574; x_wconf 84' lang='lat' dir='ltr'><strong>‘cos’</strong></span> <span class='ocrx_word' id='word_1_114' title='bbox 1000 1513 1103 1594; x_wconf 90' lang='lat' dir='ltr'><strong>posui,</strong></span> <span class='ocrx_word' id='word_1_115' title='bbox 1128 1534 1195 1575; x_wconf 91' lang='lat' dir='ltr'><strong>cum</strong></span> <span class='ocrx_word' id='word_1_116' title='bbox 1214 1514 1250 1576; x_wconf 90' lang='lat' dir='ltr'><strong>in</strong></span> 
     </span>
     <span class='ocr_line' id='line_1_14' title="bbox 123 1610 1251 1699; baseline -0.002 -18"><span class='ocrx_word' id='word_1_117' title='bbox 123 1617 184 1681; x_wconf 85' lang='lat' dir='ltr'><strong>illis</strong></span> <span class='ocrx_word' id='word_1_118' title='bbox 199 1617 284 1680; x_wconf 90' lang='lat' dir='ltr'><strong>codd.</strong></span> <span class='ocrx_word' id='word_1_119' title='bbox 306 1615 383 1678; x_wconf 88' lang='lat' dir='ltr'><strong>‘bos’</strong></span> <span class='ocrx_word' id='word_1_120' title='bbox 399 1615 527 1698; x_wconf 87' lang='lat' dir='ltr'><strong>legatur.</strong></span> <span class='ocrx_word' id='word_1_121' title='bbox 559 1610 620 1677; x_wconf 90' lang='lat' dir='ltr'><strong>Sed</strong></span> <span class='ocrx_word' id='word_1_122' title='bbox 636 1615 742 1677; x_wconf 87' lang='lat' dir='ltr'><strong>mirum</strong></span> <span class='ocrx_word' id='word_1_123' title='bbox 758 1614 853 1677; x_wconf 88' lang='lat' dir='ltr'><strong>uideri</strong></span> <span class='ocrx_word' id='word_1_124' title='bbox 870 1625 968 1699; x_wconf 89' lang='lat' dir='ltr'><strong>potest</strong></span> <span class='ocrx_word' id='word_1_125' title='bbox 984 1614 1056 1679; x_wconf 92' lang='lat' dir='ltr'><strong>illud</strong></span> <span class='ocrx_word' id='word_1_126' title='bbox 1074 1614 1193 1696; x_wconf 86' lang='lat' dir='ltr'><strong>‘cuique</strong></span> <span class='ocrx_word' id='word_1_127' title='bbox 1209 1634 1251 1679; x_wconf 88' lang='lat' dir='ltr'><strong>ex</strong></span> 
     </span>
     <span class='ocr_line' id='line_1_15' title="bbox 123 1716 1253 1800; baseline -0.003 -16"><span class='ocrx_word' id='word_1_128' title='bbox 123 1719 273 1784; x_wconf 86' lang='lat' dir='ltr'><strong>ciuitate’:</strong></span> <span class='ocrx_word' id='word_1_129' title='bbox 292 1740 327 1781; x_wconf 89' lang='lat' dir='ltr'><strong>ac</strong></span> <span class='ocrx_word' id='word_1_130' title='bbox 341 1737 416 1780; x_wconf 91' lang='lat' dir='ltr'><strong>sanc</strong></span> <span class='ocrx_word' id='word_1_131' title='bbox 432 1717 520 1799; x_wconf 84' lang='lat' dir='ltr'><strong>louge</strong></span> <span class='ocrx_word' id='word_1_132' title='bbox 534 1718 665 1799; x_wconf 78' lang='lat' dir='ltr'><strong>apertius</strong></span> <span class='ocrx_word' id='word_1_133' title='bbox 680 1717 711 1778; x_wconf 93' lang='lat' dir='ltr'><strong>in</strong></span> <span class='ocrx_word' id='word_1_134' title='bbox 727 1716 916 1800; x_wconf 81' lang='lat' dir='ltr'><strong>interpolatis</strong></span> <span class='ocrx_word' id='word_1_135' title='bbox 943 1717 1028 1779; x_wconf 90' lang='lat' dir='ltr'><strong>codd.</strong></span> <span class='ocrx_word' id='word_1_136' title='bbox 1048 1719 1188 1800; x_wconf 90' lang='lat' dir='ltr'><strong>scriptum</strong></span> <span class='ocrx_word' id='word_1_137' title='bbox 1204 1728 1253 1781; x_wconf 85' lang='lat' dir='ltr'><strong>cst</strong></span> 
     </span>
     <span class='ocr_line' id='line_1_16' title="bbox 125 1817 1250 1903; baseline 0 -19"><span class='ocrx_word' id='word_1_138' title='bbox 125 1823 244 1898; x_wconf 87' lang='lat' dir='ltr'><strong>‘cuique</strong></span> <span class='ocrx_word' id='word_1_139' title='bbox 259 1819 396 1884; x_wconf 87' lang='lat' dir='ltr'><strong>ciuitati&#39;.</strong></span> <span class='ocrx_word' id='word_1_140' title='bbox 427 1817 502 1881; x_wconf 94' lang='lat' dir='ltr'><strong>lllud</strong></span> <span class='ocrx_word' id='word_1_141' title='bbox 517 1838 593 1882; x_wconf 92' lang='lat' dir='ltr'><strong>uero</strong></span> <span class='ocrx_word' id='word_1_142' title='bbox 609 1830 691 1882; x_wconf 87' lang='lat' dir='ltr'><strong>recte</strong></span> <span class='ocrx_word' id='word_1_143' title='bbox 707 1819 826 1881; x_wconf 88' lang='lat' dir='ltr'><strong>dicitur.</strong></span> <span class='ocrx_word' id='word_1_144' title='bbox 860 1817 940 1882; x_wconf 88' lang='lat' dir='ltr'><strong>Nam</strong></span> <span class='ocrx_word' id='word_1_145' title='bbox 959 1819 1088 1901; x_wconf 86' lang='lat' dir='ltr'><strong>‘cuique&#39;</strong></span> <span class='ocrx_word' id='word_1_146' title='bbox 1104 1840 1145 1883; x_wconf 83' lang='lat' dir='ltr'><strong>ex</strong></span> <span class='ocrx_word' id='word_1_147' title='bbox 1161 1839 1250 1903; x_wconf 85' lang='lat' dir='ltr'><strong>supe·</strong></span> 
     </span>
     <span class='ocr_line' id='line_1_17' title="bbox 122 1914 1251 2005; baseline -0.001 -19"><span class='ocrx_word' id='word_1_148' title='bbox 122 1924 205 1986; x_wconf 90' lang='lat' dir='ltr'><strong>riore</strong></span> <span class='ocrx_word' id='word_1_149' title='bbox 227 1920 382 1985; x_wconf 84' lang='lat' dir='ltr'><strong>Gallorum</strong></span> <span class='ocrx_word' id='word_1_150' title='bbox 404 1921 686 1984; x_wconf 81' lang='lat' dir='ltr'><strong>commemoratione</strong></span> <span class='ocrx_word' id='word_1_151' title='bbox 709 1922 911 2003; x_wconf 90' lang='lat' dir='ltr'><strong>accipiendum</strong></span> <span class='ocrx_word' id='word_1_152' title='bbox 933 1933 998 1999; x_wconf 87' lang='lat' dir='ltr'><strong>est,</strong></span> <span class='ocrx_word' id='word_1_153' title='bbox 1024 1922 1107 2005; x_wconf 89' lang='lat' dir='ltr'><strong>quasi</strong></span> <span class='ocrx_word' id='word_1_154' title='bbox 1132 1914 1251 2004; x_wconf 82' lang='lat' dir='ltr'><strong>‘cuique</strong></span> 
     </span>
     <span class='ocr_line' id='line_1_18' title="bbox 121 2020 1249 2110; baseline 0.004 -26"><span class='ocrx_word' id='word_1_155' title='bbox 121 2025 243 2110; x_wconf 87' lang='lat' dir='ltr'><strong>populc&#39;</strong></span> <span class='ocrx_word' id='word_1_156' title='bbox 261 2023 388 2106; x_wconf 85' lang='lat' dir='ltr'><strong>positum</strong></span> <span class='ocrx_word' id='word_1_157' title='bbox 404 2032 497 2085; x_wconf 89' lang='lat' dir='ltr'><strong>esset.</strong></span> <span class='ocrx_word' id='word_1_158' title='bbox 531 2020 626 2085; x_wconf 88' lang='lat' dir='ltr'><strong>Plane</strong></span> <span class='ocrx_word' id='word_1_159' title='bbox 643 2025 765 2085; x_wconf 88' lang='lat' dir='ltr'><strong>eandem</strong></span> <span class='ocrx_word' id='word_1_160' title='bbox 783 2023 930 2086; x_wconf 90' lang='lat' dir='ltr'><strong>rationem</strong></span> <span class='ocrx_word' id='word_1_161' title='bbox 948 2024 1056 2087; x_wconf 90' lang='lat' dir='ltr'><strong>babent</strong></span> <span class='ocrx_word' id='word_1_162' title='bbox 1071 2026 1162 2089; x_wconf 77' lang='lat' dir='ltr'><strong>baec:</strong></span> <span class='ocrx_word' id='word_1_163' title='bbox 1182 2026 1249 2089; x_wconf 80' lang='lat' dir='ltr'><strong>bor.</strong></span> 
     </span>
     <span class='ocr_line' id='line_1_19' title="bbox 122 2119 1250 2206; baseline 0.001 -16"><span class='ocrx_word' id='word_1_164' title='bbox 122 2146 236 2190; x_wconf 90' lang='lat' dir='ltr'><strong>comm.</strong></span> <span class='ocrx_word' id='word_1_165' title='bbox 259 2119 301 2199; x_wconf 89' lang='lat' dir='ltr'><strong>ll,</strong></span> <span class='ocrx_word' id='word_1_166' title='bbox 318 2121 351 2199; x_wconf 80' lang='grc'><strong>4,</strong></span> <span class='ocrx_word' id='word_1_167' title='bbox 368 2122 389 2183; x_wconf 79' lang='grc'>4</span> <span class='ocrx_word' id='word_1_168' title='bbox 407 2123 455 2184; x_wconf 89' lang='lat' dir='ltr'><strong>‘de</strong></span> <span class='ocrx_word' id='word_1_169' title='bbox 480 2144 604 2187; x_wconf 86' lang='lat' dir='ltr'><strong>numero</strong></span> <span class='ocrx_word' id='word_1_170' title='bbox 626 2124 738 2186; x_wconf 83' lang='lat' dir='ltr'><strong>eorum’</strong></span> <span class='ocrx_word' id='word_1_171' title='bbox 755 2120 880 2206; x_wconf 83' lang='lat' dir='ltr'><strong>[Belgas</strong></span> <span class='ocrx_word' id='word_1_172' title='bbox 902 2124 983 2205; x_wconf 93' lang='lat' dir='ltr'><strong>dicit]</strong></span> <span class='ocrx_word' id='word_1_173' title='bbox 1010 2129 1121 2190; x_wconf 89' lang='lat' dir='ltr'><strong>‘omnia</strong></span> <span class='ocrx_word' id='word_1_174' title='bbox 1143 2149 1176 2190; x_wconf 90' lang='lat' dir='ltr'><strong>se</strong></span> <span class='ocrx_word' id='word_1_175' title='bbox 1200 2128 1250 2191; x_wconf 89' lang='lat' dir='ltr'><strong>ba-</strong></span> 
     </span>
     <span class='ocr_line' id='line_1_20' title="bbox 122 2223 1251 2311; baseline 0.004 -20"><span class='ocrx_word' id='word_1_176' title='bbox 122 2229 196 2292; x_wconf 88' lang='lat' dir='ltr'><strong>bere</strong></span> <span class='ocrx_word' id='word_1_177' title='bbox 223 2225 380 2308; x_wconf 89' lang='lat' dir='ltr'><strong>explorata</strong></span> <span class='ocrx_word' id='word_1_178' title='bbox 400 2223 490 2287; x_wconf 83' lang='lat' dir='ltr'><strong>llenri</strong></span> <span class='ocrx_word' id='word_1_179' title='bbox 512 2225 667 2302; x_wconf 88' lang='lat' dir='ltr'><strong>dicebaut,</strong></span> <span class='ocrx_word' id='word_1_180' title='bbox 700 2236 856 2309; x_wconf 80' lang='lat' dir='ltr'><strong>propterea</strong></span> <span class='ocrx_word' id='word_1_181' title='bbox 886 2230 964 2309; x_wconf 91' lang='lat' dir='ltr'><strong>quod</strong></span> <span class='ocrx_word' id='word_1_182' title='bbox 986 2230 1251 2311; x_wconf 82' lang='lat' dir='ltr'><strong>propinquitatibus</strong></span> 
     </span>
     <span class='ocr_line' id='line_1_21' title="bbox 124 2327 1251 2412; baseline 0 -18"><span class='ocrx_word' id='word_1_183' title='bbox 124 2327 378 2409; x_wconf 81' lang='lat' dir='ltr'><strong>affinitatibusque</strong></span> <span class='ocrx_word' id='word_1_184' title='bbox 394 2328 565 2405; x_wconf 91' lang='lat' dir='ltr'><strong>coniuncti,</strong></span> <span class='ocrx_word' id='word_1_185' title='bbox 591 2339 731 2411; x_wconf 86' lang='lat' dir='ltr'><strong>quantam</strong></span> <span class='ocrx_word' id='word_1_186' title='bbox 748 2329 872 2412; x_wconf 89' lang='lat' dir='ltr'><strong>quisque</strong></span> <span class='ocrx_word' id='word_1_187' title='bbox 887 2330 1104 2393; x_wconf 89' lang='lat' dir='ltr'><strong>multitudinem</strong></span> <span class='ocrx_word' id='word_1_188' title='bbox 1125 2332 1157 2394; x_wconf 91' lang='lat' dir='ltr'><strong>in</strong></span> <span class='ocrx_word' id='word_1_189' title='bbox 1172 2350 1251 2394; x_wconf 61' lang='lat' dir='ltr'><strong>cornb</strong></span> 
     </span>
     <span class='ocr_line' id='line_1_22' title="bbox 124 2429 1250 2517; baseline 0.001 -21"><span class='ocrx_word' id='word_1_190' title='bbox 124 2432 206 2496; x_wconf 89' lang='lat' dir='ltr'><strong>muni</strong></span> <span class='ocrx_word' id='word_1_191' title='bbox 230 2431 358 2493; x_wconf 91' lang='lat' dir='ltr'><strong>concilio</strong></span> <span class='ocrx_word' id='word_1_192' title='bbox 381 2429 544 2516; x_wconf 84' lang='lat' dir='ltr'><strong>Belgarum</strong></span> <span class='ocrx_word' id='word_1_193' title='bbox 565 2431 602 2495; x_wconf 91' lang='lat' dir='ltr'><strong>ad</strong></span> <span class='ocrx_word' id='word_1_194' title='bbox 624 2431 654 2494; x_wconf 93' lang='lat' dir='ltr'><strong>id</strong></span> <span class='ocrx_word' id='word_1_195' title='bbox 677 2431 785 2494; x_wconf 91' lang='lat' dir='ltr'><strong>bellum</strong></span> <span class='ocrx_word' id='word_1_196' title='bbox 802 2430 952 2514; x_wconf 82' lang='lat' dir='ltr'><strong>pollicitus</strong></span> <span class='ocrx_word' id='word_1_197' title='bbox 967 2433 1024 2513; x_wconf 89' lang='lat' dir='ltr'><strong>sit,</strong></span> <span class='ocrx_word' id='word_1_198' title='bbox 1041 2430 1250 2517; x_wconf 87' lang='lat' dir='ltr'><strong>cognoueriut’</strong></span> 
     </span>
     <span class='ocr_line' id='line_1_23' title="bbox 125 2532 1250 2619; baseline 0.001 -21"><span class='ocrx_word' id='word_1_199' title='bbox 125 2545 157 2598; x_wconf 88' lang='lat' dir='ltr'><strong>et</strong></span> <span class='ocrx_word' id='word_1_200' title='bbox 179 2534 275 2597; x_wconf 90' lang='lat' dir='ltr'><strong>eiusd.</strong></span> <span class='ocrx_word' id='word_1_201' title='bbox 301 2534 352 2597; x_wconf 90' lang='lat' dir='ltr'><strong>lib.</strong></span> <span class='ocrx_word' id='word_1_202' title='bbox 379 2532 469 2611; x_wconf 72' lang='lat' dir='ltr'><strong>tna</strong></span> <span class='ocrx_word' id='word_1_203' title='bbox 492 2533 606 2597; x_wconf 83' lang='lat' dir='ltr'><strong>‘hostes</strong></span> <span class='ocrx_word' id='word_1_204' title='bbox 629 2533 851 2596; x_wconf 89' lang='lat' dir='ltr'><strong>constituerunt</strong></span> <span class='ocrx_word' id='word_1_205' title='bbox 873 2535 1013 2619; x_wconf 91' lang='lat' dir='ltr'><strong>optimum</strong></span> <span class='ocrx_word' id='word_1_206' title='bbox 1042 2556 1111 2600; x_wconf 90' lang='lat' dir='ltr'><strong>esse</strong></span> <span class='ocrx_word' id='word_1_207' title='bbox 1133 2536 1250 2599; x_wconf 76' lang='lat' dir='ltr'><strong>domun</strong></span> 
     </span>
     <span class='ocr_line' id='line_1_24' title="bbox 125 2636 1251 2721; baseline 0 -21"><span class='ocrx_word' id='word_1_208' title='bbox 125 2657 208 2700; x_wconf 90' lang='lat' dir='ltr'><strong>suam</strong></span> <span class='ocrx_word' id='word_1_209' title='bbox 225 2656 369 2718; x_wconf 91' lang='lat' dir='ltr'><strong>quemque</strong></span> <span class='ocrx_word' id='word_1_210' title='bbox 385 2636 510 2714; x_wconf 89' lang='lat' dir='ltr'><strong>reuerti,</strong></span> <span class='ocrx_word' id='word_1_211' title='bbox 528 2647 570 2712; x_wconf 88' lang='lat' dir='ltr'><strong>et,</strong></span> <span class='ocrx_word' id='word_1_212' title='bbox 582 2656 705 2719; x_wconf 90' lang='lat' dir='ltr'><strong>quorum</strong></span> <span class='ocrx_word' id='word_1_213' title='bbox 720 2636 752 2698; x_wconf 93' lang='lat' dir='ltr'><strong>iu</strong></span> <span class='ocrx_word' id='word_1_214' title='bbox 768 2637 843 2700; x_wconf 86' lang='lat' dir='ltr'><strong>fines</strong></span> <span class='ocrx_word' id='word_1_215' title='bbox 859 2639 984 2721; x_wconf 90' lang='lat' dir='ltr'><strong>primum</strong></span> <span class='ocrx_word' id='word_1_216' title='bbox 997 2636 1123 2701; x_wconf 85' lang='lat' dir='ltr'><strong>Romani</strong></span> <span class='ocrx_word' id='word_1_217' title='bbox 1132 2638 1251 2702; x_wconf 83' lang='lat' dir='ltr'><strong>exerei-</strong></span> 
     </span>
     <span class='ocr_line' id='line_1_25' title="bbox 125 2738 1248 2821; baseline -0.002 -19"><span class='ocrx_word' id='word_1_218' title='bbox 125 2751 188 2802; x_wconf 89' lang='lat' dir='ltr'><strong>tum</strong></span> <span class='ocrx_word' id='word_1_219' title='bbox 208 2738 465 2814; x_wconf 85' lang='lat' dir='ltr'><strong>introduxissent,</strong></span> <span class='ocrx_word' id='word_1_220' title='bbox 496 2738 532 2802; x_wconf 87' lang='lat' dir='ltr'><strong>ad</strong></span> <span class='ocrx_word' id='word_1_221' title='bbox 562 2760 615 2803; x_wconf 91' lang='lat' dir='ltr'><strong>eos</strong></span> <span class='ocrx_word' id='word_1_222' title='bbox 645 2740 845 2804; x_wconf 83' lang='lat' dir='ltr'><strong>defendendos</strong></span> <span class='ocrx_word' id='word_1_223' title='bbox 876 2741 1006 2821; x_wconf 90' lang='lat' dir='ltr'><strong>undique</strong></span> <span class='ocrx_word' id='word_1_224' title='bbox 1030 2739 1248 2803; x_wconf 70' lang='lat' dir='ltr'><strong>conuenirent&#39;a</strong></span> 
     </span>
     <span class='ocr_line' id='line_1_26' title="bbox 124 2838 1250 2925; baseline -0.004 -20"><span class='ocrx_word' id='word_1_225' title='bbox 124 2838 258 2925; x_wconf 83' lang='lat' dir='ltr'><strong>Singulis</strong></span> <span class='ocrx_word' id='word_1_226' title='bbox 279 2840 371 2924; x_wconf 82' lang='lat' dir='ltr'><strong>igitur</strong></span> <span class='ocrx_word' id='word_1_227' title='bbox 394 2841 509 2925; x_wconf 89' lang='lat' dir='ltr'><strong>populis</strong></span> <span class='ocrx_word' id='word_1_228' title='bbox 532 2844 639 2925; x_wconf 91' lang='lat' dir='ltr'><strong>cuique</strong></span> <span class='ocrx_word' id='word_1_229' title='bbox 663 2864 701 2906; x_wconf 90' lang='lat' dir='ltr'><strong>ex</strong></span> <span class='ocrx_word' id='word_1_230' title='bbox 729 2864 785 2907; x_wconf 89' lang='lat' dir='ltr'><strong>sua</strong></span> <span class='ocrx_word' id='word_1_231' title='bbox 805 2843 928 2908; x_wconf 84' lang='lat' dir='ltr'><strong>ciuitate</strong></span> <span class='ocrx_word' id='word_1_232' title='bbox 959 2851 1072 2904; x_wconf 89' lang='lat' dir='ltr'><strong>certum</strong></span> <span class='ocrx_word' id='word_1_233' title='bbox 1096 2860 1250 2903; x_wconf 85' lang='lat' dir='ltr'><strong>numerum</strong></span> 
     </span>
     <span class='ocr_line' id='line_1_27' title="bbox 124 2944 851 3028; baseline 0 -21"><span class='ocrx_word' id='word_1_234' title='bbox 124 2945 337 3007; x_wconf 84' lang='lat' dir='ltr'><strong>conficiendum</strong></span> <span class='ocrx_word' id='word_1_235' title='bbox 354 2944 503 3027; x_wconf 88' lang='lat' dir='ltr'><strong>principes</strong></span> <span class='ocrx_word' id='word_1_236' title='bbox 519 2945 683 3028; x_wconf 87' lang='lat' dir='ltr'><strong>imperasse</strong></span> <span class='ocrx_word' id='word_1_237' title='bbox 700 2946 851 3008; x_wconf 89' lang='lat' dir='ltr'><strong>dicuutur.</strong></span> 
     </span>
    </p>

    <p class='ocr_par' dir='ltr' id='par_1_4' title="bbox 113 3044 1251 4362">
     <span class='ocr_line' id='line_1_28' title="bbox 211 3044 1251 3132; baseline -0.004 -22"><span class='ocrx_word' id='word_1_238' title='bbox 211 3044 355 3132; x_wconf 82' lang='lat' dir='ltr'><strong>Sequitur</strong></span> <span class='ocrx_word' id='word_1_239' title='bbox 376 3048 562 3109; x_wconf 85' lang='lat' dir='ltr'><strong>enumeratio</strong></span> <span class='ocrx_word' id='word_1_240' title='bbox 585 3049 737 3130; x_wconf 92' lang='lat' dir='ltr'><strong>copiarum</strong></span> <span class='ocrx_word' id='word_1_241' title='bbox 760 3048 887 3130; x_wconf 90' lang='lat' dir='ltr'><strong>singulis</strong></span> <span class='ocrx_word' id='word_1_242' title='bbox 904 3047 1075 3109; x_wconf 89' lang='lat' dir='ltr'><strong>ciuitatibus</strong></span> <span class='ocrx_word' id='word_1_243' title='bbox 1090 3046 1251 3127; x_wconf 87' lang='lat' dir='ltr'><strong>imperata·</strong></span> 
     </span>
     <span class='ocr_line' id='line_1_29' title="bbox 124 3143 1251 3232; baseline -0.002 -21"><span class='ocrx_word' id='word_1_244' title='bbox 124 3170 202 3211; x_wconf 90' lang='lat' dir='ltr'><strong>rum.</strong></span> <span class='ocrx_word' id='word_1_245' title='bbox 237 3143 297 3228; x_wconf 81' lang='lat' dir='ltr'><strong>Qui</strong></span> <span class='ocrx_word' id='word_1_246' title='bbox 313 3146 396 3211; x_wconf 91' lang='lat' dir='ltr'><strong>locus</strong></span> <span class='ocrx_word' id='word_1_247' title='bbox 412 3149 453 3210; x_wconf 90' lang='lat' dir='ltr'><strong>ita</strong></span> <span class='ocrx_word' id='word_1_248' title='bbox 474 3150 537 3212; x_wconf 89' lang='lat' dir='ltr'><strong>lere</strong></span> <span class='ocrx_word' id='word_1_249' title='bbox 553 3150 669 3212; x_wconf 84' lang='lat' dir='ltr'><strong>editur:</strong></span> <span class='ocrx_word' id='word_1_250' title='bbox 697 3147 859 3232; x_wconf 89' lang='lat' dir='ltr'><strong>‘Imperant</strong></span> <span class='ocrx_word' id='word_1_251' title='bbox 880 3147 1013 3212; x_wconf 87' lang='lat' dir='ltr'><strong>Haeduis</strong></span> <span class='ocrx_word' id='word_1_252' title='bbox 1037 3159 1124 3229; x_wconf 89' lang='lat' dir='ltr'><strong>atque</strong></span> <span class='ocrx_word' id='word_1_253' title='bbox 1147 3166 1251 3210; x_wconf 91' lang='lat' dir='ltr'><strong>eorum</strong></span> 
     </span>
     <span class='ocr_line' id='line_1_30' title="bbox 113 3247 1248 3335; baseline -0.003 -19"><span class='ocrx_word' id='word_1_254' title='bbox 113 3252 305 3329; x_wconf 86' lang='lat' dir='ltr'><strong>clientibus,</strong></span> <span class='ocrx_word' id='word_1_255' title='bbox 344 3247 544 3335; x_wconf 88' lang='lat' dir='ltr'><strong>Segusiauis‚</strong></span> <span class='ocrx_word' id='word_1_256' title='bbox 569 3251 793 3328; x_wconf 85' lang='lat' dir='ltr'><strong>Ambiuaretis,</strong></span> <span class='ocrx_word' id='word_1_257' title='bbox 824 3251 964 3315; x_wconf 81' lang='lat' dir='ltr'><strong>Aulercis</strong></span> <span class='ocrx_word' id='word_1_258' title='bbox 994 3249 1248 3328; x_wconf 87' lang='lat' dir='ltr'><strong>Brannouicibus,</strong></span> 
     </span>
     <span class='ocr_line' id='line_1_31' title="bbox 125 3351 1250 3436; baseline 0.001 -19"><span class='ocrx_word' id='word_1_259' title='bbox 125 3351 329 3429; x_wconf 85' lang='lat' dir='ltr'><strong>Brannouiis,</strong></span> <span class='ocrx_word' id='word_1_260' title='bbox 354 3354 435 3416; x_wconf 91' lang='lat' dir='ltr'><strong>milia</strong></span> <span class='ocrx_word' id='word_1_261' title='bbox 457 3351 606 3430; x_wconf 63' lang='lat' dir='ltr'><strong>xxxv,</strong></span> <span class='ocrx_word' id='word_1_262' title='bbox 632 3374 731 3436; x_wconf 88' lang='lat' dir='ltr'><strong>parem</strong></span> <span class='ocrx_word' id='word_1_263' title='bbox 755 3374 909 3418; x_wconf 90' lang='lat' dir='ltr'><strong>numerum</strong></span> <span class='ocrx_word' id='word_1_264' title='bbox 932 3354 1082 3419; x_wconf 89' lang='lat' dir='ltr'><strong>Aruernis</strong></span> <span class='ocrx_word' id='word_1_265' title='bbox 1102 3352 1250 3419; x_wconf 89' lang='lat' dir='ltr'><strong>adiunctis</strong></span> 
     </span>
     <span class='ocr_line' id='line_1_32' title="bbox 124 3451 1251 3542; baseline -0.002 -23"><span class='ocrx_word' id='word_1_266' title='bbox 124 3456 299 3522; x_wconf 84' lang='lat' dir='ltr'><strong>Eleutheris</strong></span> <span class='ocrx_word' id='word_1_267' title='bbox 314 3451 470 3531; x_wconf 87' lang='lat' dir='ltr'><strong>Cadurcis,</strong></span> <span class='ocrx_word' id='word_1_268' title='bbox 492 3453 627 3535; x_wconf 88' lang='lat' dir='ltr'><strong>Gabalis,</strong></span> <span class='ocrx_word' id='word_1_269' title='bbox 649 3453 806 3534; x_wconf 90' lang='lat' dir='ltr'><strong>Velauuis,</strong></span> <span class='ocrx_word' id='word_1_270' title='bbox 824 3458 872 3539; x_wconf 93' lang='lat' dir='ltr'><strong>qui</strong></span> <span class='ocrx_word' id='word_1_271' title='bbox 890 3457 945 3520; x_wconf 92' lang='lat' dir='ltr'><strong>sub</strong></span> <span class='ocrx_word' id='word_1_272' title='bbox 959 3457 1251 3542; x_wconf 86' lang='lat' dir='ltr'><strong>imperioAruerno·</strong></span> 
     </span>
     <span class='ocr_line' id='line_1_33' title="bbox 124 3556 1251 3644; baseline -0.003 -21"><span class='ocrx_word' id='word_1_273' title='bbox 124 3581 189 3623; x_wconf 90' lang='lat' dir='ltr'><strong>rum</strong></span> <span class='ocrx_word' id='word_1_274' title='bbox 206 3580 274 3624; x_wconf 90' lang='lat' dir='ltr'><strong>esse</strong></span> <span class='ocrx_word' id='word_1_275' title='bbox 289 3570 490 3636; x_wconf 80' lang='lat' dir='ltr'><strong>consuerunt3</strong></span> <span class='ocrx_word' id='word_1_276' title='bbox 516 3556 707 3637; x_wconf 90' lang='lat' dir='ltr'><strong>Senonibus,</strong></span> <span class='ocrx_word' id='word_1_277' title='bbox 725 3556 891 3641; x_wconf 88' lang='lat' dir='ltr'><strong>Sequanis,</strong></span> <span class='ocrx_word' id='word_1_278' title='bbox 910 3557 1115 3644; x_wconf 75' lang='lat' dir='ltr'><strong>biturigibus,</strong></span> <span class='ocrx_word' id='word_1_279' title='bbox 1139 3556 1251 3623; x_wconf 87' lang='lat' dir='ltr'><strong>Santo-</strong></span> 
     </span>
     <span class='ocr_line' id='line_1_34' title="bbox 125 3657 1251 3741; baseline -0.004 -15"><span class='ocrx_word' id='word_1_280' title='bbox 125 3664 185 3740; x_wconf 88' lang='lat' dir='ltr'><strong>nis,</strong></span> <span class='ocrx_word' id='word_1_281' title='bbox 208 3661 352 3738; x_wconf 81' lang='lat' dir='ltr'><strong>Rutenis,</strong></span> <span class='ocrx_word' id='word_1_282' title='bbox 377 3657 559 3724; x_wconf 90' lang='lat' dir='ltr'><strong>Carnutibus</strong></span> <span class='ocrx_word' id='word_1_283' title='bbox 582 3663 716 3725; x_wconf 89' lang='lat' dir='ltr'><strong>duodena</strong></span> <span class='ocrx_word' id='word_1_284' title='bbox 739 3663 842 3741; x_wconf 82' lang='lat' dir='ltr'><strong>milia3</strong></span> <span class='ocrx_word' id='word_1_285' title='bbox 869 3660 1036 3726; x_wconf 84' lang='lat' dir='ltr'><strong>Bellouacis</strong></span> <span class='ocrx_word' id='word_1_286' title='bbox 1051 3660 1101 3741; x_wconf 82' lang='lat' dir='ltr'><strong>X3</strong></span> <span class='ocrx_word' id='word_1_287' title='bbox 1127 3663 1251 3724; x_wconf 83' lang='lat' dir='ltr'><strong>totidem</strong></span> 
     </span>
     <span class='ocr_line' id='line_1_35' title="bbox 115 3762 1249 3843; baseline -0.005 -13"><span class='ocrx_word' id='word_1_288' title='bbox 115 3762 359 3843; x_wconf 51' lang='lat' dir='ltr'><strong>,Lemouicum</strong></span> <span class='ocrx_word' id='word_1_289' title='bbox 377 3774 485 3826; x_wconf 89' lang='lat' dir='ltr'><strong>octona</strong></span> <span class='ocrx_word' id='word_1_290' title='bbox 503 3762 677 3827; x_wconf 88' lang='lat' dir='ltr'><strong>Pictonibus</strong></span> <span class='ocrx_word' id='word_1_291' title='bbox 693 3775 724 3827; x_wconf 92' lang='lat' dir='ltr'><strong>ct</strong></span> <span class='ocrx_word' id='word_1_292' title='bbox 738 3763 871 3828; x_wconf 85' lang='lat' dir='ltr'><strong>Turonis</strong></span> <span class='ocrx_word' id='word_1_293' title='bbox 887 3777 918 3828; x_wconf 90' lang='lat' dir='ltr'><strong>et</strong></span> <span class='ocrx_word' id='word_1_294' title='bbox 933 3764 1059 3830; x_wconf 86' lang='lat' dir='ltr'><strong>Parisiis</strong></span> <span class='ocrx_word' id='word_1_295' title='bbox 1075 3776 1105 3830; x_wconf 89' lang='lat' dir='ltr'><strong>et</strong></span> <span class='ocrx_word' id='word_1_296' title='bbox 1117 3762 1249 3840; x_wconf 73' lang='lat' dir='ltr'><strong>Heluiisp</strong></span> 
     </span>
     <span class='ocr_line' id='line_1_36' title="bbox 123 3863 1249 3946; baseline -0.004 -14"><span class='ocrx_word' id='word_1_297' title='bbox 123 3864 358 3943; x_wconf 88' lang='lat' dir='ltr'><strong>Suessiouibus‚</strong></span> <span class='ocrx_word' id='word_1_298' title='bbox 384 3863 558 3943; x_wconf 87' lang='lat' dir='ltr'><strong>Ambianis,</strong></span> <span class='ocrx_word' id='word_1_299' title='bbox 591 3865 845 3943; x_wconf 84' lang='lat' dir='ltr'><strong>Mediomatricis,</strong></span> <span class='ocrx_word' id='word_1_300' title='bbox 876 3866 1081 3946; x_wconf 87' lang='lat' dir='ltr'><strong>Petrocoriis,</strong></span> <span class='ocrx_word' id='word_1_301' title='bbox 1110 3864 1249 3943; x_wconf 88' lang='lat' dir='ltr'><strong>Neruiis,</strong></span> 
     </span>
     <span class='ocr_line' id='line_1_37' title="bbox 125 3966 1248 4050; baseline -0.004 -16"><span class='ocrx_word' id='word_1_302' title='bbox 125 3969 273 4048; x_wconf 84' lang='lat' dir='ltr'><strong>Morinis,</strong></span> <span class='ocrx_word' id='word_1_303' title='bbox 296 3966 518 4049; x_wconf 82' lang='lat' dir='ltr'><strong>Nitiobrigibus</strong></span> <span class='ocrx_word' id='word_1_304' title='bbox 534 3969 623 4050; x_wconf 89' lang='lat' dir='ltr'><strong>quina</strong></span> <span class='ocrx_word' id='word_1_305' title='bbox 639 3970 737 4049; x_wconf 84' lang='lat' dir='ltr'><strong>milia3</strong></span> <span class='ocrx_word' id='word_1_306' title='bbox 762 3968 901 4034; x_wconf 80' lang='lat' dir='ltr'><strong>Aulercis</strong></span> <span class='ocrx_word' id='word_1_307' title='bbox 913 3967 1096 4036; x_wconf 85' lang='lat' dir='ltr'><strong>Cenomanis</strong></span> <span class='ocrx_word' id='word_1_308' title='bbox 1111 3968 1248 4046; x_wconf 74' lang='lat' dir='ltr'><strong>totidemp</strong></span> 
     </span>
     <span class='ocr_line' id='line_1_38' title="bbox 126 4068 1250 4149; baseline -0.003 -13"><span class='ocrx_word' id='word_1_309' title='bbox 126 4071 321 4136; x_wconf 76' lang='lat' dir='ltr'><strong>Atrebatibus</strong></span> <span class='ocrx_word' id='word_1_310' title='bbox 342 4068 406 4149; x_wconf 71' lang='lat' dir='ltr'><strong>lv,</strong></span> <span class='ocrx_word' id='word_1_311' title='bbox 445 4068 648 4148; x_wconf 86' lang='lat' dir='ltr'><strong>Belloeassis,</strong></span> <span class='ocrx_word' id='word_1_312' title='bbox 681 4068 849 4149; x_wconf 75' lang='lat' dir='ltr'><strong>herodiis,</strong></span> <span class='ocrx_word' id='word_1_313' title='bbox 885 4074 1026 4139; x_wconf 90' lang='lat' dir='ltr'><strong>Aulercis</strong></span> <span class='ocrx_word' id='word_1_314' title='bbox 1054 4071 1250 4136; x_wconf 87' lang='lat' dir='ltr'><strong>Eburonibus</strong></span> 
     </span>
     <span class='ocr_line' id='line_1_39' title="bbox 125 4169 1251 4258; baseline -0.003 -22"><span class='ocrx_word' id='word_1_315' title='bbox 125 4182 231 4252; x_wconf 81' lang='lat' dir='ltr'><strong>tema3</strong></span> <span class='ocrx_word' id='word_1_316' title='bbox 255 4172 404 4237; x_wconf 87' lang='lat' dir='ltr'><strong>Rauracis</strong></span> <span class='ocrx_word' id='word_1_317' title='bbox 419 4183 451 4236; x_wconf 92' lang='lat' dir='ltr'><strong>et</strong></span> <span class='ocrx_word' id='word_1_318' title='bbox 465 4169 552 4236; x_wconf 75' lang='lat' dir='ltr'><strong>boiis</strong></span> <span class='ocrx_word' id='word_1_319' title='bbox 565 4169 684 4252; x_wconf 62' lang='lat' dir='ltr'><strong>xxx,</strong></span> <span class='ocrx_word' id='word_1_320' title='bbox 709 4175 858 4238; x_wconf 87' lang='lat' dir='ltr'><strong>uniuersis</strong></span> <span class='ocrx_word' id='word_1_321' title='bbox 874 4175 1060 4250; x_wconf 88' lang='lat' dir='ltr'><strong>ciuitatibus,</strong></span> <span class='ocrx_word' id='word_1_322' title='bbox 1079 4195 1154 4258; x_wconf 88' lang='lat' dir='ltr'><strong>quae</strong></span> <span class='ocrx_word' id='word_1_323' title='bbox 1170 4171 1251 4236; x_wconf 84' lang='lat' dir='ltr'><strong>Oce-</strong></span> 
     </span>
     <span class='ocr_line' id='line_1_40' title="bbox 126 4271 1250 4362; baseline -0.003 -25"><span class='ocrx_word' id='word_1_324' title='bbox 126 4295 215 4340; x_wconf 76' lang='lat' dir='ltr'><strong>anum</strong></span> <span class='ocrx_word' id='word_1_325' title='bbox 230 4278 382 4362; x_wconf 84' lang='lat' dir='ltr'><strong>attingunt</strong></span> <span class='ocrx_word' id='word_1_326' title='bbox 397 4295 532 4361; x_wconf 89' lang='lat' dir='ltr'><strong>quaeque</strong></span> <span class='ocrx_word' id='word_1_327' title='bbox 548 4296 652 4340; x_wconf 84' lang='lat' dir='ltr'><strong>eorum</strong></span> <span class='ocrx_word' id='word_1_328' title='bbox 667 4278 885 4342; x_wconf 82' lang='lat' dir='ltr'><strong>consuetudine</strong></span> <span class='ocrx_word' id='word_1_329' title='bbox 907 4275 1084 4341; x_wconf 86' lang='lat' dir='ltr'><strong>Armoricae</strong></span> <span class='ocrx_word' id='word_1_330' title='bbox 1098 4271 1250 4360; x_wconf 85' lang='lat' dir='ltr'><strong>appellen·</strong></span> 
     </span>
    </p>
   </div>
   <div class='ocr_carea' id='block_1_3' title="bbox 0 0 1348 4694">
    <p class='ocr_par' dir='ltr' id='par_1_5' title="bbox 0 0 1348 4694">
     <span class='ocr_line' id='line_1_41' title="bbox 0 0 1348 4694; baseline 0 0"><span class='ocrx_word' id='word_1_331' title='bbox 0 0 1348 4694; x_wconf 95' lang='lat' dir='ltr'><strong> </strong></span> 
     </span>
    </p>
   </div>
  </div>
 </body>
</html>
