2684 4694
501 187 804 256 ...41-

88 359 206 445 polstae
221 357 352 423 familiae
365 357 522 443 proprias,
546 381 620 443 quas
635 361 668 424 in
684 362 739 425 boc
754 361 888 427 codlcee
908 362 1004 447 prima
1024 383 1115 428 manu
1135 363 1212 430 seri·

88 474 155 546 ptas
178 481 247 526 esse
269 460 445 525 incredibile
469 473 527 526 est.
572 459 681 526 Inueni
704 474 803 527 autem
826 464 858 528 in
879 465 956 529 libro
972 467 1098 550 quodam
1120 486 1212 532 manu

88 566 202 648 scripto
218 559 425 641 Santeniano,
449 564 499 646 qui
519 564 550 626 in
570 565 654 648 regia
674 561 865 629 Berolinensi
886 567 1064 633 bibliotheca
1087 588 1211 633 numero

89 679 137 732 est
151 666 333 731 centesimus
355 665 593 750 septuagesimus
617 666 749 751 primus,
773 679 894 750 praeter
915 669 974 733 alia
996 670 1212 755 discrepantias

90 769 223 834 codicum
240 765 385 832 Caesaris
399 768 437 832 ad
451 768 474 832 l.
491 767 521 833 V
537 768 616 832 deb.
632 767 713 833 Gall.
736 769 805 833 inde
826 790 887 835 ac.
904 768 947 834 35
963 791 1056 855 usque
1072 775 1107 836 ad
1123 793 1152 836 c.
1169 770 1213 839 39

89 873 275 956 pertinentes
291 890 452 953 eorumque
466 870 600 934 codicum
616 871 852 955 descriptiones,
875 892 951 955 quae
968 875 1038 956 quin
1053 894 1094 938 ex
1108 894 1213 939 errem·

89 974 164 1058 plari
178 970 358 1037 Fabriciano
375 974 467 1057 petita
481 973 563 1047 sint,
585 973 712 1038 dubitari
728 995 788 1038 nou
804 985 914 1058 potest.
946 973 990 1039 lbi
1007 977 1044 1040 de
1058 974 1213 1042 Vossiauo

88 1077 183 1161 primo
199 1077 271 1139 baec
285 1072 536 1160 legunturGudii‚
554 1076 733 1153 atarbitror‚
751 1076 861 1140 uerbac
884 1075 1081 1152 ‘Vossianus‚
1099 1076 1162 1158 qui,
1179 1085 1213 1141 ut

88 1179 119 1242 in
133 1179 199 1262 ipso
214 1176 290 1242 libro
305 1199 395 1241 manu
412 1177 616 1241 uetustissima
632 1189 679 1242 est
693 1189 887 1257 annotatum,
913 1179 970 1242 luit
990 1179 1060 1242 olim
1076 1173 1111 1242 S.
1129 1175 1214 1243 Petri

88 1277 334 1358 Bellouacensis‚
359 1280 391 1342 in
414 1279 586 1345 membrana
602 1282 697 1344 torna
713 1292 837 1364 quarta,
860 1302 1005 1345 annorum
1027 1301 1118 1366 prope
1139 1276 1210 1347 DC.

87 1379 185 1446 Multa
200 1382 249 1445 bic
264 1394 401 1447 correcta
415 1404 434 1447 a
448 1382 543 1466 prima
560 1403 667 1460 manu,
690 1405 813 1466 quorum
831 1383 959 1468 uestigia
973 1384 1004 1446 in
1020 1384 1115 1448 erasis
1130 1384 1212 1449 litte·

87 1485 131 1550 ris
152 1487 207 1548 uix
228 1495 384 1570 apparent.
432 1481 469 1548 In
491 1484 636 1569 principio
659 1484 727 1548 libri
743 1485 830 1569 primi
846 1485 947 1549 lolium
964 1496 1030 1548 crat
1044 1486 1209 1551 excisum’.

89 1584 235 1652 Videmus
248 1587 342 1673 igitur
356 1587 449 1651 multa
469 1585 513 1650 ita
528 1598 665 1651 correcte
680 1608 770 1665 esse,
795 1599 830 1651 ut
851 1587 974 1670 antiqua
996 1587 1144 1670 scriptura
1166 1588 1211 1653 di·

88 1689 174 1753 nosci
189 1692 340 1776 nequiret.
363 1687 428 1754 lam
442 1691 474 1753 in
489 1700 573 1773 parte
589 1708 693 1754 earum
707 1690 923 1773 scripturarum
939 1710 1005 1753 oum
1021 1688 1210 1774 interpolatis

88 1791 237 1856 codicibus
259 1793 511 1858 consentientium
528 1789 644 1856 Gudius
660 1801 691 1855 et
705 1787 935 1876 Oudendorpius
950 1790 1006 1876 ipsi
1023 1792 1125 1855 testati
1142 1802 1213 1858 sunt

87 1893 129 1959 ita
144 1917 162 1958 a
178 1896 309 1960 secunda
323 1917 413 1961 manu
428 1917 498 1961 esse
511 1897 667 1980 scriptum.
711 1890 816 1978 ltaque
838 1913 934 1977 neque
957 1894 1034 1959 ullas
1049 1895 1212 1960 correctio-

88 2017 142 2062 nes
157 2019 176 2061 a
192 1998 288 2080 prima
302 2019 392 2061 manu
407 2000 502 2063 lactas
518 1999 608 2062 credo
623 2008 664 2074 et,
682 1997 822 2080 quidquid
837 2016 877 2058 ex
887 1997 942 2060 boc
952 1998 1054 2062 codice
1063 2000 1210 2082 prolatum

88 2111 137 2163 est
152 2120 219 2161 cum
231 2099 419 2182 interpolatis
431 2100 623 2164 consentiens
636 2111 667 2163 et
677 2099 714 2163 ab
726 2098 850 2180 reliquis
863 2098 949 2163 huius
960 2101 1082 2185 generis
1095 2101 1209 2165 discre-

89 2223 177 2287 pans,
195 2222 256 2264 non
271 2201 385 2281 dubito,
404 2203 474 2285 quin
490 2222 531 2266 ex
546 2202 725 2285 interpolato
740 2201 842 2265 codice
856 2199 972 2265 illatum
987 2203 1039 2280 sit,
1056 2214 1089 2267 ιιι
1103 2204 1134 2267 in
1148 2200 1209 2267 Pa·

87 2304 181 2368 risino
197 2305 291 2388 primo
306 2307 417 2370 lactum
431 2306 531 2370 retuli.
556 2303 652 2387 Quam
669 2324 733 2369 rem
749 2324 809 2367 non
824 2302 936 2367 leuiter
951 2307 1116 2381 confirmat,
1134 2303 1212 2387 quod

88 2406 167 2470 utin
182 2404 323 2471 Parisino
344 2407 459 2492 primo,
483 2407 526 2471 ita
548 2408 580 2471 iri
603 2407 659 2471 boc
681 2406 784 2471 codice
806 2406 1054 2492 interpolatorum
1078 2407 1212 2471 codicum

89 2509 256 2593 scripturae
278 2511 374 2575 tribus
395 2520 510 2574 tantum
539 2509 641 2594 primis
664 2510 750 2574 libris
781 2510 986 2573 continentur.
1032 2508 1096 2575 Has
1119 2509 1212 2596 igitur

89 2614 255 2697 scripturas
270 2622 312 2691 et,
330 2614 356 2677 si
372 2633 430 2696 qna
444 2612 503 2675 ulia
518 2611 589 2675 mihi
603 2610 1142 2691 nonsatisreoterelatauidebantur,
1159 2633 1212 2696 ap·

88 2716 186 2799 posito
201 2715 448 2800 interrogationis
459 2715 547 2796 signo
560 2714 675 2778 notaui.
700 2712 753 2777 Ex
767 2735 826 2778 uno
839 2716 942 2780 codice
956 2736 995 2779 ex
1009 2717 1112 2780 eodem
1129 2716 1212 2778 iente

88 2827 177 2900 atque
191 2816 250 2881 duo
265 2818 436 2903 superiores
458 2818 546 2883 ducto
567 2816 708 2900 descripti
729 2827 801 2880 suut
815 2815 1030 2903 Egmondanus
1047 2828 1078 2880 et
1092 2815 1211 2880 Vratis·

87 2917 231 2984 lariensis
254 2919 386 3004 primus,
417 2919 467 3002 qui
494 2920 526 3006 in
549 2919 680 2983 minimis
701 2919 867 3002 quibusque
888 2919 980 2982 rebus
1004 2918 1209 2996 consentiunt,

87 3021 161 3085 adeo
177 3031 211 3085 ut
224 3042 279 3106 pro
292 3045 353 3087 nuo
368 3023 471 3087 codiee
484 3021 661 3084 aestimandi
676 3021 747 3083 sint.
783 3018 868 3085 lllius
883 3019 1002 3084 collatio
1017 3039 1035 3082 a
1051 3016 1148 3082 Gudio
1164 3018 1211 3082 in·

87 3124 192 3188 stitute
207 3134 294 3188 extat
307 3126 340 3188 in
355 3122 487 3205 exempl.
504 3119 611 3197 Febr„
628 3122 693 3206 ipse
707 3121 805 3185 codex
824 3143 881 3205 qno
904 3122 1095 3207 peruenerit,
1111 3122 1211 3186 incer·

88 3234 149 3289 tum
164 3236 229 3289 est:
246 3227 338 3300 bunc,
357 3227 407 3308 qui
422 3224 454 3286 in
469 3222 646 3290 bibliotheca
663 3220 877 3308 llbedigerana
889 3245 1014 3289 numero
1029 3234 1077 3288 est
1090 3234 1211 3307 septua-

87 3330 219 3412 gesimus
235 3347 353 3403 nonus,
378 3326 506 3389 contulit
521 3322 736 3393 Scbneideros.
784 3321 864 3391 Sunt
885 3327 915 3393 bi
937 3327 1056 3395 codices
1071 3337 1209 3391 recentes

88 3434 168 3509 (nam
183 3428 412 3514 Egmondanum
428 3450 507 3492 anno
523 3427 618 3509 1345,
636 3430 915 3497 Vratislauiensem'
926 3452 1005 3496 anno
1030 3428 1112 3494 1475
1134 3427 1210 3492 scri·

87 3543 166 3617 ιιιιιιιι
183 3551 251 3596 esse
265 3533 322 3615 ipsi
337 3532 716 3618 librariiprolessisunt)et
731 3533 839 3598 babent
854 3556 914 3597 non
928 3555 1019 3619 pauca
1035 3542 1138 3615 aperte
1154 3551 1208 3614 pro

87 3635 246 3699 scribentis
262 3634 388 3698 arbitrio
404 3646 527 3712 mutata,
545 3647 578 3700 ιιι
593 3657 631 3699 ue
646 3657 712 3700 eum
730 3637 847 3719 quidem
861 3636 1005 3709 codicem,
1022 3635 1209 3698 undetrans·

87 3738 189 3821 scripti
205 3748 288 3816 sunt,
306 3748 457 3801 uetustum
472 3739 565 3803 luisse
580 3749 733 3823 appareat.
765 3737 969 3825 Nihilominus
985 3738 1064 3800 inter
1079 3737 1208 3821 optimos

87 3840 205 3905 codices
228 3839 355 3924 ponendi
378 3849 500 3902 suntet
522 3841 697 3922 quibusdam
719 3840 793 3904 locis
816 3861 882 3904 cum
899 3837 997 3924 Bong.
1021 3860 1063 3922 pr.
1081 3859 1209 3902 consen·

85 3941 181 4020 tiunt‚
205 3943 310 4025 quibus
325 3943 357 4004 in
373 3939 466 4006 Voss.
484 3962 531 4024 pr.
549 3951 580 4004 ct
593 3940 666 4005 Par.
684 3965 730 4027 pr.
748 3943 857 4006 leuiter
880 3941 1028 4006 deflexum
1053 3951 1118 4018 est,
1142 3939 1208 4003 aliis

85 4046 287 4109 necessariam
304 4045 481 4128 scripturam
497 4044 679 4108 deteriorum
694 4045 800 4119 codd,
826 4045 863 4109 de
884 4044 989 4126 quibus
1006 4044 1083 4106 inira
1099 4042 1207 4119 dicam,

87 4147 274 4213 confirmant.
310 4144 418 4222 Velut,
436 4155 470 4207 ut
483 4146 595 4229 insigni
611 4146 749 4231 exemplo
764 4157 849 4224 utar,
866 4142 900 4222 1,
917 4144 976 4219 39,
993 4144 1015 4206 2
1030 4156 1060 4208 et
1075 4144 1104 4207 bi
1121 4142 1206 4206 codd.

89 4257 124 4312 et
137 4249 202 4313 lere
224 4269 327 4313 omnes
350 4249 515 4314 deteriores
531 4246 605 4312 baec
620 4248 749 4314 babentc
775 4256 812 4312 ‘a
835 4248 963 4313 tribunis
981 4247 1108 4311 militum
1121 4262 1209 4328 pree·
