2692 4688
429 195 569 266 Clibffl.
586 197 636 265 111
647 194 746 267 CAP.
762 198 860 267 tls-‘-
876 197 930 267 tc.
1230 197 1292 268 5⁷1

110 391 179 435 oum
201 380 249 448 et,
280 368 371 433 sicuti
392 370 470 434 mari
491 369 684 454 portibusque
697 368 863 436 Caesarem
887 371 1081 456 prohibebat,
1106 373 1148 437 ita
1170 374 1237 458 ipsc

112 473 196 536 omni
211 485 294 535 terra
309 490 411 536 earnm
428 473 585 554 regionum
601 474 832 556 prohibebaturc
850 475 1006 557 praesidiis
1020 475 1099 539 enim
1111 475 1272 559 disponi-2

113 575 265 638 dsomma
279 570 538 638 litoraaCaesare
554 575 746 653 tenebantur,
764 596 861 659 neque
869 576 1001 660 lignandi
1012 577 1237 658 atqueaquandi

55 660 66 680 ’
112 699 214 760 neque
230 696 325 740 naues
341 677 377 739 ad
394 686 503 739 terram
519 676 666 758 religandi
682 689 814 762 potestas
830 679 930 743 tiebat.
969 677 1047 742 Erat
1060 700 1111 742 res
1126 680 1157 742 in
1172 676 1271 743 ιιι-3

75 793 92 845 t
113 800 174 864 qna
190 779 374 856 difficultate,
390 778 573 860 summisque
587 779 733 863 angustiis
748 802 849 844 rernm
866 782 1105 844 necessariarum
1122 802 1238 865 premo·

110 883 240 960 bantur,
264 881 339 945 adeo
363 890 395 942 ut
416 891 597 965 cogerentur
616 882 706 945 sicuti
725 882 871 964 reliquum
887 893 1082 947 commeatum
1098 884 1139 947 ita
1155 884 1236 967 ligna

112 994 202 1067 atque
215 1004 323 1066 aquam
340 978 476 1064 Corcyra
499 982 628 1047 nauibus
650 986 798 1048 onerariis
812 985 1009 1069 subportare,
1034 996 1124 1068 atque
1145 982 1272 1053 etiamd

113 1107 173 1151 sno
189 1100 324 1170 tempore
339 1085 459 1162 accidit,
477 1086 730 1149 utdillieilioribus
746 1087 792 1150 usi
807 1088 1032 1169 tempestatibus
1040 1109 1079 1152 ex
1095 1088 1233 1172 pellibus,

115 1188 221 1272 quibus
237 1198 326 1251 eraut
341 1198 437 1250 tectae
454 1207 558 1263 nuces,
576 1200 756 1251 nocturnum
768 1191 910 1273 excipere
925 1200 1232 1273 rorcmcogcrentcr3

59 1302 92 1357 to
115 1311 189 1374 quas
212 1300 311 1354 tamen
334 1288 522 1353 difficultates
537 1291 686 1373 patienter
700 1302 788 1373 atque
803 1313 898 1374 aequo
913 1293 1013 1356 animo
1028 1293 1166 1357 ferebant
1181 1312 1233 1356 ne·
1248 1289 1269 1357 5

117 1392 246 1476 quesibi
262 1391 401 1454 nudanda
417 1391 507 1454 litora
522 1402 553 1455 et
567 1392 777 1475 relinquendos
792 1405 896 1477 portus
913 1394 1136 1459 existimabant.
1171 1391 1232 1459 Sed
1245 1391 1270 1456 6

114 1516 183 1560 enm
198 1504 301 1558 essent
313 1495 346 1557 in
361 1493 469 1576 quibus
485 1495 686 1558 dencunstraui
702 1497 867 1580 angustiis,
893 1517 928 1560 ac
949 1516 984 1560 se
998 1495 1076 1560 Libo
1098 1518 1165 1560 cum
1181 1493 1234 1561 Bi·

113 1596 183 1662 bulo
197 1596 423 1674 coniunxisset,
449 1595 609 1679 loquuntur
628 1599 715 1661 ambo
731 1619 773 1662 ex
789 1597 914 1662 nauibus
930 1621 997 1662 cum
1012 1597 1069 1662 Μ’.
1086 1598 1188 1662 Acilio
1202 1606 1235 1661 et

114 1696 213 1764 Statio
227 1696 337 1762 blurco
351 1698 477 1781 legatis3
494 1720 619 1785 quorum
635 1700 712 1764 alter
725 1700 821 1784 oppidi
838 1702 950 1780 muris,
976 1702 1056 1765 alter
1077 1699 1233 1784 praesidiis

60 1814 91 1867 ts
115 1801 313 1866 terrestribus
328 1811 484 1885 praeeratc
511 1802 587 1864 uelle
602 1822 637 1864 se
652 1803 688 1865 dc
703 1804 842 1866 maximis
858 1804 948 1867 rebus
964 1824 1028 1866 cum
1045 1799 1171 1866 Caesari
1188 1802 1231 1864 lo·

115 1905 186 1990 qui,
210 1903 238 1967 si
260 1903 304 1967 eis
326 1904 450 1967 lacultas
472 1905 570 1967 detur.
604 1902 672 1966 lluc
697 1906 809 1968 addunt
831 1927 923 1989 pauca
944 1907 987 1969 rei
1012 1901 1267 1968 confirmandae?

116 2025 229 2079 causa,
251 2014 285 2068 ut
305 2006 342 2070 de
362 2007 578 2090 compositione
601 2007 696 2068 acturi
711 2007 896 2070 uiderentur.
928 2005 1051 2070 Interim
1068 2007 1230 2091 postulant,

117 2118 150 2171 nt
164 2107 227 2170 sint
239 2107 383 2187 indutiae,
401 2120 491 2192 atquc
506 2109 543 2172 ab
559 2109 597 2172 iis
613 2109 784 2192 impetrant.
820 2106 962 2192 Magnum
979 2111 1070 2184 enim,
1088 2110 1166 2191 qnod
1182 2111 1232 2172 ad·
1247 2107 1269 2174 8

116 2211 271 2289 serebant,
295 2211 470 2289 uidebatur,
495 2222 523 2274 et
541 2208 705 2275 Caesarem
727 2211 757 2274 id
773 2231 887 2273 suntme
901 2210 1035 2274 sciebant
1050 2231 1179 2292 cupere,
1203 2221 1234 2273 et

59 2323 94 2378 2⁰
118 2313 281 2397 proiectum
296 2312 409 2396 aliquid
419 2312 540 2377 Vibullii
556 2315 702 2377 mandatis
718 2312 957 2377 existimabatur.
977 2308 1092 2373 Caesar
1108 2332 1144 2372 co
1161 2322 1233 2372 tem·
1245 2310 1290 2380 1ss

115 2435 188 2498 pore
203 2437 269 2479 eum
285 2416 403 2498 legione
420 2436 477 2478 una
494 2419 644 2500 prolectas
661 2416 697 2478 ad
713 2415 901 2499 recipiendas
917 2414 1075 2478 ulteriores
1097 2415 1234 2477 ciuitates

115 2528 148 2581 et
161 2538 225 2581 rem
243 2519 467 2581 frumentariam
483 2520 710 2602 expediendam,
729 2541 785 2601 qna
801 2530 927 2602 angusto
943 2519 1097 2596 utebatur,
1116 2529 1181 2581 erat
1195 2517 1234 2580 ad

115 2615 309 2698 Rutbrotum,
326 2623 493 2704 oppositum
511 2619 677 2706 Corcyrae.
716 2619 761 2686 lbi
778 2623 890 2685 certior
912 2623 948 2683 ab
965 2623 1064 2684 Acilio
1079 2633 1110 2683 ct
1127 2618 1233 2684 blurco
1248 2621 1271 2686 2

115 2741 169 2804 per
183 2722 299 2786 litteras
323 2726 418 2786 lactus
442 2724 478 2787 de
501 2726 656 2807 postulatis
673 2722 799 2788 Liburnis
822 2735 852 2787 et
866 2723 963 2786 Bibuli
980 2724 1126 2805 legionem
1144 2722 1234 2785 relin-

57 2831 93 2883 25
116 2823 199 2904 qnit3
215 2825 279 2907 ipse
295 2821 418 2889 Oricum
435 2828 610 2890 reuertitur.
642 2824 689 2890 Eu
705 2849 771 2891 cum
789 2829 938 2903 uenisset,
956 2834 1123 2888 euocantur
1138 2824 1180 2885 illi
1197 2825 1234 2886 ad
1248 2822 1269 2885 3

119 2925 311 3009 colloquium.
357 2926 463 2992 Prodit
478 2927 555 2992 Libo
571 2942 660 3012 atque
675 2941 801 2992 excussat
814 2927 965 2999 Bibulum,
984 2926 1061 3008 qnod
1077 2924 1102 2986 is
1119 2925 1237 2987 iracun-

119 3027 167 3090 dia
182 3049 296 3092 summa
306 3042 371 3093 erat
386 3031 616 3119 inimicitiasque
632 3032 758 3095 babebat
772 3034 861 3095 etiam
879 3030 1010 3112 priuatas
1027 3049 1093 3089 eum
1104 3023 1237 3090 Caesare

123 3150 165 3194 ex
178 3132 327 3195 aedilitate
343 3144 373 3195 et
389 3145 527 3217 praetura
543 3144 718 3216 coraceptas:
736 3133 773 3194 ob
789 3155 853 3197 eam
871 3153 989 3194 causam
999 3131 1174 3212 colloquium
1190 3130 1236 3193 ui·

121 3243 219 3312 tasse,
248 3255 285 3298 ne
308 3256 357 3300 res
380 3238 528 3299 maximae
550 3236 612 3320 spei
630 3236 835 3317 maximaeque
852 3235 988 3297 utilitatis
1005 3234 1068 3297 eius
1083 3232 1238 3296 iracundia

60 3346 95 3398 30
118 3336 341 3422 impedirentur.
360 3337 494 3422 Pompeii
510 3361 653 3402 summam
670 3359 783 3401 esseae
799 3340 890 3402 luisse
905 3358 1023 3422 semper
1038 3338 1233 3411 uoluntatem,
1252 3331 1274 3394 d

227 3580 242 3631 ³
256 3580 344 3630 littora
358 3596 384 3631 u.
491 3581 588 3646 ligandi
602 3597 627 3631 o.
734 3588 811 3647 atquo
825 3579 935 3645 aquandi
948 3578 986 3640 (α)
995 3580 1018 3640 b,
1035 3590 1114 3641 oeque
1126 3573 1239 3640 aquandi

119 3670 146 3706 ιι.
253 3657 483 3725 lCoreprnmcr.
589 3659 752 3724 (subportare
766 3660 794 3718 o)
809 3658 945 3721 deportare
960 3657 984 3704 b.
1097 3653 1238 3700 etiacnuno

120 3748 137 3783 a
152 3733 225 3784 ‘msa
237 3734 366 3799 qua'dcrn',
382 3750 431 3783 uno
445 3735 524 3784 etiam
538 3750 564 3783 u.
724 3734 750 3785 ll
768 3735 844 3783 litora
859 3739 1000 3798 portusque
1017 3728 1198 3794 relinquendos
1212 3726 1236 3777 b.

231 3814 261 3865 13
274 3811 317 3863 Μ’.
333 3812 458 3875 Vrsinus,
472 3811 506 3863 bl.
522 3813 596 3863 codd.
612 3811 674 3862 Vm.
687 3829 710 3861 r.
726 3814 767 3871 39,
786 3812 808 3862 l.
896 3809 1004 3859 Arilleio
1018 3824 1044 3858 u.
1142 3807 1172 3857 lb
1187 3820 1239 3855 mn-

119 3889 197 3940 rimis
210 3891 242 3941 de
255 3905 291 3939 em
303 3907 355 3940 uno
369 3890 422 3940 det.
438 3906 465 3938 u.
575 3891 603 3940 lb
617 3889 655 3938 cis
669 3904 727 3953 rgo,
742 3890 765 3938 ei
779 3890 834 3951 ab,·
849 3889 899 3954 sibi
914 3888 968 3937 eius
982 3903 1009 3935 u.
1121 3885 1152 3937 ld
1165 3884 1239 3934 indn-

118 3968 175 4018 elae
190 3968 241 4032 (o).
365 3968 396 4016 sb
412 3967 451 4015 bis
465 3982 491 4015 o.
614 3964 770 4014 adserebant
783 3979 809 4013 o.
931 3963 1089 4028 continuem
1105 3963 1129 4012 b.

120 4045 230 4098 Vibullii
245 4046 416 4107 ciacconius,
433 4044 515 4096 bibuli
530 4044 607 4093 codd.
712 4043 895 4092 existimabant
910 4043 934 4092 b.
1057 4043 1089 4096 23
1105 4042 1238 4092 bartolum

119 4138 146 4175 o.
253 4124 395 4190 oppositum
406 4122 436 4183 b,·
451 4121 570 4186 oppidum
582 4135 599 4169 u
609 4119 743 4185 ‘rela'qui'‚
759 4136 810 4170 ono.
820 4137 843 4169 e.
948 4120 981 4171 24
991 4120 1095 4186 reliquit
1105 4120 1129 4167 b.

119 4201 153 4253 26
166 4208 245 4267 atquo
258 4200 346 4252 Aldus
358 4205 393 4262 ct,
411 4200 474 4247 ‘celsa'
486 4196 625 4262 mescllo’,
642 4198 671 4258 b,·
686 4212 768 4262 nequo
780 4194 822 4262 (a)
838 4196 971 4261 ‘recoquit
1088 4194 1122 4249 28
1136 4203 1239 4244 causam

121 4292 138 4327 u
154 4280 165 4329 l
179 4278 260 4342 core,
274 4292 327 4326 rem
341 4291 367 4326 u.
472 4275 505 4329 29
519 4274 624 4340 speique
637 4289 663 4323 o.
769 4274 802 4325 bb
816 4272 926 4341 semper]
940 4290 986 4339 per
998 4288 1024 4323 o.
