2684 4694
82 229 150 301 720
477 220 607 290 tutat
630 214 933 289 tttsPatttttttsts

143 399 323 477 accidisset,
346 393 560 461 existimabant
581 412 797 480 propensaque
813 391 1069 477 parsbominuar,
1094 394 1149 476 qai
1173 393 1207 458 io
1230 395 1279 459 bia

111 502 259 575 dotatrix
274 500 416 579 luissent,
433 518 467 563 se
482 516 574 583 prope
590 507 692 582 captos
708 514 789 560 esse.
821 493 888 558 Hoc
903 492 996 559 misso
1012 495 1049 560 ad
1064 490 1172 562 Vliam
1189 516 1277 582 prae·

145 606 222 670 sidio
235 600 364 680 Caesar,
381 612 415 665 ut
423 598 597 684 Pompeium
614 599 651 663 ab
667 619 702 663 ea
718 598 940 682 oppugnatione
954 598 1131 678 deduceret,
1149 595 1279 665 adcor·

109 706 132 773 2
147 706 254 771 dabam
269 703 423 768 contendit
437 722 535 785 exque
549 700 657 766 itinere
672 702 814 766 loricatos
828 700 911 764 uiros
928 701 1023 765 lortas
1044 721 1113 765 cnm
1134 701 1276 786 equitata

147 818 217 873 ante
233 803 406 892 praemisit3
424 804 472 888 qai
489 804 577 867 simul
591 805 623 867 in
638 813 828 889 conspectum
844 800 942 887 oppidi
957 822 992 868 sc
1007 803 1167 884 dederuut,
1185 804 1274 889 equis
1294 815 1310 868 t

111 910 344 995 irecipiuatur.
368 904 436 969 lloo
451 901 721 970 aCordubensibas
737 922 923 988 naquaquam
939 916 1060 990 poterat
1073 906 1205 970 animam
1221 907 1278 971 ad·

146 1014 238 1079 uerti.
277 1008 591 1095 Appropinqaautibus
613 1026 655 1071 ex
683 1006 791 1092 oppido
812 1004 888 1070 bene
917 1026 1025 1092 magna
1048 1007 1204 1072 multitudo
1234 1009 1276 1072 ad

147 1113 311 1199 equitatum
322 1110 536 1175 concidendum
545 1129 612 1173 cnm
621 1109 772 1186 exissent,
789 1109 919 1186 loricati,
937 1120 971 1173 at
983 1128 1071 1195 supra
1080 1109 1274 1196 scripsimus,

147 1236 189 1281 cx
204 1215 289 1297 equis
304 1212 524 1277 descenderunt
545 1223 575 1277 et
594 1232 734 1296 magnum
757 1211 901 1296 proelium
917 1212 1071 1290 lecerunt,
1095 1213 1140 1276 sio
1161 1211 1207 1275 uti
1231 1230 1276 1275 ex

111 1320 131 1385 d
147 1318 263 1384 infinita
278 1315 429 1380 bominum
445 1313 632 1378 multitudine
647 1311 732 1398 pauci
747 1312 779 1376 in
794 1313 932 1397 oppidum
946 1332 981 1378 se
995 1313 1175 1398 reciperent.
1202 1310 1276 1377 lloo
1300 1322 1330 1377 lt

147 1421 257 1484 timore
279 1418 424 1481 adductus
442 1413 520 1480 Sex.
538 1415 698 1501 Pompeius
718 1416 835 1480 litteras
856 1415 944 1479 lratri
958 1415 1056 1494 misit,
1080 1425 1114 1478 ut
1129 1413 1276 1479 celeriter

148 1521 204 1585 sibi
220 1518 354 1582 subsidio
369 1518 507 1596 ueniret,
533 1536 572 1581 ne
595 1517 677 1600 prius
693 1513 812 1582 Caesar
827 1512 995 1581 Cordubam
1011 1526 1150 1600 caperet,
1176 1536 1271 1599 quam

112 1620 212 1706 bipse
226 1619 278 1684 illo
289 1618 433 1681 uenisset.
457 1615 562 1700 ltaque
578 1619 667 1683 lacit:
684 1618 755 1684 Vlia
769 1639 861 1704 prope
876 1629 956 1702 capta
970 1618 1076 1681 litteris
1092 1616 1196 1681 lratris
1213 1637 1274 1682 ex·

112 1722 226 1795 icitur
242 1740 309 1784 cum
323 1720 417 1804 copiis
433 1719 470 1784 ad
486 1717 656 1784 Cordubam
671 1722 732 1786 iter
747 1723 848 1786 lacere
863 1720 969 1806 coepit.
998 1714 1127 1796 Caesar,
1145 1740 1215 1783 oum
1233 1721 1275 1785 ad

148 1825 258 1889 damen
272 1820 391 1887 Baetim
407 1824 542 1887 uenisset
556 1843 651 1907 neque
666 1834 789 1909 propter
808 1823 995 1888 altitudinem
1017 1821 1146 1886 llaminis
1170 1832 1274 1888 trans·
1297 1832 1329 1886 lt

148 1929 195 1990 irc
209 1937 323 2010 posset,
340 1923 485 2009 lapidibus
501 1924 609 1989 corbes
624 1926 729 2010 plenos
745 1925 883 1990 demisita
900 1927 942 1989 ita
956 1927 1079 2009 insuper
1089 1933 1181 2010 ponte
1192 1926 1272 1988 lacto

111 2027 249 2111 2copias
264 2028 301 2090 ad
322 2037 424 2091 castra
440 2028 589 2113 tripartito
605 2028 752 2092 traduxit.
783 2026 922 2093 Tenebat
935 2028 1083 2092 aduersos
1097 2026 1271 2111 oppidanae

111 2128 273 2215 iregionc
287 2130 386 2215 pontis
401 2141 519 2210 castra,
543 2141 576 2195 ut
597 2150 686 2215 supra
708 2129 901 2216 scripsimus,
926 2129 1089 2215 tripartito.
1119 2124 1185 2192 linc
1199 2146 1267 2190 cnm

148 2230 309 2318 Pompeius
324 2253 392 2297 cuna
406 2234 470 2298 suis
485 2233 578 2319 copiis
594 2234 740 2308 uenisset,
757 2252 798 2297 ox
812 2232 941 2297 aduerso
956 2231 1020 2318 pari
1036 2231 1155 2295 ratione
1169 2238 1270 2294 casua

150 2336 244 2420 ponit.
277 2330 410 2414 Caesar,
434 2346 467 2399 at
482 2356 549 2398 eom
565 2335 602 2399 ab
618 2334 724 2420 oppido
738 2345 965 2419 commeatuque
986 2332 1180 2410 excluderet,
1203 2331 1274 2396 bra·
1293 2337 1327 2393 tt

149 2438 247 2501 obium
263 2436 300 2498 ad
317 2447 436 2518 pontem
453 2436 562 2501 ducere
577 2439 685 2521 eoepit.
717 2434 789 2502 Pari
810 2438 887 2501 idem
904 2436 1080 2500 condicione
1095 2431 1267 2519 Pompeius.

113 2535 208 2602 dllio
228 2536 308 2598 inter
330 2537 420 2600 duces
443 2538 517 2600 duos
539 2539 572 2600 lit
592 2541 758 2618 contentio,
774 2551 842 2604 uter
856 2541 938 2624 prius
953 2548 1071 2623 pontem
1088 2544 1269 2621 occuparet3

150 2659 191 2703 ex
206 2658 264 2722 qua
280 2639 472 2703 contentione
488 2638 637 2704 cotidiana
653 2643 766 2706 minuta
781 2641 893 2728 proelia
909 2641 1038 2720 liebant,
1062 2649 1095 2704 ul
1115 2641 1205 2704 modo
1228 2637 1271 2715 bi,

113 2742 133 2808 5
149 2761 367 2824 nonnumquam
383 2742 816 2826 illisoperioreadiaoederent.
834 2740 920 2826 Quae
934 2764 985 2807 res
997 2762 1062 2807 oum
1076 2742 1114 2806 ad
1126 2741 1271 2805 maiorem

150 2846 372 2908 contentionem
387 2845 540 2923 uenisset,
559 2844 595 2908 ab
612 2845 747 2930 utrisque
762 2847 928 2910 comminus
944 2866 1043 2930 pugna
1057 2845 1176 2926 iniqua,
1201 2843 1270 2905 dum
1293 2852 1327 2906 tt

148 2947 282 3031 cupidius
298 2946 394 3010 locum
409 2948 531 3011 student
550 2957 673 3027 tenere,
698 2958 819 3032 propter
840 2957 959 3032 pontem
981 2945 1266 3031 coangustabantur,

113 3045 278 3112 aluminis
300 3050 382 3134 ripas
406 3049 676 3135 adpropinquantes
693 3050 878 3134 coangustati
895 3050 1178 3136 praecipitabantur.
1209 3045 1272 3112 llio

258 3268 269 3320 l
284 3269 414 3321 aoeidlase
426 3286 443 3322 ιι
457 3274 472 3322 b
485 3272 537 3339 ds.
666 3272 852 3324 existimabant
864 3276 880 3327 2
893 3274 970 3339 dett,
986 3273 1138 3325 axistlnaant
1150 3286 1167 3321 a
1181 3269 1270 3336 ΜΛ

148 3345 356 3397 existimaturo.
487 3364 566 3417 propa
579 3364 671 3415 magna
684 3365 700 3400 o
715 3350 730 3400 b
743 3366 756 3399 c
769 3349 818 3415 ds,
832 3365 925 3414 magna
937 3367 964 3401 ιι.
1094 3348 1170 3415 bias,
1183 3347 1217 3397 iia
1230 3349 1273 3409 (a)

147 3423 235 3475 Aldus
247 3439 275 3475 ιι.
380 3425 569 3494 2luisaetas.
676 3426 1056 3493 esse]eaistimarentodd.b.
1163 3430 1274 3491 lexque

147 3520 164 3555 a
178 3505 202 3567 b,
217 3520 249 3555 ex
263 3520 314 3571 qno
327 3518 354 3554 ιι.
461 3507 571 3573 boppidi
586 3507 708 3558 sederunt
721 3522 748 3567 o,
763 3506 849 3572 oppidi
862 3507 990 3558 dederunt
1003 3508 1027 3558 lr.
1130 3505 1205 3571 equis
1220 3503 1275 3553 Ou-

148 3583 388 3648 amdorptoman
401 3583 474 3649 equis
488 3599 504 3634 o
518 3585 533 3634 b
546 3584 580 3648 d,-
593 3586 618 3635 in
632 3586 705 3651 cquis
714 3584 803 3636 Aldus
816 3600 843 3634 ιι.
949 3586 1083 3637 danimom
1096 3582 1199 3633 adnerti
1212 3596 1230 3630 ιι
1244 3582 1273 3645 d,

149 3662 349 3714 nonanimadn.
457 3662 658 3730 ltlreclpenta.
766 3662 794 3714 11
810 3659 871 3714 Sci.
886 3679 917 3728 a,
932 3661 1028 3714 Sextus
1040 3677 1066 3712 ιι.
1173 3656 1205 3710 1³
1218 3656 1274 3707 ita-

149 3755 198 3805 que
213 3740 276 3791 lacit
289 3754 348 3804 ego,
369 3739 457 3806 ltaque
472 3739 536 3790 lacit
548 3748 578 3792 nt
589 3757 606 3791 o
620 3742 635 3792 b
649 3758 679 3805 σς
694 3742 730 3791 ita
744 3739 792 3790 Cn.
803 3740 937 3808 Pompeias
951 3758 979 3793 ιι.
1083 3736 1275 3789 lialtitudinla

149 3818 174 3866 b.
297 3819 424 3884 transire]
440 3819 479 3868 ire
492 3835 508 3868 o
523 3818 547 3869 b.
664 3819 695 3871 lt
709 3818 922 3884 dominicatam,
938 3820 1063 3871 dimisito
1077 3816 1162 3868 ‘msa'

151 3892 184 3946 17
195 3894 302 3945 tenebat
313 3911 331 3944 o
345 3896 369 3959 b,
383 3898 508 3947 tenebant
520 3912 546 3948 ιι.
689 3898 826 3948 aduersum
842 3899 867 3948 b.
1005 3898 1037 3952 ts
1048 3898 1120 3966 ponti
1132 3912 1159 3948 o.

149 3978 237 4022 castra
251 3969 386 4037 Clorltr'oa,
400 3974 488 4025 trabes
501 3974 579 4025 codd.
713 3975 846 4043 tripartito
859 3991 930 4026 onus
943 3977 1009 4041 dat„
1024 3975 1146 4045 bipartito
1160 3975 1271 4042 reliqui.

255 4048 342 4100 baca.
477 4049 688 4104 19ιιιιιοιιι.ιι.
822 4051 1060 4119 tridentanus.
1183 4054 1275 4105 condi·

147 4126 218 4177 tione
231 4124 281 4192 (a).
407 4128 441 4181 tt
455 4142 635 4195 nonuunquam
648 4144 665 4180 a
678 4130 693 4180 b
705 4144 727 4194 r,
742 4129 817 4180 modo
829 4129 916 4181 Addua
929 4147 956 4182 ιι.
1085 4130 1118 4183 25
1133 4129 1198 4181 inita
1211 4146 1275 4183 oum

147 4218 202 4255 ono
214 4203 269 4256 det.
283 4218 313 4254 ιι.
439 4205 473 4256 26
486 4205 688 4267 consolabantur
702 4207 717 4258 b
730 4221 753 4257 o.
883 4207 915 4260 at
929 4208 1040 4259 flaminia
1053 4223 1070 4260 o
1084 4208 1099 4260 b
1112 4225 1136 4273 o,
1150 4216 1176 4259 ct
1191 4209 1276 4261 lluml·

148 4280 189 4330 nia
202 4295 230 4333 ιι.
336 4282 407 4348 ripas
419 4297 436 4331 ιι
450 4281 474 4344 b,
490 4280 562 4347 ripae
575 4296 598 4332 e.
704 4285 938 4353 acpropioqnaatea
950 4300 968 4336 a
980 4301 1003 4336 e.
