2692 4688
552 183 852 250 ...90-

140 366 201 432 tur,
219 353 464 438 participiumque
479 355 610 438 aliquod,
628 356 711 418 uelut
734 355 839 421 ‘caede
854 352 971 418 Genabi
987 354 1094 433 lacta',
1111 356 1263 422 desidera·

140 469 234 521 retur.
259 453 319 521 Sed
335 458 488 540 genitiuus
499 455 639 520 ‘Gerraioi'
655 458 789 521 nonalia
805 457 922 520 ratione
937 468 1021 543 aptus
1037 469 1084 520 est
1099 479 1116 521 0
1134 460 1262 538 ‘caede',

140 582 227 644 quam
246 559 369 643 ‘operis'
386 580 404 622 a
421 559 559 636 ‘lahorc',
577 571 608 622 et
624 560 744 623 ‘caedes
760 556 895 623 Geuabi'
911 580 947 623 en
963 561 1113 623 sententia
1129 561 1262 644 ponitur,

140 683 198 745 qua
214 683 269 725 nos
284 661 409 724 dicimus
426 662 493 724 ‘das
508 661 627 724 hluthad
644 682 702 724 uon
719 658 898 737 Genabum',
915 663 958 725 ita
971 673 1005 726 nt
1018 662 1145 746 genitiui
1160 665 1265 727 eadem

140 762 188 826 uis
203 762 244 825 sit
257 774 348 847 atquc
362 762 502 826 adieetiui
526 760 768 827 ‘Genahensis'.
800 761 937 827 Eandem
957 765 1105 827 rationem
1122 764 1197 827 haee
1213 765 1265 829 ha·

139 863 229 928 beat:
251 860 343 928 Caes.
361 864 391 926 h.
409 862 490 928 Gall.
507 863 549 942 V,
567 863 620 943 54,
637 865 658 928 4
675 862 797 929 ‘Gallici
812 865 881 930 belli
897 866 1027 944 ollicia',
1051 865 1081 928 b.
1099 866 1158 929 ciu.
1176 863 1212 944 I,
1230 866 1263 944 4,

140 963 161 1030 5
178 962 563 1050 ι11011111008111000011,
581 964 624 1046 Il,
642 967 696 1048 32,
715 968 755 1032 13
777 964 990 1033 ‘Corliniensis
1005 969 1185 1054 ignominia,
1203 966 1264 1033 lta·

140 1068 199 1132 liae
215 1071 296 1153 luga,
313 1067 526 1153 Hispaniarum
534 1068 656 1149 deditio,
673 1070 772 1135 Africi
788 1071 858 1134 belli
870 1071 1075 1154 praeiudicia',
1094 1069 1175 1133 llirt.
1188 1068 1264 1135 Vlll

141 1172 236 1254 prael.
254 1170 315 1254 §.2
332 1171 549 1236 ‘commentarii
565 1194 667 1237 rerum
682 1184 834 1259 gestarum
845 1171 985 1252 Galliae',
1003 1194 1030 1236 0.
1043 1171 1097 1245 48,
1118 1169 1157 1234 10
1173 1173 1263 1254 ‘quud

140 1272 304 1357 insequens
326 1295 424 1338 annus
447 1274 545 1338 nullas
568 1275 657 1340 hahet
679 1296 859 1360 magnopere
875 1273 992 1338 Galliae
1011 1295 1062 1338 ros
1078 1269 1207 1357 gestae',
1231 1274 1261 1337 b.

140 1375 234 1440 Alex.
252 1375 305 1455 42,
322 1377 343 1440 1
361 1378 443 1460 ‘luga
458 1374 626 1442 Pharsalici
642 1379 771 1462 proelii',
789 1374 858 1442 Cio.
870 1375 1016 1454 Verr.V,
1033 1373 1066 1449 6,
1086 1376 1126 1439 14
1143 1376 1265 1440 ‘bellum

141 1475 248 1542 ltaliae
264 1479 482 1563 fugitiuorum',
499 1480 576 1562 quod
592 1500 620 1542 c.
641 1478 692 1557 15,
710 1478 752 1544 39
768 1480 876 1544 dicitur
899 1476 1053 1542 ‘Italicum
1070 1478 1264 1560 lugitiuorum

141 1579 274 1658 bellum',
292 1601 345 1663 pro
362 1577 451 1645 Sext.
469 1579 531 1659 50,
550 1578 612 1644 1116
635 1581 788 1645 ‘ludorum
804 1582 1059 1666 gladiatorumque
1074 1581 1263 1660 consessus',

141 1702 217 1764 quos
232 1680 285 1757 51,
305 1681 365 1746 115
390 1683 601 1768 ‘gladiatorios
617 1685 795 1747 consessns'
817 1684 962 1766 appellat,
978 1703 1032 1765 pro
1047 1679 1158 1745 Flacco
1174 1704 1204 1765 p.
1222 1681 1261 1747 81

142 1780 239 1848 01011.
259 1783 455 1867 1111000100,
480 1782 610 1863 Galliae,
628 1781 766 1863 Ciliciae,
785 1781 897 1849 Cretae
914 1784 988 1847 uitia
1002 1794 1034 1847 et
1048 1783 1190 1868 llagitia',
1211 1804 1266 1868 pro

141 1883 268 1951 Plancio
281 1886 315 1964 9,
331 1886 375 1950 24
393 1887 502 1951 ‘ollicia
518 1899 697 1972 quaesturae
712 1886 963 1970 tribunatusque',
981 1884 1061 1949 Phil.
1078 1883 1112 1964 l,
1138 1884 1199 1964 15,
1222 1882 1265 1949 21

146 1988 377 2071 ‘Apollinarium
393 1989 527 2052 ludorum
543 1990 688 2075 plausus',
706 1985 786 2063 Vll,
803 1987 836 2065 5,
855 1988 894 2052 15
919 1989 1054 2052 ‘scelera
1069 1987 1176 2051 urbani
1191 2008 1264 2051 con·

142 2091 282 2168 sulatus',
300 2092 388 2175 epist.
406 2093 443 2155 ad
456 2088 497 2173 Q.
515 2094 601 2157 lrntr.
619 2089 646 2171 1,
666 2093 697 2172 1,
714 2091 755 2156 25
773 2088 906 2176 ‘Mysiae
921 2090 1099 2169 latrocinia’,
1117 2099 1192 2153 orat
1208 2088 1264 2164 31,

145 2191 206 2256 111
225 2194 332 2259 ‘oratio
350 2195 442 2259 lalsae
457 2196 640 2277 legationis',
661 2192 737 2260 Sall.
755 2190 822 2277 lug.
841 2192 881 2257 33
904 2192 1033 2259 ‘Romae
1047 2191 1264 2275 Numidiaeque

142 2296 299 2375 laciuosa',
317 2296 395 2361 Tac.
412 2318 483 2360 ann.
500 2295 590 2373 XIV,
607 2296 628 2360 1
646 2298 708 2359 ‘uia
723 2294 857 2360 Miseni’.

228 2398 266 2463 C.
284 2398 337 2476 311,
354 2398 374 2460 1
391 2400 463 2462 haec
480 2400 511 2462 in
527 2399 612 2461 codd.
631 2399 789 2482 leguntur:
824 2395 939 2463 ‘Simul
960 2400 991 2463 iu
1006 2419 1088 2483 spem
1103 2396 1266 2462 ueniebant

144 2501 210 2564 eius
224 2500 423 2563 allirmatiuue
444 2502 480 2563 dc
503 2500 626 2583 reliquis
648 2500 844 2581 adiungendis
865 2501 1056 2577 ciuitatibus,
1081 2501 1266 2585 primumque

144 2622 181 2666 00
198 2613 330 2686 tempore
339 2599 418 2663 Galli
435 2612 535 2666 castra
551 2602 667 2665 munire
682 2602 879 2666 instituerunt
892 2604 978 2668 etsie
992 2616 1065 2668 sunt
1079 2604 1179 2668 animo
1193 2622 1266 2666 eou-

144 2703 290 2779 sternati,
314 2703 448 2767 homines
468 2704 580 2767 insueti
595 2703 725 2783 laboris,
751 2705 915 2780 momnis,
941 2726 1018 2789 quae
1031 2707 1265 2791 imperarentur,

144 2807 201 2872 sibi
216 2807 354 2893 patienda
372 2807 603 2870 existimarent’.
648 2804 719 2870 Non
742 2807 915 2891 negauerim
937 2808 1073 2891 equidem
1089 2817 1267 2871 consterna·

143 2911 226 2975 tione
240 2911 366 2994 quadam
381 2909 472 2974 animi
487 2910 551 2973 lieri
567 2929 674 2992 posse,
694 2921 728 2974 ut
741 2910 848 2994 aliquis
863 2929 967 2973 omnes
982 2907 1101 2973 labores
1116 2909 1153 2973 ab
1169 2910 1268 2973 altaro

142 3012 296 3078 iniunctos
318 3015 467 3098 patienter
490 3014 641 3098 perieram
666 3033 770 3076 uerum
794 3013 890 3075 oratio
905 3011 1186 3095 Vercingetorigis,
1209 3032 1267 3093 qna

143 3115 229 3192 haec,
246 3137 322 3200 quae
337 3138 428 3201 supra
443 3116 589 3200 excripsi,
608 3117 713 3180 elleeta
729 3127 811 3194 sunl,
829 3136 890 3178 nou
905 3115 1000 3178 solum
1018 3115 1102 3192 nihil,
1119 3135 1180 3201 quo
1196 3134 1268 3177 con·

144 3225 355 3280 sternerentur
371 3216 471 3293 Galli,
495 3219 657 3297 afferebat,
681 3220 734 3284 sed
749 3219 792 3283 ita
807 3228 979 3301 comparata
995 3227 1077 3293 erat,
1103 3228 1135 3279 ut
1150 3216 1268 3279 animos

145 3336 249 3379 eorum
266 3321 489 3402 expugnatione
504 3322 628 3384 Auarici
645 3321 822 3404 perterritos
844 3321 977 3403 erigeret
998 3330 1087 3402 atque
1103 3317 1265 3382 excitaret.

144 3414 250 3500 Itaque
266 3421 350 3502 posui
372 3430 416 3484 ‘et
430 3424 473 3486 sic
489 3435 559 3485 sunt
573 3424 672 3484 animo
688 3423 876 3485 corrsrrmati'.

232 3518 271 3584 C.
293 3519 346 3598 34,
369 3523 381 3585 l
401 3525 478 3588 edidi
502 3523 582 3587 ‘Hoc
599 3524 720 3587 decreto
736 3523 913 3606 interposito
928 3525 1102 3587 cohortatus
1110 3520 1265 3598 Haeduos,

145 3632 178 3685 ut
194 3626 468 3688 controuersiarum
494 3648 530 3688 ac
546 3625 744 3688 dissensionis
760 3623 1012 3690 obliuiscerentnr
1026 3636 1114 3707 atqqe
1129 3625 1269 3690 omuibus

146 3724 265 3789 omissis
280 3725 369 3789 rebus
387 3728 452 3790 huic
468 3728 546 3792 bello
562 3728 721 3793 seruirent'
738 3736 810 3790 0011.
861 3724 1092 3810 Oudendorpius
1115 3748 1156 3790 err
1177 3728 1266 3791 codd.

148 3826 298 3891 ‘omnihus
314 3829 434 3892 omissis
451 3831 495 3894 luis
519 3831 626 3894 rehus'
650 3829 826 3893 restituerat
847 3829 899 3892 llas
924 3849 973 3892 res
996 3826 1223 3893 controuersias
1237 3839 1271 3893 et

145 3929 363 3992 dissensionem
379 3929 436 3992 dici
452 3951 588 3995 mouens.
620 3929 653 3995 Id
670 3953 707 3995 ne
723 3929 901 3995 Beroaldum
918 3932 1052 4015 quidem,
1070 3931 1269 4014 comprimus

146 4050 309 4114 pronomen
325 4032 449 4109 deleret,
466 4034 580 4114 lugissc
595 4033 737 4111 arbitror,
762 4034 814 4098 scd
830 4034 967 4113 uidebat,
992 4035 1022 4097 ni
1039 4034 1146 4109 lallor,
1164 4054 1201 4097 ea
1216 4054 1269 4097 ra-

146 4133 228 4196 tione
250 4135 375 4197 eandem
397 4155 461 4197 rern
482 4135 549 4199 sine
571 4158 664 4200 cansa
691 4135 738 4201 bis
761 4136 918 4200 inculcari.
966 4135 1084 4201 Contra
1110 4135 1268 4200 ‘omuibus

147 4235 266 4301 omissis
281 4236 381 4301 rebus'
398 4238 435 4301 nd
450 4258 595 4302 summum
610 4240 739 4304 studium
754 4239 981 4323 significandum
1004 4239 1192 4324 aptissimum
1207 4248 1266 4304 cst.
