2692 4688
531 191 675 261 cartu
688 194 840 265 to-ttt.
1245 194 1312 267 039

128 367 171 431 tir
185 366 428 450 [constantiaque
437 366 581 429 uirtutum
589 378 621 431 et
627 366 901 431 Alexandrinorum
909 366 1113 452 inprudentia]
1124 389 1253 435 consue·

128 470 230 535 tudine
246 478 352 532 nostra
365 468 475 531 castris
490 468 608 533 uallatis
623 468 784 533 sustinuitz
799 489 868 533 cum
883 488 956 532 uero
970 469 1091 534 incaute
1103 480 1192 553 atquo
1203 471 1287 537 in·7

126 573 262 637 colenter
285 569 446 633 succedere
469 589 522 635 eos
545 571 760 635 munitionibus
784 570 919 647 uideret,
943 569 1101 654 eruptione
1123 573 1251 656 undique

125 676 209 738 lacta
229 693 368 757 magnum
384 692 536 737 nummum
552 692 655 737 eorum
671 673 836 738 interiecit.
871 667 1035 753 Quodnisi
1050 673 1182 738 locorum
1198 695 1252 739 no·
1266 673 1288 743 8

87 789 105 841 t
126 776 193 841 titia
210 774 316 857 reliqui
331 792 365 837 se
380 775 530 839 texissent
544 775 709 860 partimque
724 776 756 839 in
774 795 887 852 naues,
905 775 1011 857 quibus
1027 776 1135 841 humen
1151 787 1252 841 trans-

122 879 247 955 ierant,
277 875 482 960 recepissent,
514 877 647 941 funditus
669 875 757 942 deleti
779 886 893 942 essent.
935 871 998 957 Qui
1019 888 1053 939 ut
1073 879 1191 962 paulurn
1212 879 1251 945 ab

121 980 173 1046 illo
196 980 307 1043 timore
323 998 359 1042 se
373 989 571 1056 recrearunt,
596 980 727 1044 adiuncti
741 979 789 1043 his
804 979 856 1062 qui
870 978 1131 1061 subsequebantur
1143 1000 1249 1045 rursus

125 1100 297 1167 oppugnare
311 1077 511 1145 Mithridaten
533 1092 707 1164 coeperunt.
736 1078 872 1147 Mittitur
892 1079 1101 1147 aMitbridate
1125 1081 1306 1153 nannete

125 1178 266 1256 Camari,
280 1183 331 1265 qni
344 1203 408 1247 rem
423 1192 540 1265 gestam
556 1185 716 1267 perterret.
741 1180 906 1269 Cognoscit
921 1205 961 1249 ex
977 1186 1041 1249 suis
1057 1186 1161 1251 eadem
1175 1185 1251 1251 heco

78 1296 103 1350 ttt
124 1285 270 1351 accidisse
284 1305 355 1349 rex.
386 1282 434 1348 lta
448 1306 545 1368 paene
558 1285 614 1351 sub
633 1285 709 1349 idem
725 1296 841 1370 tenipus
857 1297 887 1349 et
901 1307 960 1351 rex
973 1289 1010 1351 ad
1026 1289 1249 1371 opprimendum

122 1384 318 1451 Mithridaten
334 1387 534 1470 proficiscitur
548 1398 581 1451 et
594 1384 711 1453 Caesar
724 1389 761 1451 ad
777 1388 993 1471 recipiendum.
1022 1386 1180 1455 Celeriore
1195 1389 1284 1454 tto-2

123 1488 214 1553 minis
227 1486 292 1553 Nili
315 1489 509 1573 nauigatione
530 1508 588 1553 rex
610 1500 656 1554 est
676 1511 767 1569 usus,
792 1491 901 1573 inquo
916 1512 1052 1575 magnam
1068 1502 1100 1556 et
1114 1502 1248 1576 paratam

125 1589 250 1655 classem
266 1590 404 1655 habebat.
436 1586 555 1655 Caesar
576 1591 678 1657 eodem
701 1592 811 1657 itinere
835 1593 878 1657 uti
894 1593 1000 1670 noluit,
1018 1615 1056 1657 ne
1072 1593 1199 1659 nauibus
1214 1594 1247 1659 in

125 1692 245 1759 llumioe
260 1693 426 1772 dimicaret,
437 1693 490 1759 sed
504 1694 723 1759 circumuectus
738 1706 784 1759 est
798 1714 835 1757 eo
849 1694 936 1773 mari,
946 1696 1023 1778 quod
1038 1695 1162 1760 Africae
1177 1717 1246 1780 par·

78 1805 102 1857 tt
123 1793 162 1858 tis
185 1814 253 1859 esse
268 1795 394 1873 dicitur,
419 1795 509 1859 sicuti
530 1816 621 1880 snpra
636 1797 926 1872 demonstrauimusq
952 1797 1032 1880 prius
1049 1807 1149 1861 temen
1163 1799 1246 1880 regis

124 1898 220 1981 copiis
235 1895 379 1973 occurrit,
395 1918 481 1980 ςιιιιιι
495 1897 523 1963 ia
533 1897 731 1963 Mithridaten
747 1899 869 1979 adgredi
884 1909 997 1982 posset,
1016 1919 1143 1982 eumque
1159 1900 1197 1962 ad
1212 1920 1247 1964 se

127 1998 274 2063 uictorem
295 1996 434 2063 incolumi
455 2001 593 2065 exercitu
614 1999 739 2083 recepit.
780 1995 969 2063 Consederat
991 2021 1057 2064 cunr
1081 2002 1174 2085 copiis
1189 2000 1282 2067 rexi

125 2101 194 2167 luco
207 2110 317 2165 nature
331 2101 465 2179 nunilo,
490 2103 568 2185 quod
583 2112 651 2166 erat
665 2102 732 2186 ipse
744 2101 896 2165 excelsior
912 2102 1038 2184 planicie
1053 2122 1093 2167 cx
1109 2104 1248 2169 omnihus

122 2202 257 2289 partibus
271 2202 423 2281 subiectae
438 2203 531 2269 trihus
547 2215 646 2268 autern
663 2224 702 2267 ex
717 2202 860 2267 lateribus
876 2203 970 2265 uariis
985 2205 1008 2285 †
1024 2224 1168 2285 generum
1183 2225 1247 2267 mu·
1262 2204 1283 2267 1

78 2317 101 2371 tt
124 2304 288 2371 nitionibur
310 2305 485 2390 tegebaturt
510 2328 601 2370 unum
623 2306 702 2371 latus
720 2317 786 2370 erat
801 2304 948 2369 adiectum
964 2304 1076 2367 flumini
1091 2303 1184 2380 Nilo,
1202 2304 1247 2368 al·

126 2419 224 2472 terum
239 2408 404 2473 editissimo
419 2409 487 2473 loco
501 2408 633 2484 ductum,
650 2419 683 2473 ut
698 2419 810 2492 portem
827 2417 992 2471 castrorum
1009 2405 1169 2483 obtineret,
1186 2414 1247 2469 ter·

124 2509 197 2574 tium
214 2509 320 2596 palude
334 2510 522 2595 cingebatur.
545 2509 629 2576 luter
644 2522 743 2577 cestra
760 2522 790 2575 et
803 2507 946 2575 Caesaris
962 2511 1021 2574 iter
1032 2508 1140 2574 llumeu
1152 2509 1247 2573 inter·
1257 2507 1302 2577 29

124 2611 247 2677 cedebat
261 2623 421 2697 angummn
437 2613 590 2677 altissimis
606 2615 692 2698 ripis,
709 2616 787 2698 quod
802 2616 833 2678 in
845 2612 950 2678 Nilum
966 2613 1125 2689 influebat,
1143 2612 1247 2678 aberat

124 2725 223 2780 autern
244 2713 282 2777 ab
304 2715 387 2798 regis
411 2716 519 2781 castris
544 2716 624 2779 milia
639 2737 780 2799 passuum
796 2716 917 2780 circiter
931 2724 989 2777 vlt.
1020 2713 1092 2777 llere
1108 2735 1173 2777 cum
1190 2712 1283 2777 hoc2

78 2826 101 2878 ts
123 2814 230 2880 itincre
245 2817 350 2881 uenire
360 2812 522 2881 Caesarem
538 2819 746 2902 comperisset,
762 2819 924 2900 equitatum
941 2835 1058 2879 omnem
1075 2814 1247 2898 expeditos-

124 2937 182 3000 que
197 2918 328 2983 delecbos
344 2920 458 3002 pedites
473 2922 510 2984 ad
524 2922 555 2985 id
569 2922 678 2985 llumcn
693 2921 787 2995 misit,
798 2919 847 3001 qui
861 2919 988 2983 hansitu
1002 2912 1164 2979 Caesarem
1177 2933 1246 2996 pro-

124 3019 263 3085 hiberent
285 3032 317 3085 et
337 3022 453 3086 eminus
469 3043 510 3086 ex
524 3024 598 3108 ripis
614 3023 757 3107 proelium
773 3022 868 3104 impar
883 3021 1013 3083 inirente
1039 3015 1148 3079 nullum
1165 3015 1244 3079 enim

123 3142 299 3205 processum
320 3122 417 3188 uirtus
440 3125 568 3190 babebat
591 3136 641 3188 aut
663 3123 824 3207 periculum
845 3121 968 3204 ignauia
991 3118 1120 3183 subibat.
1160 3114 1281 3201 Quee3

123 3242 175 3287 res
196 3222 328 3289 incendit
349 3227 452 3291 dolore
466 3227 576 3292 milites
593 3227 765 3311 equitesque
782 3235 921 3303 nostros,
946 3223 1023 3306 quod
1039 3233 1097 3286 tam
1114 3222 1163 3286 diu
1178 3221 1244 3305 pari

78 3335 100 3388 ttt
123 3325 237 3409 proelio
252 3348 319 3391 eom
334 3326 552 3395 Alexandrinis
567 3340 748 3395 certaretur.
773 3325 879 3410 ltaque
895 3325 998 3391 eodem
1012 3336 1145 3409 tempore
1161 3322 1243 3405 equi·
1258 3321 1279 3385 1

124 3546 173 3613 tir]
188 3550 305 3614 potentia
319 3550 366 3601 illo
379 3568 502 3618 rapsace.
517 3569 542 3604 ιι.
670 3552 681 3603 1
697 3551 896 3615 constantiaque
910 3551 1034 3599 uirtutum
1049 3554 1075 3597 ct
1089 3544 1243 3596 hlexuudri-

123 3643 214 3678 norum
233 3628 406 3695 imprudentia
426 3633 515 3682 chod
534 3633 702 3696 reliquique,
723 3646 776 3681 om.
791 3629 851 3679 edd.
865 3634 908 3691 et,
924 3629 960 3677 ‘rc'
977 3628 1115 3689 excerptis
1135 3623 1244 3673 ereden-

123 3703 205 3767 dum',
220 3720 290 3756 ιιιιιιι
304 3705 360 3756 det.
375 3708 489 3775 (inprud.
503 3710 541 3773 c).
613 3710 717 3761 beante
731 3724 757 3758 a.
841 3706 856 3757 o
869 3704 973 3774 paulum
986 3718 1003 3752 a
1013 3703 1036 3765 b,
1052 3700 1183 3767 paululum
1197 3701 1243 3748 At-

124 3782 175 3833 dm
188 3799 217 3831 ν·
340 3785 355 3838 7
369 3787 485 3838 adiuncti
499 3804 516 3838 a
526 3788 569 3851 br,
584 3786 715 3837 adiunctis
728 3803 755 3837 u.
885 3784 925 3834 his
939 3798 955 3832 a
968 3780 1028 3830 edd.
1043 3782 1107 3828 ante
1118 3777 1194 3843 Ata,
1209 3779 1242 3829 iis

121 3858 251 3911 Atalmo.
359 3861 557 3913 9haeeom.b.
663 3862 833 3927 lhitoqneh.
939 3873 1004 3924 pene
1018 3872 1044 3906 α.
1157 3855 1242 3909 tttti-

121 3935 234 3989 tridatem
248 3954 276 3988 a.
384 3940 415 3992 12
428 3957 477 4006 qno
490 3943 503 3992 1
520 3941 598 4002 deth,
614 3955 663 4005 quo
677 3939 786 4004 reliqui.
895 3938 925 3989 tt
940 3944 980 3986 est
992 3951 1008 3985 c
1018 3936 1055 3984 bc
1068 3936 1082 3986 1
1095 3934 1174 4002 dete,
1188 3954 1240 3987 οιιι.

121 4027 149 4062 ιι.
260 4014 291 4067 tt
305 4012 456 4067 Mitridaten
469 4033 496 4068 c.
602 4016 747 4080 adgredior.
871 4013 1136 4065 liconsiderutaet
1149 4030 1183 4065 m.
1196 4031 1241 4081 pr.

123 4087 149 4136 b.
273 4092 314 4141 lex
328 4108 354 4141 a.
480 4093 511 4144 te
525 4091 632 4158 planitie
645 4091 693 4155 (u).
813 4090 843 4144 tt
857 4105 979 4153 generum
994 4089 1088 4153 abed,
1105 4106 1200 4154 genere
1214 4108 1241 4140 ιι.

120 4164 154 4217 Ρ.
166 4167 225 4220 191.
315 4172 348 4224 22
362 4179 448 4221 cestra
461 4171 533 4233 abc,
549 4177 636 4220 castra
652 4169 720 4232 regis
729 4185 755 4218 ιι.
843 4171 877 4221 rt
886 4169 911 4218 ‘a
920 4169 1015 4220 castris
1029 4167 1097 4232 regis
1110 4184 1173 4218 mcc.
1186 4169 1243 4233 ple-

121 4246 218 4311 rtqrre'.
309 4249 342 4301 15
356 4249 497 4315 equitatem
510 4265 536 4299 c.
628 4248 661 4299 30
673 4251 987 4300 certureoturarrteeorr.
1000 4264 1026 4312 n,
1041 4248 1207 4297 decertarent
1217 4246 1241 4294 h.
