2692 4688
514 216 813 287 ...81-

96 389 205 458 Oxou.
230 389 375 475 seriptum
398 400 464 455 ests
490 388 640 457 ‘Tertium
661 394 721 457 iarn
743 393 822 456 bune
844 410 955 458 anuum
975 404 1153 479 regnantem
1167 396 1227 460 iui-

96 494 168 558 niei
190 491 291 578 palam
310 491 411 557 multis
438 513 478 556 ex
500 493 623 559 ciuitate
637 495 808 559 auetoribus
823 494 1063 573 interleeeruut',
1087 496 1226 581 idemque

98 597 129 659 iu
144 593 235 658 Leid.
253 615 315 677 pr.‚
332 594 391 659 uisi
403 596 481 677 quod
497 595 624 660 alterum
642 597 723 660 ‘iam‘
740 608 892 661 seruatum
908 597 1043 676 uidetur3
1067 601 1158 663 uerba
1181 607 1228 665 ‘et

99 698 147 764 iis'
170 709 202 763 et
226 696 318 760 ‘enm'
341 698 430 760 etism
452 697 484 760 in
511 695 592 761 Seal.
611 697 722 761 omissa
738 709 819 762 sunt.
862 694 951 780 Quod
970 709 1069 763 antem
1092 699 1226 766 Aebsin·

100 801 177 865 trine
193 799 320 881 primurn
337 795 508 863 Parisinum
526 800 700 882 pronomine
723 801 813 865 ‘euru'
836 821 943 865 carere
958 801 1012 876 ait,
1029 821 1071 864 ex
1085 823 1152 865 mea
1167 805 1228 866 eol·

101 903 213 967 lotione
228 921 297 964 eum
312 900 474 964 seeundum
489 901 642 984 appellare
657 902 799 967 debuisse
813 914 927 967 eertum
943 915 1000 968 est.

186 1001 284 1066 Paulo
307 1013 391 1087 post,
417 1002 445 1085 §-
469 1002 501 1080 b,
527 1003 560 1065 in
582 1003 719 1069 omnibus
744 1005 830 1068 eodd.
853 1006 998 1090 seriptum
1020 1019 1067 1071 est
1090 1006 1227 1072 ‘Interim

58 1174 61 1181 ,
102 1106 301 1171 eburonibus
323 1103 430 1186 legatis
451 1105 740 1187 quaestoribusqne,
765 1107 870 1189 quibus
891 1107 1025 1191 legiones
1048 1110 1226 1188 tradiderat,

104 1209 215 1273 eertios·
237 1209 335 1271 laetus
359 1205 458 1269 estin
480 1206 606 1270 hiberna
625 1216 804 1292 peruentum
825 1207 982 1292 locumque
1004 1210 1138 1276 bibernis
1161 1234 1229 1276 esse

104 1307 270 1374 munitum'.
297 1306 354 1372 llio
369 1328 436 1371 eum
451 1308 481 1371 id
496 1310 663 1391 quaeritur,
688 1309 832 1392 pluresne
845 1306 965 1376 Caesar
977 1315 1152 1395 quaestores
1168 1336 1229 1379 uno

104 1424 237 1496 tempore
253 1409 403 1487 babuerit,
427 1411 491 1473 lieri
507 1422 617 1495 potest,
642 1420 693 1483 ιιι,
718 1431 783 1473 oum
799 1422 860 1475 tres
876 1413 1047 1496 prouincias
1062 1414 1227 1494 obtineret,

104 1515 172 1579 item
186 1525 251 1577 tres
267 1523 443 1594 quaestores
468 1512 496 1575 ei
518 1514 630 1576 luerint
643 1512 792 1592 attributi,
823 1516 1074 1596 quemadmodum·
1091 1518 1123 1582 in
1147 1515 1227 1583 Sisi-

106 1618 155 1695 lia,
171 1636 240 1679 enm
255 1616 287 1679 in
302 1615 377 1677 duas
392 1614 562 1698 prouincias
577 1615 674 1679 diuise
690 1626 782 1694 esset,
809 1617 945 1698 qasnruis
958 1617 997 1681 sb
1012 1640 1073 1683 uno
1087 1630 1228 1704 praetore

106 1719 311 1794 obtineretur,
336 1718 413 1781 dues
427 1727 603 1800 quaestores
617 1718 712 1781 luisse
728 1732 769 1781 ex
784 1713 851 1781 Cie.
868 1718 900 1782 in
917 1717 1011 1784 Verr.
1028 1717 1069 1797 ll,
1091 1720 1124 1796 4,
1146 1720 1181 1783 ll
1199 1731 1230 1784 et

107 1818 146 1883 42
159 1821 307 1884 uidemus.
332 1815 393 1884 Sed
408 1819 435 1883 si
451 1819 586 1902 singulae
603 1818 775 1902 prouiueiae
791 1839 874 1883 suum
891 1841 1027 1904 quaeque
1041 1833 1230 1904 quaestorem

107 1921 288 1999 babuerunt,
303 1920 335 1984 in
350 1918 447 1984 Gallia
463 1921 606 1985 ulteriore
621 1921 658 1985 ad
674 1922 840 1984 exereitum
856 1942 934 1986 uuus
949 1933 1104 2005 quaestor,
1121 1924 1231 2007 reliqui

106 2026 136 2089 in
149 2026 213 2089 suis
230 2023 393 2106 prouinciis
410 2024 503 2086 luisse
518 2023 612 2086 uideri
630 2023 749 2086 debent.
773 2021 879 2105 ltaque
894 2025 969 2107 apud
979 2020 1141 2089 Caesarem
1157 2045 1230 2088 nus·

107 2146 190 2210 quesn
214 2125 273 2188 uisi
296 2125 352 2188 boe
371 2127 438 2188 loeo
453 2136 483 2188 et
498 2125 586 2188 buius
602 2124 670 2187 libri
684 2147 713 2187 o.
731 2125 784 2202 53,
802 2123 823 2189 6
837 2126 938 2209 plures
953 2135 1128 2208 quaestores
1149 2147 1231 2189 eom·

106 2237 322 2291 memorentur.
364 2227 465 2309 Atque
488 2225 536 2289 bie
558 2226 589 2288 id
610 2227 710 2290 faeere
732 2221 848 2290 Caesar
866 2227 918 2290 uel
931 2227 1000 2289 ideo
1024 2247 1083 2289 non
1099 2237 1228 2309 poterat,

105 2328 183 2412 qnod
197 2329 295 2412 eapite
314 2328 484 2412 superiore,
508 2327 572 2407 ubi,
596 2328 702 2409 quibus
724 2327 859 2413 legiones
883 2328 913 2392 in
938 2328 1062 2392 hiberna
1082 2328 1231 2393 ducendas

105 2430 252 2507 dedisset,
276 2430 425 2514 exposuit,
443 2450 533 2493 nuum
549 2441 663 2493 tantum
678 2442 879 2514 quaestorem,
898 2428 944 2494 Μ.
961 2427 1119 2508 Crassum,
1137 2431 1232 2495 noni·

105 2544 245 2598 ιιιιιιιιι.
268 2531 351 2596 Nam
366 2532 500 2615 quodibi
515 2533 544 2615 ς.
560 2531 626 2596 3in
641 2532 728 2596 oodd.
752 2533 894 2617 seriptum
917 2544 965 2599 est
986 2534 1046 2598 ‘bis
1065 2531 1113 2597 bl.
1137 2528 1232 2598 Cras·

105 2655 170 2699 snm
187 2633 338 2716 Quintum
353 2646 386 2699 et
398 2632 440 2698 L.
457 2632 627 2699 Munatium
641 2631 785 2698 Plausum
807 2645 838 2711 et
853 2631 892 2699 C.
916 2635 1100 2700 Trebonium
1116 2637 1231 2719 legatos

106 2736 276 2821 preeieeit',
305 2748 421 2802 eertum
443 2748 492 2802 est
516 2734 684 2819 ‘Quintum’
708 2758 750 2800 ex
773 2738 960 2821 compendio,
984 2758 1042 2820 quo
1065 2736 1230 2819 ‘quaestor'

106 2838 281 2914 mutatur,
298 2849 397 2903 ortum
408 2860 488 2905 esse.
513 2839 610 2904 Recte
625 2839 718 2925 igitur
732 2834 915 2903 Ciaeeouios
929 2861 983 2922 pro
999 2836 1232 2924 ‘quaestoribus'

106 2941 277 3026 ponendam
293 2941 372 3006 dixit
388 2942 582 3027 ‘quaestore’,
605 2942 683 3024 quod
706 2960 738 3004 se
759 2941 792 3003 in
815 2941 930 3005 dnobus
947 2941 1032 3003 codd.
1051 2939 1154 3002 uaeio
1169 2938 1234 3020 qui·

108 3043 164 3107 bns
178 3042 339 3107 inuenisse
353 3044 406 3107 sit.
444 3043 574 3109 Pluralis
597 3062 740 3107 numerus
756 3042 805 3104 bie
820 3042 851 3104 in
867 3040 1003 3104 omnibus
1026 3041 1111 3104 eodd.
1130 3041 1232 3105 eodem

109 3166 214 3210 errore
235 3154 320 3209 ortus
341 3157 406 3225 est,
436 3167 494 3229 qno
525 3143 582 3224 IV,
615 3143 670 3220 22,
703 3143 723 3208 3
748 3143 779 3206 iu
803 3142 989 3225 interpolatis
1018 3142 1160 3227 scripturn
1188 3151 1235 3206 est

114 3248 356 3335 ‘quaestoribus,
380 3249 487 3333 legatis
500 3243 742 3332 praefectisque',
767 3264 834 3306 eum
850 3243 1056 3309 adiunctorum
1071 3244 1232 3310 uerborum

110 3373 253 3417 nunerus
273 3352 440 3436 enmpendii
459 3352 536 3415 male
550 3348 719 3433 explicandi
736 3367 854 3410 eaumm
875 3347 1044 3430 praeberet.
1083 3344 1236 3429 Quamob-

111 3474 174 3520 rem
195 3475 237 3519 ne
259 3455 357 3518 alteru
382 3453 501 3536 quidem
522 3452 607 3530 loeo,
631 3451 691 3514 bui.
713 3451 765 3514 lib.
790 3447 843 3522 53,
865 3448 897 3526 6,
922 3449 1140 3526 dubitabimus,
1165 3447 1235 3532 quin

112 3558 198 3621 sodd.
214 3558 363 3640 scriptura
379 3554 428 3618 ‘ab
443 3553 484 3618 L.
502 3554 615 3618 Rosuio
630 3563 809 3636 quaestore,
833 3573 919 3634 quem
935 3552 1045 3638 legioni
1062 3553 1170 3616 tertiae
1185 3552 1236 3616 de·

114 3661 208 3724 omae
223 3659 429 3742 preeleeerat,
454 3659 567 3720 eertior
589 3657 686 3720 laetus
701 3653 758 3719 est'
781 3663 853 3717 oett.
871 3674 911 3717 ex
927 3654 1099 3737 compendio
1115 3653 1236 3718 relatiui

112 3782 165 3844 per
192 3778 329 3823 errorem
357 3759 485 3843 repetito
512 3770 583 3821 nata
613 3759 672 3834 sit,
702 3766 842 3839 reeteque
872 3751 1101 3840 Oudendorpius
1132 3776 1237 3819 uocem

115 3859 300 3947 ‘quaestore’
323 3860 477 3924 delendam
491 3859 680 3922 indicauerit.
704 3855 752 3919 M.
769 3851 901 3920 Crassus
917 3858 1009 3935 enim,
1027 3869 1061 3921 ut
1074 3859 1159 3921 modo
1174 3880 1237 3921 mo·

115 3966 185 4044 nui,
211 3965 268 4027 boe
285 3984 366 4026 anno
388 3972 529 4045 quaestor
544 3958 685 4026 Caesaris
701 3969 786 4035 erat,
810 3958 860 4040 qui
876 3959 963 4023 etiam
981 3981 1009 4022 e.
1027 3957 1080 4037 46,
1102 3960 1116 4022 l
1134 3970 1165 4022 et
1180 3956 1236 4033 Vl,

114 4067 148 4145 li,
162 4066 182 4131 1
199 4075 466 4130 eommemoratur.

199 4165 242 4232 C.
258 4166 303 4231 43
325 4166 473 4230 acerrima
493 4166 672 4251 oppugnatio
694 4163 885 4226 hibernorum
896 4161 941 4244 Q.
959 4160 1118 4229 Ciceronis
1133 4181 1239 4225 uarro·

116 4281 184 4350 tar,
208 4292 279 4335 enm
294 4268 374 4334 Calli
390 4267 511 4354 ignibus
525 4268 669 4332 coniectis
692 4285 778 4330 sasas
793 4264 997 4329 Romanorum
1019 4261 1240 4330 stramentieias

143 4371 239 4427 Caesar,
252 4369 290 4417 sd.
306 4369 415 4429 lltppesd.
1010 4367 1032 4429 6
