2692 4688
292 215 615 286 ANTICATONES.
635 215 1026 287 Arorflrfluuuara
1233 221 1298 293 765

36 397 39 401 ’
118 385 225 479 μόνος
254 388 429 473 δεομένων
459 381 605 475 οίνίλαβε
628 382 734 457 πσίλιν
757 386 822 474 τήν
844 390 1006 476 Μαρκίαν
1028 391 1240 480 χηρεύουσαν

118 495 174 560 ἐπί
190 489 337 580 χρήμασι
351 492 499 564 πολλοῖς.
520 485 555 558 Ὁ
569 491 632 577 γδρ
642 484 815 578 Ὁρτήσιος
829 487 995 577 θνήσκων
1009 495 1142 580 ἐκείνην
1153 490 1240 565 α’πί-

118 596 194 660 λιπε
208 591 433 678 κληρονόμον.
463 594 526 666 Εἰς
541 592 562 660 o*
577 593 619 678 δὴ
633 590 780 679 μάλιστα
796 590 1054 681 λοιδορούμενος
1069 593 1087 663 ὁ
1103 599 1239 687 Καῖσαρ

117 698 162 784 τῷ
185 692 329 762 Κάτωνι
351 695 596 782 φιλοπλουτίαν
618 695 777 781 προφέρει
799 697 856 763 καί
877 699 1093 783 μισθαρνίαν
1116 701 1170 768 ἐπί
1193 702 1238 788 τῷ
1308 754 1313 763 .

81 810 97 860 i
120 795 229 885 ηιίμφ.
258 798 303 864 Τί
324 797 389 883 γιίρ
410 797 479 866 ἔδει
500 812 717 887 παραχωρεῖν
737 794 902 885 δεόμενον
919 799 1080 884 γυναικὸς
1103 800 1174 885 ἤτί
1188 800 1238 889 μή

117 896 282 985 δεόμενον
297 895 401 974 αὖθις
416 897 691 987 α’ναλαμβιίνειν,
701 906 730 967 εί
743 901 794 986 μή
809 900 925 989 δέλεαρ
943 906 974 977 ἐξ
989 896 1093 990 α’ρχης
1106 899 1239 992 ιίφείθη

115 1002 154 1067 τὸ
168 998 311 1089 γύναιον
325 1000 483 1090 Ὁρτησίῳ
493 1005 548 1070 καί
562 1003 644 1069 νέαν
652 1008 801 1092 ἔχρησεν,
812 1010 869 1071 tro
877 1005 1047 1071 πλουσίαν
1056 998 1237 1096 α’πολσίβης

204 1105 289 1167 [dem
305 1105 382 1167 ibid.
401 1104 460 1168 54:
492 1101 727 1190 Ἐκπεμφθεὶς
750 1107 784 1174 δὲ
807 1110 853 1180 είς
865 1106 1000 1183 Ἀσίαν,
1024 1100 1067 1176 cc‘r
1082 1121 1154 1181 τοῖς
1169 1113 1238 1176 ἐκεῖ

117 1203 301 1294 συνάγουσι
323 1209 428 1273 πλοῖα
449 1208 505 1275 καί
522 1207 684 1292 στρατωίν
700 1201 868 1293 ω’φὲλιμος
882 1208 1036 1293 γένοιτο,
1055 1210 1238 1295 Σερβιλίαν

61 1319 93 1371 10
115 1308 303 1396 ἐπηγαγετο
318 1307 382 1393 την
396 1305 548 1394 οέδελφήν
564 1310 620 1375 καί
635 1307 674 1375 τὸ
683 1302 898 1377 Λευκούλλου
913 1310 1052 1377 παιδιόν
1068 1315 1099 1387 ἐξ
1111 1312 1237 1398 ἐκείνης

115 1408 264 1498 γεγονός.
285 1405 519 1496 Ἠιιυλούθησε
541 1411 604 1499 γοίρ
626 1408 715 1499 αὐτῷ
732 1408 918 1499 χηρεύουσα
933 1413 988 1479 καί
1004 1411 1174 1480 πελατῶν
1190 1419 1237 1491 είς

113 1513 152 1580 τδ
170 1507 358 1581 α’κόλαστον
372 1510 478 1600 αὐτῆς
493 1514 663 1600 διαβολῶν
678 1509 820 1600 α’φεῑλεν
835 1510 989 1583 ὑποδῦσα
1004 1513 1068 1599 την
1084 1511 1236 1584 α’πδΚοί·

113 1641 196 1682 τωνι
217 1618 371 1704 φρουριίν
394 1620 451 1686 καί
472 1617 608 1703 πλοίνην
630 1618 685 1685 καί
708 1617 844 1684 δίαιταν
867 1619 1034 1692 ἑκουσίως·
1064 1612 1149 1685 Ἀλλ’
1164 1614 1184 1685 ὅ
1196 1643 1235 1706 γε

115 1722 251 1805 Καῖσαρ
275 1718 353 1788 οὐδὲ
379 1722 447 1787 τών
477 1718 529 1787 ἐπ’
557 1720 670 1809 ἐκείνη
694 1722 919 1807 βλασφημιῶν
940 1723 1001 1788 τοῦ
1019 1718 1184 1797 Κοίτωνσς
1199 1726 1230 1789 ἐ·
1335 1802 1342 1813 ,

59 1831 91 1882 ¹5
114 1820 264 1908 φείσατο.

168 1988 560 2056 ΑΡΟΡΗΤΗΕΟΜΑΤΑ
575 1986 672 2054 slva
690 1989 823 2055 DICTA
841 1989 1175 2057 COLLECTANEA.

199 2110 328 2175 Sueten.
350 2109 441 2174 Caes.
460 2107 520 2173 56:
550 2109 706 2173 Feruntur
728 2121 759 2172 et
774 2132 791 2172 a
807 2131 897 2194 puero
914 2124 944 2174 et
960 2113 995 2174 ab
1012 2112 1234 2177 adolescentulo

114 2214 256 2295 quaedam
272 2214 394 2297 scripta,
412 2223 446 2276 ut
460 2212 563 2277 laudes
574 2211 724 2289 Herculis,
744 2210 1050 2296 tragoediaOedipcs‚
1069 2214 1140 2276 item
1157 2213 1234 2276 dicta

112 2316 315 2394 collectanea3
333 2336 406 2398 quos
422 2336 526 2380 omnes
542 2315 658 2381 libellos
674 2317 769 2378 uetuit
783 2314 940 2399 Augustus
956 2315 1113 2399 publicari.

53 2427 87 2481 eo
200 2417 268 2480 Cic.
286 2418 329 2481 od
342 2419 431 2483 Fam.
448 2418 520 2496 IX,
539 2415 599 2496 16,
617 2416 657 2482 3:
681 2417 828 2501 Effugere
844 2429 943 2481 autem
959 2418 986 2480 si
1001 2416 1090 2481 uelim
1107 2419 1234 2484 nonaul-

112 2518 208 2581 lorum
224 2530 309 2584 acute
324 2530 376 2583 aut
390 2522 486 2585 tacete
503 2520 648 2584 dictorum
660 2522 793 2604 feneam,
804 2522 882 2585 fama
897 2520 1011 2606 ingenii
1027 2519 1099 2583 mihi
1111 2533 1159 2585 est
1170 2520 1234 2585 abi·

110 2621 233 2701 cienda3
252 2623 371 2705 quodsi
387 2644 525 2706 possem,
550 2645 610 2687 non
625 2645 810 2689 recusarem.
844 2619 904 2688 Sed
921 2636 1020 2687 tamen
1035 2623 1100 2707 ipse
1118 2620 1234 2687 Caesar

110 2723 200 2788 habet
215 2746 338 2810 peracre
353 2726 508 2804 iudicium,
526 2737 557 2791 et
572 2722 752 2801 utSeruius,
771 2728 865 2789 irater
881 2737 960 2799 tuus,
976 2746 1061 2806 quem
1079 2726 1234 2789 litteratis-

109 2826 216 2890 simum
233 2829 327 2893 iuisse
341 2830 460 2906 iudico,
477 2830 565 2893 facile
581 2829 711 2893 dicerete
730 2829 777 2891 hic
794 2849 900 2892 uersus
917 2824 1013 2889 Plauti
1032 2848 1090 2889 nen
1107 2837 1165 2905 est,
1183 2826 1231 2890 bic

52 2938 86 2991 te
109 2940 167 3008 est,
179 2932 255 3012 quod
272 2934 359 2996 tritas
374 2954 464 2998 aures
481 2934 605 2996 haberet
621 2932 759 2996 notandis
775 2931 935 3013 generibus
948 2936 1101 3011 poetarum
1118 2939 1148 2990 et
1160 2949 1232 2991 con·

108 3035 267 3096 suetudine
281 3034 420 3116 legendi,
446 3035 490 3098 sic
505 3037 591 3098 audio
609 3034 790 3111 Caesarem,
809 3055 874 3096 cum
892 3032 1042 3095 uolumina
1056 3031 1116 3094 iam
1132 3031 1233 3095 confe-

216 3188 376 3255 ίπρσφίρει
393 3188 541 3239 Palatinus
559 3195 589 3239 et
603 3190 748 3240 Parisinus
761 3187 828 3239 1673
836 3224 844 3250 ,
862 3186 1011 3253 προσφέρει
1029 3189 1123 3237 ceteri.

109 3265 141 3316 16
153 3259 301 3332 ἀδελφιδῆν
312 3267 390 3317 codd.
402 3272 514 3332 praeter
526 3268 602 3318 duos.
709 3269 740 3320 ¹5
749 3267 826 3317 Fieri
835 3270 935 3331 potest,
950 3270 982 3315 ut
993 3281 1024 3316 ea
1037 3282 1152 3332 quoque,
1162 3282 1233 3332 quas

106 3342 271 3393 Plutarchus
287 3345 348 3395 Cat.
364 3349 431 3396 min.
447 3344 476 3396 11
491 3343 588 3409 (ταῦτα
599 3341 650 3412 γὰρ
663 3342 729 3396 ίνιοι
742 3344 817 3406 cett.)
831 3343 862 3394 ³9
877 3342 926 3408 (os.
939 3342 1011 3394 Veii.
1026 3343 1068 3407 11,
1082 3344 1127 3408 ⁴5)
1142 3346 1184 3398 ii.
1199 3343 1232 3395 57

109 3423 137 3469 in
148 3422 249 3471 Catone
261 3423 423 3487 reprehensa
433 3437 489 3471 esee
497 3423 593 3488 refert,
604 3437 639 3470 ece
650 3423 777 3472 Caesaris
787 3420 952 3469 Anticatone
958 3422 1048 3484 petr‘ta
1057 3422 1123 3468 sint.

108 3494 140 3545 16
157 3497 223 3546 Cum
236 3497 396 3562 Μοδιιίρςίιιε
409 3499 446 3549 ad
460 3498 517 3549 Cic.
532 3498 626 3560 defin.
640 3496 688 3560 W,
703 3497 745 3560 26,
761 3497 793 3549 72
807 3496 968 3546 collectanea
983 3501 1012 3545 et
1021 3495 1151 3558 pleraque
1163 3497 1232 3546 eius·

107 3572 168 3622 dene
187 3578 277 3624 exitus
290 3575 425 3625 uocabula
435 3581 499 3640 post
515 3576 670 3626 Ciceronem
684 3579 750 3623 nata
764 3588 820 3622 esse
833 3577 1005 3634 annotasset,
1021 3570 1060 3622 W
1058 3573 1232 3637 erenbergius

107 3654 136 3700 in
149 3651 284 3704 addendi.
296 3653 423 3704 Caesares
437 3653 538 3703 tibrum
550 3667 603 3702 non
616 3653 649 3703 ab
665 3655 722 3717 ipso
734 3652 860 3709 Caesare,
869 3649 918 3699 sed
930 3649 1086 3700 aSuetonio
1095 3651 1164 3701 dicta
1177 3651 1232 3701 col-

107 3728 227 3780 lectacea
241 3732 411 3796 appeliatum
423 3747 480 3783 esse
492 3735 660 3795 suspicatur.
681 3730 758 3797 Quod
769 3735 800 3779 at
813 3744 908 3778 uerum
921 3744 977 3778 esse
987 3733 1093 3794 potest,
1108 3732 1148 3780 ita
1160 3731 1232 3782 nitsii

105 3808 230 3870 impedit,
241 3824 293 3872 quo
305 3812 404 3871 minus,
417 3813 448 3856 ut
458 3808 551 3859 Cicero
565 3807 614 3857 itio
629 3808 687 3858 toea
697 3811 804 3874 primus
818 3807 968 3856 reiectanea
981 3808 1103 3873 sen'psit,
1114 3811 1152 3857 sie
1163 3811 1232 3860 Cas·

104 3901 193 3935 earem
204 3891 322 3950 primum
335 3887 498 3936 collectanea
512 3887 616 3936 dixisse
628 3892 793 3938 statuamus.
809 3886 959 3947 Ciceronis,
974 3888 1051 3934 euius
1065 3888 1180 3951 epistola
1193 3888 1231 3940 ad

103 3963 181 4013 λ’σιιι.
196 3962 251 4027 IX,
267 3964 298 4013 16
311 3979 383 4014 aneso
396 3963 429 4016 46
441 3967 546 4030 scripta
559 3969 612 4027 est,
629 3969 658 4013 et
668 3965 798 4016 Suetonii
810 3965 967 4015 testimonia
980 3962 1012 4014 de
1026 3968 1160 4031 tempore,
1176 3983 1229 4032 quo

104 4041 148 4091 iss'c
161 4041 231 4090 iiber
242 4057 259 4091 a
275 4042 392 4092 Caesare
403 4044 522 4106 scriptus
535 4045 580 4101 sit,
593 4047 664 4092 reete
673 4043 849 4092 Drumannus
863 4043 905 4090 ita
919 4039 1030 4092 uidetur
1041 4045 1114 4093 inter
1125 4061 1153 4093 se
1167 4061 1229 4094 eon-

104 4121 211 4186 citiore,
220 4127 252 4172 ut
264 4121 363 4172 tiorum
372 4121 406 4170 ab
418 4120 589 4171 adolescente
601 4121 760 4170 iacirootum
772 4123 855 4170 etiam
864 4121 994 4170 extremis
1005 4123 1078 4172 uitae
1088 4125 1170 4172 annis
1179 4138 1228 4171 au·

105 4203 180 4250 etum
191 4204 310 4252 statuat.
433 4198 464 4250 17
477 4213 492 4249 a
505 4215 583 4266 puero
597 4197 633 4264 et]
647 4201 759 4250 nituere
773 4198 961 4250 Memmianus.
1083 4199 1116 4256 21
1132 4199 1226 4251 tamam

106 4274 257 4345 Victorius,
272 4296 326 4333 om.
340 4278 487 4336 Mediceis·
593 4278 627 4333 22
641 4278 664 4329 ei
676 4278 834 4345 Caesetius,
846 4277 869 4330 si
882 4276 908 4329 ia
921 4274 998 4329 codd.
