<?xml version="1.0" encoding="UTF-8"?>
<!DOCTYPE html PUBLIC "-//W3C//DTD XHTML 1.0 Transitional//EN"
    "http://www.w3.org/TR/xhtml1/DTD/xhtml1-transitional.dtd">
<html xmlns="http://www.w3.org/1999/xhtml" xml:lang="en" lang="en">
 <head>
  <title>
</title>
<meta http-equiv="Content-Type" content="text/html;charset=utf-8" />
  <meta name='ocr-system' content='tesseract 3.04.00' />
  <meta name='ocr-capabilities' content='ocr_page ocr_carea ocr_par ocr_line ocrx_word'/>
</head>
<body>
  <div class='ocr_page' id='page_1' title='image "./civliicaesarisc02hirtgoog_0031.png"; bbox 0 0 2692 4688; ppageno 0'>
   <div class='ocr_carea' id='block_1_1' title="bbox 502 183 805 249">
    <p class='ocr_par' dir='ltr' id='par_1_1' title="bbox 502 183 805 249">
     <span class='ocr_line' id='line_1_1' title="bbox 502 183 805 249; baseline 0.007 -16"><span class='ocrx_word' id='word_1_1' title='bbox 502 183 805 249; x_wconf 69' lang='lat'>...24-</span> 
     </span>
    </p>
   </div>
   <div class='ocr_carea' id='block_1_2' title="bbox 90 351 1216 1058">
    <p class='ocr_par' dir='ltr' id='par_1_2' title="bbox 90 351 1216 1058">
     <span class='ocr_line' id='line_1_2' title="bbox 91 351 1216 436; baseline 0 -12"><span class='ocrx_word' id='word_1_2' title='bbox 91 381 168 425; x_wconf 91' lang='lat' dir='ltr'><strong>rum.</strong></span> <span class='ocrx_word' id='word_1_3' title='bbox 199 356 306 422; x_wconf 90' lang='lat' dir='ltr'><strong>Naues</strong></span> <span class='ocrx_word' id='word_1_4' title='bbox 323 351 467 420; x_wconf 80' lang='lat' dir='ltr'>Caesaris</span> <span class='ocrx_word' id='word_1_5' title='bbox 482 354 622 419; x_wconf 89' lang='lat' dir='ltr'><strong>dicuntur</strong></span> <span class='ocrx_word' id='word_1_6' title='bbox 637 356 785 420; x_wconf 88' lang='lat' dir='ltr'><strong>‘incertae</strong></span> <span class='ocrx_word' id='word_1_7' title='bbox 802 356 945 421; x_wconf 86' lang='lat' dir='ltr'><strong>locornm’</strong></span> <span class='ocrx_word' id='word_1_8' title='bbox 960 358 994 434; x_wconf 95' lang='grc'>7,</span> <span class='ocrx_word' id='word_1_9' title='bbox 1011 357 1044 436; x_wconf 96' lang='grc'><strong>3,</strong></span> <span class='ocrx_word' id='word_1_10' title='bbox 1070 358 1216 425; x_wconf 85' lang='lat' dir='ltr'><strong>‘incertae</strong></span> 
     </span>
     <span class='ocr_line' id='line_1_3' title="bbox 91 457 1215 542; baseline 0.003 -17"><span class='ocrx_word' id='word_1_11' title='bbox 91 461 225 526; x_wconf 89' lang='lat' dir='ltr'><strong>locorum</strong></span> <span class='ocrx_word' id='word_1_12' title='bbox 247 469 336 542; x_wconf 90' lang='lat' dir='ltr'><strong>atque</strong></span> <span class='ocrx_word' id='word_1_13' title='bbox 358 468 526 522; x_wconf 86' lang='lat' dir='ltr'><strong>castrorum</strong></span> <span class='ocrx_word' id='word_1_14' title='bbox 549 459 680 522; x_wconf 87' lang='lat' dir='ltr'><strong>suorum&#39;</strong></span> <span class='ocrx_word' id='word_1_15' title='bbox 696 457 750 538; x_wconf 91' lang='grc'><strong>24,</strong></span> <span class='ocrx_word' id='word_1_16' title='bbox 768 458 788 522; x_wconf 94' lang='grc'>3</span> <span class='ocrx_word' id='word_1_17' title='bbox 804 469 835 523; x_wconf 90' lang='grc'><strong>54</strong></span> <span class='ocrx_word' id='word_1_18' title='bbox 848 458 903 532; x_wconf 98' lang='grc'><strong>28,</strong></span> <span class='ocrx_word' id='word_1_19' title='bbox 921 459 958 523; x_wconf 76' lang='grc'><strong>15</strong></span> <span class='ocrx_word' id='word_1_20' title='bbox 983 460 1078 525; x_wconf 88' lang='grc'>55555</span> <span class='ocrx_word' id='word_1_21' title='bbox 1094 469 1215 527; x_wconf 83' lang='lat' dir='ltr'><strong>‘natura</strong></span> 
     </span>
     <span class='ocr_line' id='line_1_4' title="bbox 91 557 1214 646; baseline 0.003 -20"><span class='ocrx_word' id='word_1_22' title='bbox 91 561 151 626; x_wconf 91' lang='lat' dir='ltr'><strong>loci</strong></span> <span class='ocrx_word' id='word_1_23' title='bbox 171 559 338 644; x_wconf 86' lang='lat' dir='ltr'><strong>perspecta’</strong></span> <span class='ocrx_word' id='word_1_24' title='bbox 359 561 498 646; x_wconf 81' lang='lat' dir='ltr'><strong>leguntur</strong></span> <span class='ocrx_word' id='word_1_25' title='bbox 519 560 551 638; x_wconf 96' lang='grc'><strong>3,</strong></span> <span class='ocrx_word' id='word_1_26' title='bbox 567 560 599 624; x_wconf 92' lang='grc'><strong>4.</strong></span> <span class='ocrx_word' id='word_1_27' title='bbox 625 560 679 634; x_wconf 87' lang='grc'><strong>38,</strong></span> <span class='ocrx_word' id='word_1_28' title='bbox 694 560 728 625; x_wconf 89' lang='grc'>2.</span> <span class='ocrx_word' id='word_1_29' title='bbox 752 559 806 640; x_wconf 95' lang='grc'>76,</span> <span class='ocrx_word' id='word_1_30' title='bbox 829 559 868 639; x_wconf 73' lang='lat'><strong>3,</strong></span> <span class='ocrx_word' id='word_1_31' title='bbox 894 557 1071 627; x_wconf 88' lang='lat' dir='ltr'><strong>‘Caesarem</strong></span> <span class='ocrx_word' id='word_1_32' title='bbox 1093 567 1214 631; x_wconf 85' lang='grc'>55515-</span> 
     </span>
     <span class='ocr_line' id='line_1_5' title="bbox 90 661 1214 744; baseline 0.002 -16"><span class='ocrx_word' id='word_1_33' title='bbox 90 662 218 728; x_wconf 68' lang='grc'>45445554</span> <span class='ocrx_word' id='word_1_34' title='bbox 241 661 274 742; x_wconf 87' lang='lat'><strong>3,</strong></span> <span class='ocrx_word' id='word_1_35' title='bbox 298 662 330 726; x_wconf 89' lang='grc'><strong>4.</strong></span> <span class='ocrx_word' id='word_1_36' title='bbox 357 661 410 744; x_wconf 91' lang='grc'><strong>56,</strong></span> <span class='ocrx_word' id='word_1_37' title='bbox 433 665 465 728; x_wconf 88' lang='grc'><strong>4.</strong></span> <span class='ocrx_word' id='word_1_38' title='bbox 497 662 551 740; x_wconf 90' lang='grc'><strong>75,</strong></span> <span class='ocrx_word' id='word_1_39' title='bbox 576 663 607 726; x_wconf 89' lang='grc'><strong>5.</strong></span> <span class='ocrx_word' id='word_1_40' title='bbox 630 661 740 743; x_wconf 84' lang='lat'><strong>80,1;</strong></span> <span class='ocrx_word' id='word_1_41' title='bbox 767 663 1123 741; x_wconf 62' lang='grc' dir='ltr'><strong>Ι55554555455544516,</strong></span> <span class='ocrx_word' id='word_1_42' title='bbox 1146 667 1214 732; x_wconf 85' lang='grc'><strong>354</strong></span> 
     </span>
     <span class='ocr_line' id='line_1_6' title="bbox 90 762 1214 846; baseline 0.003 -15"><span class='ocrx_word' id='word_1_43' title='bbox 90 764 144 846; x_wconf 84' lang='grc'><strong>37,</strong></span> <span class='ocrx_word' id='word_1_44' title='bbox 161 764 200 846; x_wconf 72' lang='grc'><strong>25</strong></span> <span class='ocrx_word' id='word_1_45' title='bbox 221 764 393 830; x_wconf 80' lang='lat' dir='ltr'><strong>‘luminibus</strong></span> <span class='ocrx_word' id='word_1_46' title='bbox 409 765 556 830; x_wconf 85' lang='lat' dir='ltr'><strong>accensis&#39;</strong></span> <span class='ocrx_word' id='word_1_47' title='bbox 572 762 614 828; x_wconf 88' lang='grc'><strong>56</strong></span> <span class='ocrx_word' id='word_1_48' title='bbox 629 776 710 829; x_wconf 76' lang='lat' dir='ltr'><strong>extr.</strong></span> <span class='ocrx_word' id='word_1_49' title='bbox 727 764 770 830; x_wconf 81' lang='lat'><strong>89</strong></span> <span class='ocrx_word' id='word_1_50' title='bbox 785 777 888 842; x_wconf 69' lang='lat' dir='ltr'><strong>extr,</strong></span> <span class='ocrx_word' id='word_1_51' title='bbox 910 774 981 829; x_wconf 90' lang='lat' dir='ltr'><strong>‘non</strong></span> <span class='ocrx_word' id='word_1_52' title='bbox 996 768 1130 833; x_wconf 75' lang='lat' dir='ltr'><strong>arbitror</strong></span> <span class='ocrx_word' id='word_1_53' title='bbox 1144 791 1214 834; x_wconf 90' lang='lat' dir='ltr'><strong>esse</strong></span> 
     </span>
     <span class='ocr_line' id='line_1_7' title="bbox 90 864 1212 955; baseline 0.002 -21"><span class='ocrx_word' id='word_1_54' title='bbox 90 867 396 955; x_wconf 85' lang='lat' dir='ltr'><strong>praetermittendum&#39;</strong></span> <span class='ocrx_word' id='word_1_55' title='bbox 417 867 471 945; x_wconf 84' lang='grc'><strong>59,</strong></span> <span class='ocrx_word' id='word_1_56' title='bbox 497 866 516 931; x_wconf 91' lang='grc'>1</span> <span class='ocrx_word' id='word_1_57' title='bbox 539 881 568 932; x_wconf 89' lang='grc'><strong>54</strong></span> <span class='ocrx_word' id='word_1_58' title='bbox 590 864 645 945; x_wconf 94' lang='grc'><strong>84,</strong></span> <span class='ocrx_word' id='word_1_59' title='bbox 672 867 702 931; x_wconf 93' lang='grc'><strong>1.</strong></span> <span class='ocrx_word' id='word_1_60' title='bbox 735 864 797 932; x_wconf 85' lang='lat' dir='ltr'><strong>Sed</strong></span> <span class='ocrx_word' id='word_1_61' title='bbox 819 890 876 952; x_wconf 90' lang='lat' dir='ltr'><strong>qua</strong></span> <span class='ocrx_word' id='word_1_62' title='bbox 899 870 1088 953; x_wconf 71' lang='lat' dir='ltr'><strong>neglegentia</strong></span> <span class='ocrx_word' id='word_1_63' title='bbox 1110 873 1141 934; x_wconf 90' lang='lat' dir='ltr'><strong>in</strong></span> <span class='ocrx_word' id='word_1_64' title='bbox 1157 873 1212 936; x_wconf 86' lang='lat' dir='ltr'><strong>hoo</strong></span> 
     </span>
     <span class='ocr_line' id='line_1_8' title="bbox 90 968 1212 1058; baseline 0.001 -22"><span class='ocrx_word' id='word_1_65' title='bbox 90 991 203 1058; x_wconf 77' lang='lat' dir='ltr'><strong>genere</strong></span> <span class='ocrx_word' id='word_1_66' title='bbox 218 981 357 1035; x_wconf 88' lang='lat' dir='ltr'><strong>uersatus</strong></span> <span class='ocrx_word' id='word_1_67' title='bbox 372 971 413 1033; x_wconf 92' lang='lat' dir='ltr'><strong>sit</strong></span> <span class='ocrx_word' id='word_1_68' title='bbox 426 968 575 1053; x_wconf 76' lang='lat' dir='ltr'><strong>scriptor,</strong></span> <span class='ocrx_word' id='word_1_69' title='bbox 597 970 668 1034; x_wconf 91' lang='lat' dir='ltr'><strong>inde</strong></span> <span class='ocrx_word' id='word_1_70' title='bbox 683 971 792 1054; x_wconf 91' lang='lat' dir='ltr'><strong>optime</strong></span> <span class='ocrx_word' id='word_1_71' title='bbox 804 971 1017 1055; x_wconf 73' lang='lat' dir='ltr'><strong>perspicietur,</strong></span> <span class='ocrx_word' id='word_1_72' title='bbox 1042 975 1119 1057; x_wconf 88' lang='lat' dir='ltr'><strong>quod</strong></span> <span class='ocrx_word' id='word_1_73' title='bbox 1135 996 1212 1037; x_wconf 91' lang='lat' dir='ltr'><strong>noua</strong></span> 
     </span>
    </p>
   </div>
   <div class='ocr_carea' id='block_1_3' title="bbox 35 1070 1213 4328">
    <p class='ocr_par' dir='ltr' id='par_1_3' title="bbox 90 1070 1212 1363">
     <span class='ocr_line' id='line_1_9' title="bbox 90 1070 1212 1159; baseline 0 -19"><span class='ocrx_word' id='word_1_74' title='bbox 90 1094 142 1139; x_wconf 88' lang='lat' dir='ltr'><strong>res</strong></span> <span class='ocrx_word' id='word_1_75' title='bbox 164 1095 235 1140; x_wconf 85' lang='lat' dir='ltr'><strong>raro</strong></span> <span class='ocrx_word' id='word_1_76' title='bbox 256 1073 346 1137; x_wconf 87' lang='lat' dir='ltr'><strong>aliter</strong></span> <span class='ocrx_word' id='word_1_77' title='bbox 366 1093 452 1155; x_wconf 87' lang='lat' dir='ltr'><strong>quam</strong></span> <span class='ocrx_word' id='word_1_78' title='bbox 473 1070 616 1137; x_wconf 86' lang='lat' dir='ltr'><strong>aduerbio</strong></span> <span class='ocrx_word' id='word_1_79' title='bbox 640 1072 783 1137; x_wconf 88' lang='lat' dir='ltr'><strong>‘interim‘</strong></span> <span class='ocrx_word' id='word_1_80' title='bbox 805 1074 995 1159; x_wconf 86' lang='lat' dir='ltr'><strong>adiungitur,</strong></span> <span class='ocrx_word' id='word_1_81' title='bbox 1024 1076 1100 1157; x_wconf 84' lang='lat' dir='ltr'><strong>qnod</strong></span> <span class='ocrx_word' id='word_1_82' title='bbox 1121 1096 1212 1140; x_wconf 82' lang='lat' dir='ltr'><strong>sexa·</strong></span> 
     </span>
     <span class='ocr_line' id='line_1_10' title="bbox 90 1175 1212 1261; baseline -0.001 -19"><span class='ocrx_word' id='word_1_83' title='bbox 90 1176 158 1261; x_wconf 83' lang='lat' dir='ltr'><strong>gies</strong></span> <span class='ocrx_word' id='word_1_84' title='bbox 172 1186 204 1240; x_wconf 88' lang='lat' dir='ltr'><strong>et</strong></span> <span class='ocrx_word' id='word_1_85' title='bbox 218 1175 340 1252; x_wconf 85' lang='lat' dir='ltr'><strong>sexies,</strong></span> <span class='ocrx_word' id='word_1_86' title='bbox 364 1175 392 1239; x_wconf 92' lang='lat' dir='ltr'><strong>si</strong></span> <span class='ocrx_word' id='word_1_87' title='bbox 407 1184 489 1239; x_wconf 89' lang='lat' dir='ltr'><strong>recte</strong></span> <span class='ocrx_word' id='word_1_88' title='bbox 504 1175 676 1254; x_wconf 87' lang='lat' dir='ltr'><strong>numeraui,</strong></span> <span class='ocrx_word' id='word_1_89' title='bbox 699 1177 731 1240; x_wconf 93' lang='lat' dir='ltr'><strong>in</strong></span> <span class='ocrx_word' id='word_1_90' title='bbox 754 1175 901 1242; x_wconf 85' lang='grc'>55544555</span> <span class='ocrx_word' id='word_1_91' title='bbox 917 1177 1060 1261; x_wconf 90' lang='lat' dir='ltr'><strong>scriptum</strong></span> <span class='ocrx_word' id='word_1_92' title='bbox 1077 1188 1142 1256; x_wconf 89' lang='lat' dir='ltr'><strong>est,</strong></span> <span class='ocrx_word' id='word_1_93' title='bbox 1165 1178 1212 1242; x_wconf 88' lang='lat' dir='ltr'><strong>bis</strong></span> 
     </span>
     <span class='ocr_line' id='line_1_11' title="bbox 93 1275 524 1363; baseline -0.012 -19"><span class='ocrx_word' id='word_1_94' title='bbox 93 1277 233 1344; x_wconf 89' lang='lat' dir='ltr'><strong>‘interea’</strong></span> <span class='ocrx_word' id='word_1_95' title='bbox 249 1275 297 1363; x_wconf 87' lang='lat'><strong>(8,</strong></span> <span class='ocrx_word' id='word_1_96' title='bbox 313 1277 346 1340; x_wconf 84' lang='grc'><strong>4.</strong></span> <span class='ocrx_word' id='word_1_97' title='bbox 368 1276 423 1356; x_wconf 87' lang='grc'><strong>44,</strong></span> <span class='ocrx_word' id='word_1_98' title='bbox 441 1276 488 1363; x_wconf 92' lang='grc'><strong>1).</strong></span> <span class='ocrx_word' id='word_1_99' title='bbox 516 1293 524 1299; x_wconf 90' lang='grc'>·</span> 
     </span>
    </p>

    <p class='ocr_par' dir='ltr' id='par_1_4' title="bbox 35 1373 1213 4328">
     <span class='ocr_line' id='line_1_12' title="bbox 177 1373 1213 1467; baseline 0.003 -24"><span class='ocrx_word' id='word_1_100' title='bbox 177 1373 417 1446; x_wconf 83' lang='lat' dir='ltr'><strong>Commentarius</strong></span> <span class='ocrx_word' id='word_1_101' title='bbox 439 1381 476 1445; x_wconf 89' lang='lat' dir='ltr'><strong>dc</strong></span> <span class='ocrx_word' id='word_1_102' title='bbox 495 1382 573 1447; x_wconf 88' lang='lat' dir='ltr'><strong>bello</strong></span> <span class='ocrx_word' id='word_1_103' title='bbox 589 1382 782 1467; x_wconf 78' lang='lat' dir='ltr'><strong>Hispaniensi</strong></span> <span class='ocrx_word' id='word_1_104' title='bbox 805 1401 980 1465; x_wconf 85' lang='lat' dir='ltr'><strong>quamquam</strong></span> <span class='ocrx_word' id='word_1_105' title='bbox 1005 1391 1034 1445; x_wconf 91' lang='lat' dir='ltr'><strong>et</strong></span> <span class='ocrx_word' id='word_1_106' title='bbox 1049 1383 1213 1466; x_wconf 88' lang='lat' dir='ltr'><strong>corruptis·</strong></span> 
     </span>
     <span class='ocr_line' id='line_1_13' title="bbox 89 1482 1210 1567; baseline -0.001 -18"><span class='ocrx_word' id='word_1_107' title='bbox 89 1482 184 1549; x_wconf 82' lang='lat' dir='ltr'><strong>simus</strong></span> <span class='ocrx_word' id='word_1_108' title='bbox 205 1493 253 1548; x_wconf 90' lang='lat' dir='ltr'><strong>est</strong></span> <span class='ocrx_word' id='word_1_109' title='bbox 274 1493 305 1547; x_wconf 89' lang='lat' dir='ltr'><strong>et</strong></span> <span class='ocrx_word' id='word_1_110' title='bbox 326 1483 426 1549; x_wconf 91' lang='lat' dir='ltr'><strong>multis</strong></span> <span class='ocrx_word' id='word_1_111' title='bbox 447 1483 581 1567; x_wconf 84' lang='lat' dir='ltr'><strong>partibus</strong></span> <span class='ocrx_word' id='word_1_112' title='bbox 598 1495 769 1560; x_wconf 88' lang='lat' dir='ltr'><strong>truncatus,</strong></span> <span class='ocrx_word' id='word_1_113' title='bbox 795 1504 855 1547; x_wconf 93' lang='lat' dir='ltr'><strong>non</strong></span> <span class='ocrx_word' id='word_1_114' title='bbox 877 1495 946 1546; x_wconf 91' lang='lat' dir='ltr'><strong>snut</strong></span> <span class='ocrx_word' id='word_1_115' title='bbox 967 1495 1066 1546; x_wconf 88' lang='lat' dir='ltr'><strong>tamen</strong></span> <span class='ocrx_word' id='word_1_116' title='bbox 1090 1485 1146 1547; x_wconf 87' lang='lat' dir='ltr'><strong>hac</strong></span> <span class='ocrx_word' id='word_1_117' title='bbox 1161 1505 1210 1548; x_wconf 92' lang='lat' dir='ltr'><strong>res</strong></span> 
     </span>
     <span class='ocr_line' id='line_1_14' title="bbox 88 1585 1211 1669; baseline 0 -19"><span class='ocrx_word' id='word_1_118' title='bbox 88 1585 318 1669; x_wconf 83' lang='lat' dir='ltr'><strong>impedimento,</strong></span> <span class='ocrx_word' id='word_1_119' title='bbox 342 1606 400 1669; x_wconf 83' lang='lat' dir='ltr'><strong>qno</strong></span> <span class='ocrx_word' id='word_1_120' title='bbox 420 1586 537 1664; x_wconf 91' lang='lat' dir='ltr'><strong>minus,</strong></span> <span class='ocrx_word' id='word_1_121' title='bbox 560 1596 701 1669; x_wconf 90' lang='lat' dir='ltr'><strong>qnantum</strong></span> <span class='ocrx_word' id='word_1_122' title='bbox 732 1586 769 1649; x_wconf 90' lang='lat' dir='ltr'><strong>ad</strong></span> <span class='ocrx_word' id='word_1_123' title='bbox 798 1585 875 1649; x_wconf 90' lang='grc'>5555</span> <span class='ocrx_word' id='word_1_124' title='bbox 902 1587 1106 1668; x_wconf 86' lang='lat' dir='ltr'><strong>quaestionem</strong></span> <span class='ocrx_word' id='word_1_125' title='bbox 1137 1586 1211 1650; x_wconf 86' lang='lat' dir='ltr'><strong>satis</strong></span> 
     </span>
     <span class='ocr_line' id='line_1_15' title="bbox 89 1685 1211 1772; baseline 0 -20"><span class='ocrx_word' id='word_1_126' title='bbox 89 1697 156 1766; x_wconf 85' lang='lat' dir='ltr'><strong>est,</strong></span> <span class='ocrx_word' id='word_1_127' title='bbox 182 1698 267 1751; x_wconf 88' lang='lat' dir='ltr'><strong>certo</strong></span> <span class='ocrx_word' id='word_1_128' title='bbox 283 1688 319 1751; x_wconf 97' lang='lat' dir='ltr'><strong>de</strong></span> <span class='ocrx_word' id='word_1_129' title='bbox 334 1708 370 1751; x_wconf 90' lang='lat' dir='ltr'><strong>co</strong></span> <span class='ocrx_word' id='word_1_130' title='bbox 385 1687 519 1752; x_wconf 87' lang='lat' dir='ltr'><strong>iudicare</strong></span> <span class='ocrx_word' id='word_1_131' title='bbox 533 1688 693 1772; x_wconf 88' lang='lat' dir='ltr'><strong>possimus.</strong></span> <span class='ocrx_word' id='word_1_132' title='bbox 726 1685 814 1770; x_wconf 83' lang='lat' dir='ltr'><strong>Quod</strong></span> <span class='ocrx_word' id='word_1_133' title='bbox 836 1687 928 1770; x_wconf 87' lang='lat' dir='ltr'><strong>igitur</strong></span> <span class='ocrx_word' id='word_1_134' title='bbox 942 1687 974 1750; x_wconf 93' lang='lat' dir='ltr'><strong>in</strong></span> <span class='ocrx_word' id='word_1_135' title='bbox 990 1687 1066 1753; x_wconf 89' lang='lat' dir='ltr'><strong>libro</strong></span> <span class='ocrx_word' id='word_1_136' title='bbox 1081 1691 1117 1752; x_wconf 94' lang='grc'><strong>45</strong></span> <span class='ocrx_word' id='word_1_137' title='bbox 1133 1688 1211 1753; x_wconf 93' lang='lat' dir='ltr'><strong>bello</strong></span> 
     </span>
     <span class='ocr_line' id='line_1_16' title="bbox 88 1788 1211 1875; baseline -0.001 -20"><span class='ocrx_word' id='word_1_138' title='bbox 88 1788 236 1855; x_wconf 74' lang='lat' dir='ltr'><strong>Africano</strong></span> <span class='ocrx_word' id='word_1_139' title='bbox 258 1811 309 1855; x_wconf 91' lang='lat' dir='ltr'><strong>res</strong></span> <span class='ocrx_word' id='word_1_140' title='bbox 331 1802 431 1875; x_wconf 88' lang='lat' dir='ltr'><strong>gestas</strong></span> <span class='ocrx_word' id='word_1_141' title='bbox 453 1791 569 1873; x_wconf 85' lang='lat' dir='ltr'><strong>plenius</strong></span> <span class='ocrx_word' id='word_1_142' title='bbox 591 1810 677 1872; x_wconf 90' lang='lat' dir='ltr'><strong>qnam</strong></span> <span class='ocrx_word' id='word_1_143' title='bbox 706 1789 737 1854; x_wconf 95' lang='lat' dir='ltr'><strong>in</strong></span> <span class='ocrx_word' id='word_1_144' title='bbox 761 1790 964 1873; x_wconf 87' lang='lat' dir='ltr'><strong>superioribus</strong></span> <span class='ocrx_word' id='word_1_145' title='bbox 987 1790 1211 1854; x_wconf 88' lang='lat' dir='ltr'><strong>commentariis</strong></span> 
     </span>
     <span class='ocr_line' id='line_1_17' title="bbox 88 1892 1210 1976; baseline -0.002 -18"><span class='ocrx_word' id='word_1_146' title='bbox 88 1893 202 1958; x_wconf 84' lang='lat' dir='ltr'><strong>relatas</strong></span> <span class='ocrx_word' id='word_1_147' title='bbox 223 1893 374 1967; x_wconf 82' lang='lat' dir='ltr'><strong>diximus,</strong></span> <span class='ocrx_word' id='word_1_148' title='bbox 405 1894 452 1956; x_wconf 88' lang='grc'><strong>545</strong></span> <span class='ocrx_word' id='word_1_149' title='bbox 474 1893 552 1956; x_wconf 89' lang='grc'>44555</span> <span class='ocrx_word' id='word_1_150' title='bbox 571 1892 603 1955; x_wconf 89' lang='grc'><strong>45</strong></span> <span class='ocrx_word' id='word_1_151' title='bbox 625 1913 660 1955; x_wconf 88' lang='grc'><strong>55</strong></span> <span class='ocrx_word' id='word_1_152' title='bbox 684 1903 768 1976; x_wconf 89' lang='lat' dir='ltr'><strong>parte</strong></span> <span class='ocrx_word' id='word_1_153' title='bbox 792 1893 880 1956; x_wconf 91' lang='lat' dir='ltr'><strong>etiam</strong></span> <span class='ocrx_word' id='word_1_154' title='bbox 902 1893 1077 1957; x_wconf 78' lang='lat' dir='ltr'><strong>Africanum</strong></span> <span class='ocrx_word' id='word_1_155' title='bbox 1100 1894 1210 1957; x_wconf 87' lang='lat' dir='ltr'><strong>bellum</strong></span> 
     </span>
     <span class='ocr_line' id='line_1_18' title="bbox 90 1994 1209 2083; baseline 0 -25"><span class='ocrx_word' id='word_1_156' title='bbox 90 2005 227 2078; x_wconf 88' lang='lat' dir='ltr'><strong>superat,</strong></span> <span class='ocrx_word' id='word_1_157' title='bbox 251 1994 296 2059; x_wconf 90' lang='lat' dir='ltr'><strong>ita</strong></span> <span class='ocrx_word' id='word_1_158' title='bbox 317 2006 354 2083; x_wconf 86' lang='lat' dir='ltr'><strong>nt</strong></span> <span class='ocrx_word' id='word_1_159' title='bbox 373 2015 412 2058; x_wconf 90' lang='lat' dir='ltr'><strong>ne</strong></span> <span class='ocrx_word' id='word_1_160' title='bbox 434 1996 573 2060; x_wconf 88' lang='lat' dir='ltr'><strong>minimae</strong></span> <span class='ocrx_word' id='word_1_161' title='bbox 596 1994 712 2079; x_wconf 89' lang='lat' dir='ltr'><strong>quidem</strong></span> <span class='ocrx_word' id='word_1_162' title='bbox 730 2016 781 2059; x_wconf 90' lang='lat' dir='ltr'><strong>res</strong></span> <span class='ocrx_word' id='word_1_163' title='bbox 797 1997 1025 2078; x_wconf 78' lang='lat' dir='ltr'><strong>praetermissae</strong></span> <span class='ocrx_word' id='word_1_164' title='bbox 1042 1997 1209 2070; x_wconf 89' lang='lat' dir='ltr'><strong>uideantur,</strong></span> 
     </span>
     <span class='ocr_line' id='line_1_19' title="bbox 90 2096 1209 2182; baseline -0.002 -20"><span class='ocrx_word' id='word_1_165' title='bbox 90 2118 156 2162; x_wconf 88' lang='lat' dir='ltr'><strong>oum</strong></span> <span class='ocrx_word' id='word_1_166' title='bbox 185 2096 235 2161; x_wconf 93' lang='lat' dir='ltr'><strong>uel</strong></span> <span class='ocrx_word' id='word_1_167' title='bbox 263 2097 449 2181; x_wconf 88' lang='lat' dir='ltr'><strong>singulorum</strong></span> <span class='ocrx_word' id='word_1_168' title='bbox 472 2096 623 2162; x_wconf 87' lang='lat' dir='ltr'><strong>hominum</strong></span> <span class='ocrx_word' id='word_1_169' title='bbox 647 2099 815 2182; x_wconf 79' lang='lat' dir='ltr'><strong>transfugia</strong></span> <span class='ocrx_word' id='word_1_170' title='bbox 838 2119 933 2182; x_wconf 91' lang='lat' dir='ltr'><strong>neque</strong></span> <span class='ocrx_word' id='word_1_171' title='bbox 956 2099 1051 2162; x_wconf 91' lang='lat' dir='ltr'><strong>solum</strong></span> <span class='ocrx_word' id='word_1_172' title='bbox 1072 2099 1209 2176; x_wconf 89' lang='lat' dir='ltr'><strong>militum,</strong></span> 
     </span>
     <span class='ocr_line' id='line_1_20' title="bbox 88 2199 1209 2284; baseline -0.001 -20"><span class='ocrx_word' id='word_1_173' title='bbox 88 2199 143 2265; x_wconf 91' lang='lat' dir='ltr'><strong>sed</strong></span> <span class='ocrx_word' id='word_1_174' title='bbox 173 2200 262 2265; x_wconf 89' lang='lat' dir='ltr'><strong>etiam</strong></span> <span class='ocrx_word' id='word_1_175' title='bbox 292 2200 448 2266; x_wconf 86' lang='lat' dir='ltr'><strong>mulierum</strong></span> <span class='ocrx_word' id='word_1_176' title='bbox 477 2211 566 2284; x_wconf 86' lang='lat' dir='ltr'><strong>atquc</strong></span> <span class='ocrx_word' id='word_1_177' title='bbox 589 2221 769 2279; x_wconf 91' lang='lat' dir='ltr'><strong>seruorum,</strong></span> <span class='ocrx_word' id='word_1_178' title='bbox 799 2201 1003 2283; x_wconf 82' lang='lat' dir='ltr'><strong>speculatores</strong></span> <span class='ocrx_word' id='word_1_179' title='bbox 1033 2201 1209 2282; x_wconf 84' lang='lat' dir='ltr'><strong>deprehensi</strong></span> 
     </span>
     <span class='ocr_line' id='line_1_21' title="bbox 87 2299 1211 2386; baseline -0.003 -19"><span class='ocrx_word' id='word_1_180' title='bbox 87 2301 205 2386; x_wconf 78' lang='lat' dir='ltr'><strong>aliaque</strong></span> <span class='ocrx_word' id='word_1_181' title='bbox 227 2301 429 2367; x_wconf 85' lang='lat' dir='ltr'><strong>huiuscemodi</strong></span> <span class='ocrx_word' id='word_1_182' title='bbox 450 2302 676 2366; x_wconf 84' lang='lat' dir='ltr'><strong>accuratissime</strong></span> <span class='ocrx_word' id='word_1_183' title='bbox 699 2303 863 2386; x_wconf 82' lang='lat' dir='ltr'><strong>perscripta</strong></span> <span class='ocrx_word' id='word_1_184' title='bbox 882 2302 954 2364; x_wconf 88' lang='lat' dir='ltr'><strong>sint.</strong></span> <span class='ocrx_word' id='word_1_185' title='bbox 985 2299 1059 2366; x_wconf 86' lang='lat' dir='ltr'><strong>Item</strong></span> <span class='ocrx_word' id='word_1_186' title='bbox 1076 2301 1122 2365; x_wconf 88' lang='lat' dir='ltr'><strong>hic</strong></span> <span class='ocrx_word' id='word_1_187' title='bbox 1138 2324 1211 2385; x_wconf 91' lang='lat' dir='ltr'><strong>qno-</strong></span> 
     </span>
     <span class='ocr_line' id='line_1_22' title="bbox 87 2403 1207 2489; baseline -0.002 -19"><span class='ocrx_word' id='word_1_188' title='bbox 87 2425 146 2487; x_wconf 85' lang='lat' dir='ltr'><strong>qne</strong></span> <span class='ocrx_word' id='word_1_189' title='bbox 166 2405 243 2468; x_wconf 86' lang='grc'>44555</span> <span class='ocrx_word' id='word_1_190' title='bbox 264 2425 314 2468; x_wconf 91' lang='lat' dir='ltr'><strong>res</strong></span> <span class='ocrx_word' id='word_1_191' title='bbox 329 2416 432 2488; x_wconf 83' lang='lat' dir='ltr'><strong>gestas</strong></span> <span class='ocrx_word' id='word_1_192' title='bbox 447 2406 610 2469; x_wconf 91' lang='lat' dir='ltr'><strong>secundnm</strong></span> <span class='ocrx_word' id='word_1_193' title='bbox 625 2405 767 2487; x_wconf 90' lang='lat' dir='ltr'><strong>temporis</strong></span> <span class='ocrx_word' id='word_1_194' title='bbox 782 2403 914 2466; x_wconf 87' lang='lat' dir='ltr'><strong>ordinem</strong></span> <span class='ocrx_word' id='word_1_195' title='bbox 932 2403 1020 2466; x_wconf 88' lang='grc'>55554</span> <span class='ocrx_word' id='word_1_196' title='bbox 1035 2405 1207 2489; x_wconf 90' lang='lat' dir='ltr'><strong>dispositas,</strong></span> 
     </span>
     <span class='ocr_line' id='line_1_23' title="bbox 89 2505 1210 2589; baseline 0.001 -18"><span class='ocrx_word' id='word_1_197' title='bbox 89 2507 144 2571; x_wconf 89' lang='lat' dir='ltr'><strong>sed</strong></span> <span class='ocrx_word' id='word_1_198' title='bbox 165 2508 240 2570; x_wconf 89' lang='lat' dir='ltr'><strong>adeo</strong></span> <span class='ocrx_word' id='word_1_199' title='bbox 261 2507 435 2581; x_wconf 87' lang='lat' dir='ltr'><strong>fastidiose,</strong></span> <span class='ocrx_word' id='word_1_200' title='bbox 459 2518 492 2570; x_wconf 94' lang='lat' dir='ltr'><strong>nt</strong></span> <span class='ocrx_word' id='word_1_201' title='bbox 513 2508 544 2570; x_wconf 93' lang='lat' dir='ltr'><strong>in</strong></span> <span class='ocrx_word' id='word_1_202' title='bbox 566 2507 655 2589; x_wconf 90' lang='lat' dir='ltr'><strong>longe</strong></span> <span class='ocrx_word' id='word_1_203' title='bbox 678 2505 808 2569; x_wconf 79' lang='lat' dir='ltr'><strong>maxima</strong></span> <span class='ocrx_word' id='word_1_204' title='bbox 829 2516 933 2588; x_wconf 82' lang='lat' dir='ltr'><strong>parte,</strong></span> <span class='ocrx_word' id='word_1_205' title='bbox 957 2506 1026 2569; x_wconf 89' lang='grc'>4545</span> <span class='ocrx_word' id='word_1_206' title='bbox 1049 2507 1086 2570; x_wconf 85' lang='grc'><strong>55</strong></span> <span class='ocrx_word' id='word_1_207' title='bbox 1104 2508 1210 2572; x_wconf 78' lang='lat' dir='ltr'><strong>obses-</strong></span> 
     </span>
     <span class='ocr_line' id='line_1_24' title="bbox 88 2604 1210 2695; baseline 0.003 -23"><span class='ocrx_word' id='word_1_208' title='bbox 88 2609 175 2672; x_wconf 88' lang='lat' dir='ltr'><strong>sione</strong></span> <span class='ocrx_word' id='word_1_209' title='bbox 191 2604 279 2674; x_wconf 88' lang='lat' dir='ltr'><strong>Vliae</strong></span> <span class='ocrx_word' id='word_1_210' title='bbox 295 2629 389 2692; x_wconf 87' lang='lat' dir='ltr'><strong>nsque</strong></span> <span class='ocrx_word' id='word_1_211' title='bbox 404 2607 440 2672; x_wconf 90' lang='lat' dir='ltr'><strong>ad</strong></span> <span class='ocrx_word' id='word_1_212' title='bbox 457 2630 584 2694; x_wconf 87' lang='lat' dir='ltr'><strong>pugnam</strong></span> <span class='ocrx_word' id='word_1_213' title='bbox 598 2606 810 2684; x_wconf 84' lang='lat' dir='ltr'><strong>Mundensem,</strong></span> <span class='ocrx_word' id='word_1_214' title='bbox 834 2629 895 2671; x_wconf 95' lang='lat' dir='ltr'><strong>non</strong></span> <span class='ocrx_word' id='word_1_215' title='bbox 909 2619 1033 2685; x_wconf 87' lang='lat' dir='ltr'><strong>tantum,</strong></span> <span class='ocrx_word' id='word_1_216' title='bbox 1052 2612 1119 2695; x_wconf 83' lang='lat' dir='ltr'><strong>qnid</strong></span> <span class='ocrx_word' id='word_1_217' title='bbox 1135 2633 1210 2675; x_wconf 93' lang='lat' dir='ltr'><strong>nno·</strong></span> 
     </span>
     <span class='ocr_line' id='line_1_25' title="bbox 89 2709 1211 2796; baseline 0.003 -21"><span class='ocrx_word' id='word_1_218' title='bbox 89 2730 205 2796; x_wconf 85' lang='lat' dir='ltr'><strong>qnoque</strong></span> <span class='ocrx_word' id='word_1_219' title='bbox 225 2711 274 2776; x_wconf 91' lang='lat' dir='ltr'><strong>die</strong></span> <span class='ocrx_word' id='word_1_220' title='bbox 293 2722 412 2796; x_wconf 90' lang='lat' dir='ltr'><strong>gestum</strong></span> <span class='ocrx_word' id='word_1_221' title='bbox 434 2712 492 2788; x_wconf 90' lang='lat' dir='ltr'><strong>sit,</strong></span> <span class='ocrx_word' id='word_1_222' title='bbox 524 2709 685 2794; x_wconf 89' lang='lat' dir='ltr'><strong>separatim</strong></span> <span class='ocrx_word' id='word_1_223' title='bbox 706 2711 873 2784; x_wconf 78' lang='lat' dir='ltr'><strong>celeratur,</strong></span> <span class='ocrx_word' id='word_1_224' title='bbox 904 2712 956 2774; x_wconf 92' lang='lat' dir='ltr'><strong>sed</strong></span> <span class='ocrx_word' id='word_1_225' title='bbox 983 2713 1072 2775; x_wconf 85' lang='lat' dir='ltr'><strong>etiam</strong></span> <span class='ocrx_word' id='word_1_226' title='bbox 1096 2715 1158 2777; x_wconf 89' lang='lat' dir='ltr'><strong>dies</strong></span> <span class='ocrx_word' id='word_1_227' title='bbox 1180 2725 1211 2778; x_wconf 88' lang='grc'><strong>54</strong></span> 
     </span>
     <span class='ocr_line' id='line_1_26' title="bbox 87 2810 1209 2899; baseline 0 -20"><span class='ocrx_word' id='word_1_228' title='bbox 87 2825 195 2880; x_wconf 90' lang='lat' dir='ltr'><strong>noctes</strong></span> <span class='ocrx_word' id='word_1_229' title='bbox 210 2824 301 2897; x_wconf 84' lang='lat' dir='ltr'><strong>atque</strong></span> <span class='ocrx_word' id='word_1_230' title='bbox 316 2824 419 2899; x_wconf 83' lang='lat' dir='ltr'><strong>partes</strong></span> <span class='ocrx_word' id='word_1_231' title='bbox 433 2834 536 2878; x_wconf 87' lang='lat' dir='ltr'><strong>earum</strong></span> <span class='ocrx_word' id='word_1_232' title='bbox 552 2813 756 2896; x_wconf 87' lang='lat' dir='ltr'><strong>diiungantur.</strong></span> <span class='ocrx_word' id='word_1_233' title='bbox 788 2810 855 2875; x_wconf 87' lang='lat' dir='ltr'><strong>Etsi</strong></span> <span class='ocrx_word' id='word_1_234' title='bbox 876 2815 1007 2897; x_wconf 88' lang='lat' dir='ltr'><strong>scriptor</strong></span> <span class='ocrx_word' id='word_1_235' title='bbox 1020 2817 1209 2899; x_wconf 73' lang='lat' dir='ltr'><strong>apertissime</strong></span> 
     </span>
     <span class='ocr_line' id='line_1_27' title="bbox 88 2912 1207 3001; baseline -0.003 -18"><span class='ocrx_word' id='word_1_236' title='bbox 88 2917 171 2983; x_wconf 81' lang='grc'>45554</span> <span class='ocrx_word' id='word_1_237' title='bbox 192 2912 406 2994; x_wconf 81' lang='lat' dir='ltr'><strong>Caesarianis,</strong></span> <span class='ocrx_word' id='word_1_238' title='bbox 430 2937 554 2999; x_wconf 88' lang='lat' dir='ltr'><strong>qnorum</strong></span> <span class='ocrx_word' id='word_1_239' title='bbox 578 2914 609 2978; x_wconf 95' lang='lat' dir='ltr'><strong>in</strong></span> <span class='ocrx_word' id='word_1_240' title='bbox 631 2913 770 2977; x_wconf 80' lang='lat' dir='ltr'><strong>exercitu</strong></span> <span class='ocrx_word' id='word_1_241' title='bbox 787 2935 821 2978; x_wconf 95' lang='lat' dir='ltr'><strong>se</strong></span> <span class='ocrx_word' id='word_1_242' title='bbox 836 2915 928 2979; x_wconf 89' lang='lat' dir='ltr'><strong>luisse</strong></span> <span class='ocrx_word' id='word_1_243' title='bbox 943 2937 1034 3001; x_wconf 88' lang='lat' dir='ltr'><strong>saepe</strong></span> <span class='ocrx_word' id='word_1_244' title='bbox 1048 2917 1207 3000; x_wconf 84' lang='lat' dir='ltr'><strong>signifieat,</strong></span> 
     </span>
     <span class='ocr_line' id='line_1_28' title="bbox 86 3017 1210 3104; baseline -0.004 -18"><span class='ocrx_word' id='word_1_245' title='bbox 86 3018 346 3104; x_wconf 83' lang='lat' dir='ltr'><strong>Pompeianosque</strong></span> <span class='ocrx_word' id='word_1_246' title='bbox 368 3018 494 3102; x_wconf 81' lang='lat' dir='ltr'><strong>despicit</strong></span> <span class='ocrx_word' id='word_1_247' title='bbox 515 3029 547 3082; x_wconf 90' lang='grc'><strong>54</strong></span> <span class='ocrx_word' id='word_1_248' title='bbox 568 3017 751 3093; x_wconf 89' lang='lat' dir='ltr'><strong>coutemnit,</strong></span> <span class='ocrx_word' id='word_1_249' title='bbox 775 3025 874 3079; x_wconf 89' lang='lat' dir='ltr'><strong>tamen</strong></span> <span class='ocrx_word' id='word_1_250' title='bbox 900 3017 974 3081; x_wconf 88' lang='grc'>5555</span> <span class='ocrx_word' id='word_1_251' title='bbox 995 3020 1089 3104; x_wconf 89' lang='lat' dir='ltr'><strong>magis</strong></span> <span class='ocrx_word' id='word_1_252' title='bbox 1106 3041 1210 3084; x_wconf 85' lang='lat' dir='ltr'><strong>narra-</strong></span> 
     </span>
     <span class='ocr_line' id='line_1_29' title="bbox 86 3118 1209 3207; baseline -0.002 -21"><span class='ocrx_word' id='word_1_253' title='bbox 86 3122 168 3187; x_wconf 84' lang='lat' dir='ltr'><strong>tione</strong></span> <span class='ocrx_word' id='word_1_254' title='bbox 182 3144 285 3188; x_wconf 92' lang='lat' dir='ltr'><strong>rerum</strong></span> <span class='ocrx_word' id='word_1_255' title='bbox 300 3133 450 3207; x_wconf 84' lang='lat' dir='ltr'><strong>gestarum</strong></span> <span class='ocrx_word' id='word_1_256' title='bbox 465 3142 520 3206; x_wconf 91' lang='lat' dir='ltr'><strong>pro</strong></span> <span class='ocrx_word' id='word_1_257' title='bbox 536 3120 660 3186; x_wconf 88' lang='lat' dir='ltr'><strong>oonsilio</strong></span> <span class='ocrx_word' id='word_1_258' title='bbox 676 3118 814 3182; x_wconf 90' lang='lat' dir='ltr'><strong>instituta</strong></span> <span class='ocrx_word' id='word_1_259' title='bbox 830 3140 915 3202; x_wconf 88' lang='lat' dir='ltr'><strong>quam</strong></span> <span class='ocrx_word' id='word_1_260' title='bbox 932 3120 1209 3185; x_wconf 83' lang='lat' dir='ltr'><strong>ratiocinationibus</strong></span> 
     </span>
     <span class='ocr_line' id='line_1_30' title="bbox 86 3218 1210 3307; baseline -0.002 -19"><span class='ocrx_word' id='word_1_261' title='bbox 86 3235 118 3288; x_wconf 90' lang='grc'><strong>54</strong></span> <span class='ocrx_word' id='word_1_262' title='bbox 139 3224 255 3286; x_wconf 89' lang='lat' dir='ltr'><strong>indiciis</strong></span> <span class='ocrx_word' id='word_1_263' title='bbox 270 3223 514 3307; x_wconf 89' lang='lat' dir='ltr'><strong>interponendis,</strong></span> <span class='ocrx_word' id='word_1_264' title='bbox 539 3234 572 3286; x_wconf 91' lang='lat' dir='ltr'><strong>ut</strong></span> <span class='ocrx_word' id='word_1_265' title='bbox 593 3223 625 3287; x_wconf 91' lang='lat' dir='ltr'><strong>iu</strong></span> <span class='ocrx_word' id='word_1_266' title='bbox 643 3222 719 3286; x_wconf 90' lang='lat' dir='ltr'><strong>libro</strong></span> <span class='ocrx_word' id='word_1_267' title='bbox 735 3221 772 3286; x_wconf 88' lang='lat' dir='ltr'><strong>de</strong></span> <span class='ocrx_word' id='word_1_268' title='bbox 787 3218 864 3284; x_wconf 87' lang='lat' dir='ltr'><strong>bello</strong></span> <span class='ocrx_word' id='word_1_269' title='bbox 879 3223 1024 3286; x_wconf 81' lang='lat' dir='ltr'><strong>Africano</strong></span> <span class='ocrx_word' id='word_1_270' title='bbox 1041 3225 1148 3286; x_wconf 85' lang='lat' dir='ltr'><strong>lactum</strong></span> <span class='ocrx_word' id='word_1_271' title='bbox 1165 3223 1210 3294; x_wconf 84' lang='lat' dir='ltr'><strong>ui-</strong></span> 
     </span>
     <span class='ocr_line' id='line_1_31' title="bbox 86 3322 1208 3407; baseline -0.001 -16"><span class='ocrx_word' id='word_1_272' title='bbox 86 3325 200 3403; x_wconf 75' lang='lat' dir='ltr'><strong>tinus,</strong></span> <span class='ocrx_word' id='word_1_273' title='bbox 224 3324 398 3388; x_wconf 88' lang='lat' dir='ltr'><strong>declaranit.</strong></span> <span class='ocrx_word' id='word_1_274' title='bbox 430 3322 466 3388; x_wconf 96' lang='lat' dir='ltr'><strong>ln</strong></span> <span class='ocrx_word' id='word_1_275' title='bbox 490 3325 626 3389; x_wconf 88' lang='lat' dir='ltr'><strong>oratione</strong></span> <span class='ocrx_word' id='word_1_276' title='bbox 650 3344 744 3407; x_wconf 88' lang='lat' dir='ltr'><strong>panca</strong></span> <span class='ocrx_word' id='word_1_277' title='bbox 766 3323 961 3388; x_wconf 90' lang='lat' dir='ltr'><strong>inueniuntur</strong></span> <span class='ocrx_word' id='word_1_278' title='bbox 980 3325 1050 3390; x_wconf 83' lang='lat' dir='ltr'><strong>belli</strong></span> <span class='ocrx_word' id='word_1_279' title='bbox 1073 3326 1208 3390; x_wconf 81' lang='lat' dir='ltr'><strong>Africani</strong></span> 
     </span>
     <span class='ocr_line' id='line_1_32' title="bbox 84 3425 1207 3509; baseline -0.004 -15"><span class='ocrx_word' id='word_1_280' title='bbox 84 3427 204 3493; x_wconf 88' lang='lat' dir='ltr'><strong>similia.</strong></span> <span class='ocrx_word' id='word_1_281' title='bbox 236 3425 343 3509; x_wconf 78' lang='lat' dir='ltr'><strong>Aeque</strong></span> <span class='ocrx_word' id='word_1_282' title='bbox 366 3427 539 3507; x_wconf 83' lang='lat' dir='ltr'><strong>frequenter</strong></span> <span class='ocrx_word' id='word_1_283' title='bbox 561 3437 649 3509; x_wconf 88' lang='lat' dir='ltr'><strong>atque</strong></span> <span class='ocrx_word' id='word_1_284' title='bbox 669 3425 730 3488; x_wconf 87' lang='lat' dir='ltr'><strong>illic</strong></span> <span class='ocrx_word' id='word_1_285' title='bbox 745 3425 885 3507; x_wconf 89' lang='lat' dir='ltr'><strong>leguntur</strong></span> <span class='ocrx_word' id='word_1_286' title='bbox 901 3428 1089 3493; x_wconf 86' lang='lat' dir='ltr'><strong>‘aduersarii&#39;</strong></span> <span class='ocrx_word' id='word_1_287' title='bbox 1109 3428 1157 3504; x_wconf 90' lang='grc'><strong>(2,</strong></span> <span class='ocrx_word' id='word_1_288' title='bbox 1172 3427 1207 3491; x_wconf 85' lang='grc'>2.</span> 
     </span>
     <span class='ocr_line' id='line_1_33' title="bbox 84 3524 1205 3608; baseline -0.001 -13"><span class='ocrx_word' id='word_1_289' title='bbox 84 3528 119 3606; x_wconf 83' lang='grc'><strong>3,</strong></span> <span class='ocrx_word' id='word_1_290' title='bbox 136 3528 169 3593; x_wconf 88' lang='grc'><strong>8.</strong></span> <span class='ocrx_word' id='word_1_291' title='bbox 201 3527 234 3606; x_wconf 91' lang='grc'><strong>5,</strong></span> <span class='ocrx_word' id='word_1_292' title='bbox 252 3525 283 3591; x_wconf 90' lang='grc'><strong>6.</strong></span> <span class='ocrx_word' id='word_1_293' title='bbox 314 3524 397 3602; x_wconf 92' lang='grc'>6,1.</span> <span class='ocrx_word' id='word_1_294' title='bbox 432 3526 485 3606; x_wconf 89' lang='grc'>16,</span> <span class='ocrx_word' id='word_1_295' title='bbox 502 3527 535 3590; x_wconf 90' lang='grc'><strong>4.</strong></span> <span class='ocrx_word' id='word_1_296' title='bbox 569 3525 621 3604; x_wconf 92' lang='grc'>11,</span> <span class='ocrx_word' id='word_1_297' title='bbox 639 3527 670 3590; x_wconf 90' lang='grc'>3.</span> <span class='ocrx_word' id='word_1_298' title='bbox 704 3525 757 3603; x_wconf 91' lang='grc'><strong>13,</strong></span> <span class='ocrx_word' id='word_1_299' title='bbox 774 3524 806 3590; x_wconf 89' lang='grc'><strong>8.</strong></span> <span class='ocrx_word' id='word_1_300' title='bbox 838 3525 890 3605; x_wconf 84' lang='grc'><strong>15,</strong></span> <span class='ocrx_word' id='word_1_301' title='bbox 906 3528 939 3592; x_wconf 91' lang='grc'><strong>4.</strong></span> <span class='ocrx_word' id='word_1_302' title='bbox 976 3528 1028 3604; x_wconf 92' lang='grc'>18,</span> <span class='ocrx_word' id='word_1_303' title='bbox 1046 3530 1077 3594; x_wconf 89' lang='grc'><strong>5.</strong></span> <span class='ocrx_word' id='word_1_304' title='bbox 1101 3528 1156 3608; x_wconf 86' lang='grc'><strong>26,</strong></span> <span class='ocrx_word' id='word_1_305' title='bbox 1172 3528 1205 3602; x_wconf 82' lang='grc'>2.</span> 
     </span>
     <span class='ocr_line' id='line_1_34' title="bbox 84 3624 1206 3710; baseline -0.001 -13"><span class='ocrx_word' id='word_1_306' title='bbox 84 3630 141 3710; x_wconf 78' lang='lat'><strong>21,</strong></span> <span class='ocrx_word' id='word_1_307' title='bbox 157 3630 189 3695; x_wconf 88' lang='lat' dir='ltr'><strong>t.</strong></span> <span class='ocrx_word' id='word_1_308' title='bbox 212 3629 268 3710; x_wconf 78' lang='grc'><strong>23,</strong></span> <span class='ocrx_word' id='word_1_309' title='bbox 286 3628 304 3692; x_wconf 94' lang='grc'>1</span> <span class='ocrx_word' id='word_1_310' title='bbox 321 3625 459 3693; x_wconf 77' lang='lat' dir='ltr'><strong>euobis.</strong></span> <span class='ocrx_word' id='word_1_311' title='bbox 483 3628 537 3703; x_wconf 77' lang='lat'><strong>24,</strong></span> <span class='ocrx_word' id='word_1_312' title='bbox 554 3624 586 3691; x_wconf 84' lang='grc'><strong>6.</strong></span> <span class='ocrx_word' id='word_1_313' title='bbox 609 3627 666 3704; x_wconf 80' lang='grc'><strong>25,</strong></span> <span class='ocrx_word' id='word_1_314' title='bbox 684 3627 703 3691; x_wconf 89' lang='grc'>3</span> <span class='ocrx_word' id='word_1_315' title='bbox 720 3626 797 3692; x_wconf 79' lang='grc'>548.</span> <span class='ocrx_word' id='word_1_316' title='bbox 821 3627 876 3703; x_wconf 81' lang='grc'><strong>29,</strong></span> <span class='ocrx_word' id='word_1_317' title='bbox 896 3629 1090 3698; x_wconf 83' lang='grc'>3555548.</span> <span class='ocrx_word' id='word_1_318' title='bbox 1114 3631 1206 3708; x_wconf 88' lang='grc'>31,4</span> 
     </span>
     <span class='ocr_line' id='line_1_35' title="bbox 85 3727 1208 3811; baseline -0.001 -12"><span class='ocrx_word' id='word_1_319' title='bbox 85 3731 152 3799; x_wconf 87' lang='grc'><strong>543</strong></span> <span class='ocrx_word' id='word_1_320' title='bbox 168 3743 197 3798; x_wconf 88' lang='grc'><strong>54</strong></span> <span class='ocrx_word' id='word_1_321' title='bbox 213 3732 233 3796; x_wconf 89' lang='grc'><strong>4</strong></span> <span class='ocrx_word' id='word_1_322' title='bbox 248 3732 314 3797; x_wconf 87' lang='grc'><strong>547</strong></span> <span class='ocrx_word' id='word_1_323' title='bbox 330 3729 428 3797; x_wconf 87' lang='grc'>5440.</span> <span class='ocrx_word' id='word_1_324' title='bbox 453 3730 506 3809; x_wconf 94' lang='grc'><strong>32,</strong></span> <span class='ocrx_word' id='word_1_325' title='bbox 523 3730 555 3794; x_wconf 90' lang='grc'><strong>2.</strong></span> <span class='ocrx_word' id='word_1_326' title='bbox 580 3729 635 3805; x_wconf 91' lang='grc'><strong>38,</strong></span> <span class='ocrx_word' id='word_1_327' title='bbox 652 3729 672 3792; x_wconf 89' lang='grc'><strong>5</strong></span> <span class='ocrx_word' id='word_1_328' title='bbox 692 3742 723 3795; x_wconf 89' lang='grc'><strong>54</strong></span> <span class='ocrx_word' id='word_1_329' title='bbox 736 3728 784 3811; x_wconf 78' lang='grc'><strong>6).</strong></span> <span class='ocrx_word' id='word_1_330' title='bbox 815 3727 891 3795; x_wconf 93' lang='lat' dir='ltr'><strong>ltem</strong></span> <span class='ocrx_word' id='word_1_331' title='bbox 910 3745 1083 3799; x_wconf 87' lang='lat' dir='ltr'><strong>constanter</strong></span> <span class='ocrx_word' id='word_1_332' title='bbox 1097 3734 1208 3798; x_wconf 88' lang='lat' dir='ltr'><strong>dicitnr</strong></span> 
     </span>
     <span class='ocr_line' id='line_1_36' title="bbox 86 3832 1207 3919; baseline 0.001 -20"><span class='ocrx_word' id='word_1_333' title='bbox 86 3832 254 3899; x_wconf 87' lang='lat' dir='ltr'><strong>‘conuallis&#39;</strong></span> <span class='ocrx_word' id='word_1_334' title='bbox 277 3833 325 3913; x_wconf 91' lang='grc'>(7,</span> <span class='ocrx_word' id='word_1_335' title='bbox 342 3833 374 3897; x_wconf 94' lang='grc'><strong>4.</strong></span> <span class='ocrx_word' id='word_1_336' title='bbox 404 3833 459 3912; x_wconf 85' lang='grc'><strong>25,</strong></span> <span class='ocrx_word' id='word_1_337' title='bbox 474 3833 508 3899; x_wconf 87' lang='grc'>2.</span> <span class='ocrx_word' id='word_1_338' title='bbox 538 3832 593 3912; x_wconf 85' lang='grc'><strong>28,</strong></span> <span class='ocrx_word' id='word_1_339' title='bbox 610 3832 661 3917; x_wconf 81' lang='lat'><strong>2)=</strong></span> <span class='ocrx_word' id='word_1_340' title='bbox 687 3845 717 3897; x_wconf 90' lang='grc'><strong>54</strong></span> <span class='ocrx_word' id='word_1_341' title='bbox 741 3834 853 3918; x_wconf 85' lang='lat' dir='ltr'><strong>‘potiri’</strong></span> <span class='ocrx_word' id='word_1_342' title='bbox 875 3836 922 3899; x_wconf 87' lang='grc'><strong>545</strong></span> <span class='ocrx_word' id='word_1_343' title='bbox 943 3857 1058 3919; x_wconf 85' lang='lat' dir='ltr'><strong>quoqne</strong></span> <span class='ocrx_word' id='word_1_344' title='bbox 1081 3838 1207 3900; x_wconf 90' lang='lat' dir='ltr'><strong>coniun-</strong></span> 
     </span>
     <span class='ocr_line' id='line_1_37' title="bbox 35 3934 1207 4020; baseline 0 -17"><span class='ocrx_word' id='word_1_345' title='bbox 35 3947 42 3957; x_wconf 91' lang='lat'><em>&#39;</em></span> <span class='ocrx_word' id='word_1_346' title='bbox 85 3949 165 4004; x_wconf 90' lang='lat' dir='ltr'><strong>ctum</strong></span> <span class='ocrx_word' id='word_1_347' title='bbox 188 3946 235 4001; x_wconf 87' lang='lat' dir='ltr'><strong>est</strong></span> <span class='ocrx_word' id='word_1_348' title='bbox 256 3957 322 4000; x_wconf 91' lang='lat' dir='ltr'><strong>cum</strong></span> <span class='ocrx_word' id='word_1_349' title='bbox 344 3937 478 4020; x_wconf 90' lang='lat' dir='ltr'><strong>genitino</strong></span> <span class='ocrx_word' id='word_1_350' title='bbox 502 3934 533 4015; x_wconf 95' lang='lat' dir='ltr'><strong>l,</strong></span> <span class='ocrx_word' id='word_1_351' title='bbox 552 3934 582 3999; x_wconf 93' lang='grc'><strong>4.</strong></span> <span class='ocrx_word' id='word_1_352' title='bbox 605 3935 677 4013; x_wconf 90' lang='grc'><strong>2,2</strong></span> <span class='ocrx_word' id='word_1_353' title='bbox 699 3948 729 4001; x_wconf 89' lang='grc'><strong>54</strong></span> <span class='ocrx_word' id='word_1_354' title='bbox 746 3939 921 4002; x_wconf 84' lang='lat' dir='ltr'><strong>aecusatino</strong></span> <span class='ocrx_word' id='word_1_355' title='bbox 938 3935 989 4015; x_wconf 89' lang='grc'><strong>46,</strong></span> <span class='ocrx_word' id='word_1_356' title='bbox 1006 3938 1047 4016; x_wconf 90' lang='grc'><strong>4,</strong></span> <span class='ocrx_word' id='word_1_357' title='bbox 1071 3939 1125 4003; x_wconf 91' lang='lat' dir='ltr'><strong>sed</strong></span> <span class='ocrx_word' id='word_1_358' title='bbox 1140 3959 1207 4003; x_wconf 84' lang='lat' dir='ltr'><strong>sae-</strong></span> 
     </span>
     <span class='ocr_line' id='line_1_38' title="bbox 84 4035 1208 4127; baseline -0.001 -22"><span class='ocrx_word' id='word_1_359' title='bbox 84 4041 150 4127; x_wconf 88' lang='lat' dir='ltr'><strong>pius</strong></span> <span class='ocrx_word' id='word_1_360' title='bbox 172 4060 237 4103; x_wconf 92' lang='lat' dir='ltr'><strong>cum</strong></span> <span class='ocrx_word' id='word_1_361' title='bbox 258 4038 389 4102; x_wconf 88' lang='lat' dir='ltr'><strong>ablatiuo</strong></span> <span class='ocrx_word' id='word_1_362' title='bbox 410 4037 479 4121; x_wconf 88' lang='grc'>(43,</span> <span class='ocrx_word' id='word_1_363' title='bbox 501 4039 534 4102; x_wconf 92' lang='grc'><strong>4.</strong></span> <span class='ocrx_word' id='word_1_364' title='bbox 566 4037 619 4116; x_wconf 79' lang='grc'><strong>13,</strong></span> <span class='ocrx_word' id='word_1_365' title='bbox 642 4035 676 4101; x_wconf 93' lang='grc'><strong>6.</strong></span> <span class='ocrx_word' id='word_1_366' title='bbox 705 4037 760 4118; x_wconf 86' lang='grc'><strong>34,</strong></span> <span class='ocrx_word' id='word_1_367' title='bbox 780 4039 813 4105; x_wconf 85' lang='grc'><strong>5.</strong></span> <span class='ocrx_word' id='word_1_368' title='bbox 837 4038 892 4118; x_wconf 87' lang='grc'>44),</span> <span class='ocrx_word' id='word_1_369' title='bbox 909 4038 956 4120; x_wconf 87' lang='grc'><strong>8).</strong></span> <span class='ocrx_word' id='word_1_370' title='bbox 987 4036 1023 4103; x_wconf 91' lang='grc'><strong>45</strong></span> <span class='ocrx_word' id='word_1_371' title='bbox 1044 4041 1208 4105; x_wconf 82' lang='grc'>5555445445</span> 
     </span>
     <span class='ocr_line' id='line_1_39' title="bbox 83 4141 1205 4226; baseline -0.003 -17"><span class='ocrx_word' id='word_1_372' title='bbox 83 4142 220 4209; x_wconf 85' lang='lat' dir='ltr'><strong>relatiuis</strong></span> <span class='ocrx_word' id='word_1_373' title='bbox 249 4141 565 4224; x_wconf 83' lang='lat' dir='ltr'><strong>plusquamperfectum</strong></span> <span class='ocrx_word' id='word_1_374' title='bbox 595 4141 723 4224; x_wconf 90' lang='lat' dir='ltr'><strong>positum</strong></span> <span class='ocrx_word' id='word_1_375' title='bbox 754 4151 801 4205; x_wconf 90' lang='lat' dir='ltr'><strong>est</strong></span> <span class='ocrx_word' id='word_1_376' title='bbox 823 4164 877 4226; x_wconf 93' lang='lat' dir='ltr'><strong>pro</strong></span> <span class='ocrx_word' id='word_1_377' title='bbox 897 4142 1072 4226; x_wconf 84' lang='lat' dir='ltr'><strong>imperfecto</strong></span> <span class='ocrx_word' id='word_1_378' title='bbox 1096 4142 1149 4221; x_wconf 93' lang='grc'><strong>13,</strong></span> <span class='ocrx_word' id='word_1_379' title='bbox 1173 4142 1205 4208; x_wconf 91' lang='grc'><strong>8.</strong></span> 
     </span>
     <span class='ocr_line' id='line_1_40' title="bbox 86 4239 1206 4328; baseline 0.001 -19"><span class='ocrx_word' id='word_1_380' title='bbox 86 4244 139 4321; x_wconf 90' lang='grc'><strong>14,</strong></span> <span class='ocrx_word' id='word_1_381' title='bbox 162 4242 195 4310; x_wconf 87' lang='grc'>2.</span> <span class='ocrx_word' id='word_1_382' title='bbox 227 4241 280 4324; x_wconf 93' lang='grc'>16,</span> <span class='ocrx_word' id='word_1_383' title='bbox 302 4241 336 4307; x_wconf 88' lang='grc'>2.</span> <span class='ocrx_word' id='word_1_384' title='bbox 365 4239 421 4323; x_wconf 82' lang='grc'>444,</span> <span class='ocrx_word' id='word_1_385' title='bbox 436 4239 477 4323; x_wconf 68' lang='lat' dir='ltr'><strong>li,</strong></span> <span class='ocrx_word' id='word_1_386' title='bbox 501 4262 605 4308; x_wconf 89' lang='lat' dir='ltr'><strong>nerum</strong></span> <span class='ocrx_word' id='word_1_387' title='bbox 625 4242 714 4326; x_wconf 88' lang='lat' dir='ltr'><strong>longe</strong></span> <span class='ocrx_word' id='word_1_388' title='bbox 735 4244 977 4328; x_wconf 82' lang='lat' dir='ltr'><strong>frequentissime</strong></span> <span class='ocrx_word' id='word_1_389' title='bbox 999 4247 1206 4312; x_wconf 91' lang='lat' dir='ltr'><strong>coniunctiuus</strong></span> 
     </span>
    </p>
   </div>
   <div class='ocr_carea' id='block_1_4' title="bbox 0 0 1350 4688">
    <p class='ocr_par' dir='ltr' id='par_1_5' title="bbox 0 0 1350 4688">
     <span class='ocr_line' id='line_1_41' title="bbox 0 0 1350 4688; baseline 0 2"><span class='ocrx_word' id='word_1_390' title='bbox 0 0 1350 4688; x_wconf 95' lang='lat' dir='ltr'><strong> </strong></span> 
     </span>
    </p>
   </div>
  </div>
 </body>
</html>
