<?xml version="1.0" encoding="UTF-8"?>
<!DOCTYPE html PUBLIC "-//W3C//DTD XHTML 1.0 Transitional//EN"
    "http://www.w3.org/TR/xhtml1/DTD/xhtml1-transitional.dtd">
<html xmlns="http://www.w3.org/1999/xhtml" xml:lang="en" lang="en">
 <head>
  <title>
</title>
<meta http-equiv="Content-Type" content="text/html;charset=utf-8" />
  <meta name='ocr-system' content='tesseract 3.04.00' />
  <meta name='ocr-capabilities' content='ocr_page ocr_carea ocr_par ocr_line ocrx_word'/>
</head>
<body>
  <div class='ocr_page' id='page_1' title='image "./civliicaesarisc02hirtgoog_0216.png"; bbox 0 0 2692 4688; ppageno 0'>
   <div class='ocr_carea' id='block_1_1' title="bbox 495 188 817 261">
    <p class='ocr_par' dir='ltr' id='par_1_1' title="bbox 495 188 817 261">
     <span class='ocr_line' id='line_1_1' title="bbox 495 188 817 261; baseline 0 -15"><span class='ocrx_word' id='word_1_1' title='bbox 495 188 817 261; x_wconf 63' lang='lat'>...209-</span> 
     </span>
    </p>
   </div>
   <div class='ocr_carea' id='block_1_2' title="bbox 94 364 1240 4239">
    <p class='ocr_par' dir='ltr' id='par_1_2' title="bbox 94 364 1233 2807">
     <span class='ocr_line' id='line_1_2' title="bbox 94 364 1220 456; baseline 0.009 -28"><span class='ocrx_word' id='word_1_2' title='bbox 94 375 238 449; x_wconf 71' lang='lat' dir='ltr'><strong>gesturcs</strong></span> <span class='ocrx_word' id='word_1_3' title='bbox 260 364 386 442; x_wconf 84' lang='lat' dir='ltr'><strong>luisset,</strong></span> <span class='ocrx_word' id='word_1_4' title='bbox 409 365 479 448; x_wconf 90' lang='lat' dir='ltr'><strong>quid</strong></span> <span class='ocrx_word' id='word_1_5' title='bbox 502 377 587 442; x_wconf 89' lang='lat' dir='ltr'><strong>erat,</strong></span> <span class='ocrx_word' id='word_1_6' title='bbox 613 366 688 450; x_wconf 89' lang='lat' dir='ltr'><strong>qnod</strong></span> <span class='ocrx_word' id='word_1_7' title='bbox 704 365 847 431; x_wconf 68' lang='lat' dir='ltr'><strong>dirorum</strong></span> <span class='ocrx_word' id='word_1_8' title='bbox 869 366 1006 433; x_wconf 82' lang='lat' dir='ltr'><strong>lacrimis</strong></span> <span class='ocrx_word' id='word_1_9' title='bbox 1020 370 1220 456; x_wconf 80' lang='lat' dir='ltr'><strong>querellisque</strong></span> 
     </span>
     <span class='ocr_line' id='line_1_3' title="bbox 96 467 1221 556; baseline 0.004 -23"><span class='ocrx_word' id='word_1_10' title='bbox 96 478 262 533; x_wconf 84' lang='lat' dir='ltr'><strong>commotus</strong></span> <span class='ocrx_word' id='word_1_11' title='bbox 278 467 453 530; x_wconf 79' lang='lat' dir='ltr'><strong>uideretur?</strong></span> <span class='ocrx_word' id='word_1_12' title='bbox 490 468 582 552; x_wconf 78' lang='lat' dir='ltr'><strong>Atqui</strong></span> <span class='ocrx_word' id='word_1_13' title='bbox 597 469 630 532; x_wconf 89' lang='lat' dir='ltr'><strong>in</strong></span> <span class='ocrx_word' id='word_1_14' title='bbox 644 467 717 533; x_wconf 83' lang='lat' dir='ltr'><strong>Par.</strong></span> <span class='ocrx_word' id='word_1_15' title='bbox 735 489 798 535; x_wconf 83' lang='lat' dir='ltr'><strong>sco.</strong></span> <span class='ocrx_word' id='word_1_16' title='bbox 815 467 905 535; x_wconf 83' lang='lat' dir='ltr'><strong>Laid.</strong></span> <span class='ocrx_word' id='word_1_17' title='bbox 923 492 968 556; x_wconf 89' lang='lat' dir='ltr'><strong>pr.</strong></span> <span class='ocrx_word' id='word_1_18' title='bbox 988 469 1071 537; x_wconf 85' lang='lat' dir='ltr'><strong>Scnl.</strong></span> <span class='ocrx_word' id='word_1_19' title='bbox 1089 474 1163 537; x_wconf 77' lang='lat' dir='ltr'><strong>llaec</strong></span> <span class='ocrx_word' id='word_1_20' title='bbox 1178 475 1221 539; x_wconf 87' lang='lat' dir='ltr'><strong>lc·</strong></span> 
     </span>
     <span class='ocr_line' id='line_1_4' title="bbox 97 570 1219 658; baseline 0.004 -24"><span class='ocrx_word' id='word_1_21' title='bbox 97 580 217 654; x_wconf 66' lang='lat' dir='ltr'><strong>guntur:</strong></span> <span class='ocrx_word' id='word_1_22' title='bbox 239 576 318 632; x_wconf 86' lang='lat' dir='ltr'><strong>‘curu</strong></span> <span class='ocrx_word' id='word_1_23' title='bbox 327 579 416 633; x_wconf 86' lang='lat' dir='ltr'><strong>antea</strong></span> <span class='ocrx_word' id='word_1_24' title='bbox 423 571 631 633; x_wconf 85' lang='lat' dir='ltr'><strong>constituisset</strong></span> <span class='ocrx_word' id='word_1_25' title='bbox 645 590 663 635; x_wconf 88' lang='lat' dir='ltr'><strong>c</strong></span> <span class='ocrx_word' id='word_1_26' title='bbox 677 571 797 636; x_wconf 79' lang='lat' dir='ltr'><strong>statiuis</strong></span> <span class='ocrx_word' id='word_1_27' title='bbox 812 572 942 636; x_wconf 86' lang='lat' dir='ltr'><strong>castris&#39;.</strong></span> <span class='ocrx_word' id='word_1_28' title='bbox 960 570 1044 636; x_wconf 78' lang='lat' dir='ltr'><strong>llaec</strong></span> <span class='ocrx_word' id='word_1_29' title='bbox 1058 574 1219 658; x_wconf 88' lang='lat' dir='ltr'><strong>scriptura,</strong></span> 
     </span>
     <span class='ocr_line' id='line_1_5' title="bbox 97 670 1222 758; baseline 0.004 -23"><span class='ocrx_word' id='word_1_30' title='bbox 97 692 162 741; x_wconf 78' lang='lat' dir='ltr'><strong>cunr</strong></span> <span class='ocrx_word' id='word_1_31' title='bbox 179 671 256 735; x_wconf 80' lang='lat' dir='ltr'><strong>uiuit</strong></span> <span class='ocrx_word' id='word_1_32' title='bbox 268 671 428 748; x_wconf 72' lang='lat' dir='ltr'><strong>adiciatur,</strong></span> <span class='ocrx_word' id='word_1_33' title='bbox 453 672 530 755; x_wconf 93' lang='lat' dir='ltr'><strong>quod</strong></span> <span class='ocrx_word' id='word_1_34' title='bbox 545 672 738 737; x_wconf 85' lang='lat' dir='ltr'><strong>constituerit</strong></span> <span class='ocrx_word' id='word_1_35' title='bbox 752 670 887 754; x_wconf 84' lang='lat' dir='ltr'><strong>Cacsar,</strong></span> <span class='ocrx_word' id='word_1_36' title='bbox 912 676 1054 758; x_wconf 86' lang='lat' dir='ltr'><strong>quaedam</strong></span> <span class='ocrx_word' id='word_1_37' title='bbox 1071 676 1222 740; x_wconf 74' lang='lat' dir='ltr'>excidisse</span> 
     </span>
     <span class='ocr_line' id='line_1_6' title="bbox 97 773 1224 863; baseline 0 -22"><span class='ocrx_word' id='word_1_38' title='bbox 97 776 171 841; x_wconf 86' lang='lat' dir='ltr'><strong>satis</strong></span> <span class='ocrx_word' id='word_1_39' title='bbox 186 775 361 838; x_wconf 74' lang='lat' dir='ltr'>luculenter</span> <span class='ocrx_word' id='word_1_40' title='bbox 374 774 568 839; x_wconf 88' lang='lat' dir='ltr'><strong>demonstrat.</strong></span> <span class='ocrx_word' id='word_1_41' title='bbox 606 773 638 838; x_wconf 87' lang='lat' dir='ltr'><strong>Is</strong></span> <span class='ocrx_word' id='word_1_42' title='bbox 654 776 787 839; x_wconf 81' lang='lat' dir='ltr'><strong>delectus</strong></span> <span class='ocrx_word' id='word_1_43' title='bbox 802 777 834 840; x_wconf 88' lang='lat' dir='ltr'><strong>in</strong></span> <span class='ocrx_word' id='word_1_44' title='bbox 850 777 928 841; x_wconf 88' lang='lat' dir='ltr'><strong>huuc</strong></span> <span class='ocrx_word' id='word_1_45' title='bbox 942 779 1007 842; x_wconf 83' lang='lat' dir='ltr'><strong>fcrc</strong></span> <span class='ocrx_word' id='word_1_46' title='bbox 1022 777 1138 841; x_wconf 90' lang='lat' dir='ltr'><strong>modum</strong></span> <span class='ocrx_word' id='word_1_47' title='bbox 1154 799 1224 863; x_wconf 90' lang='lat' dir='ltr'><strong>sup-</strong></span> 
     </span>
     <span class='ocr_line' id='line_1_7' title="bbox 98 873 1222 962; baseline 0.003 -21"><span class='ocrx_word' id='word_1_48' title='bbox 98 878 222 962; x_wconf 90' lang='lat' dir='ltr'><strong>plendus</strong></span> <span class='ocrx_word' id='word_1_49' title='bbox 245 886 311 939; x_wconf 85' lang='lat' dir='ltr'><strong>cst:</strong></span> <span class='ocrx_word' id='word_1_50' title='bbox 345 873 498 958; x_wconf 83' lang='lat' dir='ltr'><strong>‘Quorum</strong></span> <span class='ocrx_word' id='word_1_51' title='bbox 525 877 656 941; x_wconf 77' lang='lat' dir='ltr'><strong>lacrimis</strong></span> <span class='ocrx_word' id='word_1_52' title='bbox 677 879 877 962; x_wconf 76' lang='lat' dir='ltr'><strong>querellisque</strong></span> <span class='ocrx_word' id='word_1_53' title='bbox 899 875 1017 943; x_wconf 84' lang='lat' dir='ltr'><strong>Caesar</strong></span> <span class='ocrx_word' id='word_1_54' title='bbox 1044 890 1222 959; x_wconf 86' lang='lat' dir='ltr'><strong>commotus,</strong></span> 
     </span>
     <span class='ocr_line' id='line_1_8' title="bbox 97 978 1224 1047; baseline 0.002 -3"><span class='ocrx_word' id='word_1_55' title='bbox 97 1000 163 1045; x_wconf 83' lang='lat' dir='ltr'><strong>cem</strong></span> <span class='ocrx_word' id='word_1_56' title='bbox 177 987 270 1043; x_wconf 86' lang='lat' dir='ltr'><strong>antec</strong></span> <span class='ocrx_word' id='word_1_57' title='bbox 285 978 497 1042; x_wconf 87' lang='lat' dir='ltr'><strong>constituisset</strong></span> <span class='ocrx_word' id='word_1_58' title='bbox 517 999 535 1042; x_wconf 90' lang='lat' dir='ltr'><strong>e</strong></span> <span class='ocrx_word' id='word_1_59' title='bbox 556 978 675 1043; x_wconf 87' lang='lat' dir='ltr'><strong>statiuis</strong></span> <span class='ocrx_word' id='word_1_60' title='bbox 696 982 805 1043; x_wconf 87' lang='lat' dir='ltr'><strong>castris</strong></span> <span class='ocrx_word' id='word_1_61' title='bbox 821 990 938 1047; x_wconf 86' lang='lat' dir='ltr'><strong>aestate</strong></span> <span class='ocrx_word' id='word_1_62' title='bbox 951 982 1027 1045; x_wconf 91' lang='lat' dir='ltr'><strong>inita</strong></span> <span class='ocrx_word' id='word_1_63' title='bbox 1043 983 1158 1047; x_wconf 89' lang='lat' dir='ltr'><strong>cunctis</strong></span> <span class='ocrx_word' id='word_1_64' title='bbox 1174 1004 1224 1046; x_wconf 87' lang='lat' dir='ltr'><strong>oo-</strong></span> 
     </span>
     <span class='ocr_line' id='line_1_9' title="bbox 98 1080 1223 1166; baseline 0.003 -20"><span class='ocrx_word' id='word_1_65' title='bbox 98 1080 454 1166; x_wconf 79' lang='lat' dir='ltr'><strong>piisausiliisqueaccitis</strong></span> <span class='ocrx_word' id='word_1_66' title='bbox 469 1081 580 1145; x_wconf 80' lang='lat' dir='ltr'><strong>ballum</strong></span> <span class='ocrx_word' id='word_1_67' title='bbox 590 1102 718 1166; x_wconf 80' lang='lat' dir='ltr'><strong>gerere,</strong></span> <span class='ocrx_word' id='word_1_68' title='bbox 736 1084 809 1159; x_wconf 80' lang='lat' dir='ltr'><strong>iam,</strong></span> <span class='ocrx_word' id='word_1_69' title='bbox 824 1085 957 1147; x_wconf 80' lang='lat' dir='ltr'><strong>simulac</strong></span> <span class='ocrx_word' id='word_1_70' title='bbox 970 1083 1125 1149; x_wconf 76' lang='lat' dir='ltr'><strong>sccundus</strong></span> <span class='ocrx_word' id='word_1_71' title='bbox 1140 1106 1223 1149; x_wconf 85' lang='lat' dir='ltr'><strong>com·</strong></span> 
     </span>
     <span class='ocr_line' id='line_1_10' title="bbox 100 1182 1224 1271; baseline 0.003 -23"><span class='ocrx_word' id='word_1_72' title='bbox 100 1195 218 1248; x_wconf 78' lang='lat' dir='ltr'><strong>mactus</strong></span> <span class='ocrx_word' id='word_1_73' title='bbox 233 1183 421 1261; x_wconf 60' lang='lat' dir='ltr'><strong>desecasset,</strong></span> <span class='ocrx_word' id='word_1_74' title='bbox 446 1182 555 1246; x_wconf 86' lang='lat' dir='ltr'><strong>bellum</strong></span> <span class='ocrx_word' id='word_1_75' title='bbox 579 1203 644 1247; x_wconf 83' lang='lat' dir='ltr'><strong>curn</strong></span> <span class='ocrx_word' id='word_1_76' title='bbox 668 1185 732 1247; x_wconf 90' lang='lat' dir='ltr'><strong>suis</strong></span> <span class='ocrx_word' id='word_1_77' title='bbox 748 1183 930 1249; x_wconf 84' lang='lat' dir='ltr'><strong>aduersariis</strong></span> <span class='ocrx_word' id='word_1_78' title='bbox 949 1206 1056 1271; x_wconf 78' lang='lat' dir='ltr'><strong>gerere</strong></span> <span class='ocrx_word' id='word_1_79' title='bbox 1068 1187 1224 1252; x_wconf 87' lang='lat' dir='ltr'><strong>instituit’.</strong></span> 
     </span>
     <span class='ocr_line' id='line_1_11' title="bbox 102 1285 1225 1369; baseline 0.003 -19"><span class='ocrx_word' id='word_1_80' title='bbox 102 1285 165 1350; x_wconf 85' lang='lat' dir='ltr'><strong>ldae</strong></span> <span class='ocrx_word' id='word_1_81' title='bbox 179 1286 301 1349; x_wconf 85' lang='lat' dir='ltr'><strong>ratione</strong></span> <span class='ocrx_word' id='word_1_82' title='bbox 315 1296 362 1361; x_wconf 87' lang='lat' dir='ltr'><strong>et,</strong></span> <span class='ocrx_word' id='word_1_83' title='bbox 381 1305 435 1347; x_wconf 93' lang='lat' dir='ltr'><strong>cur</strong></span> <span class='ocrx_word' id='word_1_84' title='bbox 449 1285 619 1348; x_wconf 84' lang='lat' dir='ltr'><strong>aberratum</strong></span> <span class='ocrx_word' id='word_1_85' title='bbox 635 1287 693 1363; x_wconf 85' lang='lat' dir='ltr'><strong>sit,</strong></span> <span class='ocrx_word' id='word_1_86' title='bbox 719 1297 861 1369; x_wconf 84' lang='lat' dir='ltr'><strong>apparet,</strong></span> <span class='ocrx_word' id='word_1_87' title='bbox 886 1298 917 1351; x_wconf 90' lang='lat' dir='ltr'><strong>et</strong></span> <span class='ocrx_word' id='word_1_88' title='bbox 931 1307 1035 1352; x_wconf 88' lang='lat' dir='ltr'><strong>eorum</strong></span> <span class='ocrx_word' id='word_1_89' title='bbox 1049 1290 1225 1365; x_wconf 87' lang='lat' dir='ltr'><strong>uerborum,</strong></span> 
     </span>
     <span class='ocr_line' id='line_1_12' title="bbox 103 1387 1228 1474; baseline 0.001 -19"><span class='ocrx_word' id='word_1_90' title='bbox 103 1410 174 1473; x_wconf 84' lang='lat' dir='ltr'><strong>qnae</strong></span> <span class='ocrx_word' id='word_1_91' title='bbox 189 1389 389 1465; x_wconf 86' lang='lat' dir='ltr'><strong>exciderunt,</strong></span> <span class='ocrx_word' id='word_1_92' title='bbox 414 1387 490 1450; x_wconf 86' lang='lat' dir='ltr'><strong>heac</strong></span> <span class='ocrx_word' id='word_1_93' title='bbox 506 1387 815 1462; x_wconf 79' lang='lat' dir='ltr'><strong>luissescutentiam,</strong></span> <span class='ocrx_word' id='word_1_94' title='bbox 839 1409 926 1471; x_wconf 90' lang='lat' dir='ltr'><strong>quam</strong></span> <span class='ocrx_word' id='word_1_95' title='bbox 941 1391 1045 1473; x_wconf 92' lang='lat' dir='ltr'><strong>posui,</strong></span> <span class='ocrx_word' id='word_1_96' title='bbox 1070 1392 1228 1474; x_wconf 91' lang='lat' dir='ltr'><strong>sequeutia</strong></span> 
     </span>
     <span class='ocr_line' id='line_1_13' title="bbox 103 1488 1227 1577; baseline 0.001 -20"><span class='ocrx_word' id='word_1_97' title='bbox 103 1494 326 1559; x_wconf 68' lang='lat' dir='ltr'><strong>demonstrent:</strong></span> <span class='ocrx_word' id='word_1_98' title='bbox 346 1488 526 1572; x_wconf 81' lang='lat' dir='ltr'><strong>‘litterisque</strong></span> <span class='ocrx_word' id='word_1_99' title='bbox 540 1490 682 1554; x_wconf 83' lang='lat' dir='ltr'><strong>celeriter</strong></span> <span class='ocrx_word' id='word_1_100' title='bbox 696 1491 727 1553; x_wconf 93' lang='lat' dir='ltr'><strong>in</strong></span> <span class='ocrx_word' id='word_1_101' title='bbox 745 1488 879 1554; x_wconf 89' lang='lat' dir='ltr'><strong>Siciliam</strong></span> <span class='ocrx_word' id='word_1_102' title='bbox 896 1491 1024 1577; x_wconf 89' lang='lat' dir='ltr'><strong>[missis]</strong></span> <span class='ocrx_word' id='word_1_103' title='bbox 1040 1494 1076 1558; x_wconf 91' lang='lat' dir='ltr'><strong>ad</strong></span> <span class='ocrx_word' id='word_1_104' title='bbox 1087 1494 1227 1558; x_wconf 83' lang='lat' dir='ltr'><strong>Alienum</strong></span> 
     </span>
     <span class='ocr_line' id='line_1_14' title="bbox 104 1589 1228 1679; baseline 0 -19"><span class='ocrx_word' id='word_1_105' title='bbox 104 1606 132 1660; x_wconf 81' lang='lat' dir='ltr'><strong>tt</strong></span> <span class='ocrx_word' id='word_1_106' title='bbox 144 1594 303 1660; x_wconf 79' lang='lat' dir='ltr'><strong>Rabirium</strong></span> <span class='ocrx_word' id='word_1_107' title='bbox 318 1589 494 1655; x_wconf 82' lang='lat' dir='ltr'><strong>Postumum</strong></span> <span class='ocrx_word' id='word_1_108' title='bbox 516 1591 694 1674; x_wconf 75' lang='lat' dir='ltr'><strong>conscriptis</strong></span> <span class='ocrx_word' id='word_1_109' title='bbox 712 1593 771 1677; x_wconf 90' lang='lat' dir='ltr'><strong>[et]</strong></span> <span class='ocrx_word' id='word_1_110' title='bbox 787 1612 841 1676; x_wconf 86' lang='lat' dir='ltr'><strong>per</strong></span> <span class='ocrx_word' id='word_1_111' title='bbox 854 1605 1044 1679; x_wconf 86' lang='lat' dir='ltr'><strong>catascopum</strong></span> <span class='ocrx_word' id='word_1_112' title='bbox 1059 1596 1169 1674; x_wconf 89' lang='lat' dir='ltr'><strong>mittit,</strong></span> <span class='ocrx_word' id='word_1_113' title='bbox 1194 1606 1228 1660; x_wconf 92' lang='lat' dir='ltr'><strong>ut</strong></span> 
     </span>
     <span class='ocr_line' id='line_1_15' title="bbox 104 1694 1228 1779; baseline 0.001 -18"><span class='ocrx_word' id='word_1_114' title='bbox 104 1698 167 1761; x_wconf 87' lang='lat' dir='ltr'><strong>sine</strong></span> <span class='ocrx_word' id='word_1_115' title='bbox 181 1716 267 1762; x_wconf 87' lang='lat' dir='ltr'><strong>mora</strong></span> <span class='ocrx_word' id='word_1_116' title='bbox 282 1717 318 1761; x_wconf 89' lang='lat' dir='ltr'><strong>ac</strong></span> <span class='ocrx_word' id='word_1_117' title='bbox 335 1694 415 1758; x_wconf 90' lang='lat' dir='ltr'><strong>nulla</strong></span> <span class='ocrx_word' id='word_1_118' title='bbox 430 1695 627 1758; x_wconf 65' lang='lat' dir='ltr'><strong>acusationc</strong></span> <span class='ocrx_word' id='word_1_119' title='bbox 649 1695 755 1759; x_wconf 90' lang='lat' dir='ltr'><strong>hiemis</strong></span> <span class='ocrx_word' id='word_1_120' title='bbox 770 1704 986 1778; x_wconf 87' lang='lat' dir='ltr'><strong>uentorumque</strong></span> <span class='ocrx_word' id='word_1_121' title='bbox 1002 1718 1089 1779; x_wconf 88' lang='lat' dir='ltr'><strong>quam</strong></span> <span class='ocrx_word' id='word_1_122' title='bbox 1104 1699 1228 1763; x_wconf 87' lang='lat' dir='ltr'><strong>celerri-</strong></span> 
     </span>
     <span class='ocr_line' id='line_1_16' title="bbox 103 1794 1226 1879; baseline -0.003 -14"><span class='ocrx_word' id='word_1_123' title='bbox 103 1821 149 1865; x_wconf 79' lang='lat' dir='ltr'><strong>me</strong></span> <span class='ocrx_word' id='word_1_124' title='bbox 164 1800 323 1864; x_wconf 78' lang='lat' dir='ltr'><strong>exercitus</strong></span> <span class='ocrx_word' id='word_1_125' title='bbox 338 1796 395 1860; x_wconf 82' lang='lat' dir='ltr'><strong>sibi</strong></span> <span class='ocrx_word' id='word_1_126' title='bbox 411 1795 678 1879; x_wconf 85' lang='lat' dir='ltr'><strong>transportaretur&#39;</strong></span> <span class='ocrx_word' id='word_1_127' title='bbox 694 1806 766 1859; x_wconf 82' lang='lat' dir='ltr'><strong>cett.</strong></span> <span class='ocrx_word' id='word_1_128' title='bbox 791 1794 839 1860; x_wconf 82' lang='lat' dir='ltr'><strong>ltu</strong></span> <span class='ocrx_word' id='word_1_129' title='bbox 851 1798 932 1861; x_wconf 90' lang='lat' dir='ltr'><strong>euim</strong></span> <span class='ocrx_word' id='word_1_130' title='bbox 949 1799 1022 1862; x_wconf 89' lang='lat' dir='ltr'><strong>haec</strong></span> <span class='ocrx_word' id='word_1_131' title='bbox 1038 1798 1149 1863; x_wconf 86' lang='lat' dir='ltr'><strong>iuPar.</strong></span> <span class='ocrx_word' id='word_1_132' title='bbox 1163 1820 1226 1865; x_wconf 86' lang='lat' dir='ltr'><strong>sec.</strong></span> 
     </span>
     <span class='ocr_line' id='line_1_17' title="bbox 105 1897 1229 1987; baseline -0.001 -21"><span class='ocrx_word' id='word_1_133' title='bbox 105 1899 189 1967; x_wconf 82' lang='lat' dir='ltr'><strong>Leid.</strong></span> <span class='ocrx_word' id='word_1_134' title='bbox 205 1922 252 1987; x_wconf 88' lang='lat' dir='ltr'><strong>pr.</strong></span> <span class='ocrx_word' id='word_1_135' title='bbox 271 1897 353 1965; x_wconf 88' lang='lat' dir='ltr'><strong>Scal.</strong></span> <span class='ocrx_word' id='word_1_136' title='bbox 371 1899 481 1983; x_wconf 83' lang='lat' dir='ltr'><strong>scripta</strong></span> <span class='ocrx_word' id='word_1_137' title='bbox 497 1909 586 1977; x_wconf 92' lang='lat' dir='ltr'><strong>sunt,</strong></span> <span class='ocrx_word' id='word_1_138' title='bbox 612 1918 689 1981; x_wconf 91' lang='lat' dir='ltr'><strong>quae</strong></span> <span class='ocrx_word' id='word_1_139' title='bbox 711 1900 816 1962; x_wconf 86' lang='lat' dir='ltr'><strong>deletis</strong></span> <span class='ocrx_word' id='word_1_140' title='bbox 836 1900 874 1963; x_wconf 89' lang='lat' dir='ltr'><strong>iis</strong></span> <span class='ocrx_word' id='word_1_141' title='bbox 897 1900 1018 1978; x_wconf 86' lang='lat' dir='ltr'><strong>uerbis,</strong></span> <span class='ocrx_word' id='word_1_142' title='bbox 1046 1920 1122 1983; x_wconf 89' lang='lat' dir='ltr'><strong>quae</strong></span> <span class='ocrx_word' id='word_1_143' title='bbox 1143 1901 1229 1966; x_wconf 90' lang='lat' dir='ltr'><strong>uncis</strong></span> 
     </span>
     <span class='ocr_line' id='line_1_18' title="bbox 103 1999 1230 2086; baseline -0.001 -18"><span class='ocrx_word' id='word_1_144' title='bbox 103 2002 338 2086; x_wconf 75' lang='lat' dir='ltr'><strong>circumscripsi,</strong></span> <span class='ocrx_word' id='word_1_145' title='bbox 355 2002 523 2066; x_wconf 87' lang='lat' dir='ltr'><strong>rectissime</strong></span> <span class='ocrx_word' id='word_1_146' title='bbox 539 2001 660 2065; x_wconf 87' lang='lat' dir='ltr'><strong>habeut.</strong></span> <span class='ocrx_word' id='word_1_147' title='bbox 693 1999 795 2082; x_wconf 81' lang='lat' dir='ltr'><strong>Vulgo</strong></span> <span class='ocrx_word' id='word_1_148' title='bbox 813 2001 946 2064; x_wconf 85' lang='lat' dir='ltr'><strong>‘missis&#39;</strong></span> <span class='ocrx_word' id='word_1_149' title='bbox 970 2004 1119 2066; x_wconf 90' lang='lat' dir='ltr'><strong>omittitur</strong></span> <span class='ocrx_word' id='word_1_150' title='bbox 1133 2014 1165 2067; x_wconf 89' lang='lat' dir='ltr'><strong>et</strong></span> <span class='ocrx_word' id='word_1_151' title='bbox 1180 2004 1230 2067; x_wconf 91' lang='lat' dir='ltr'><strong>de·</strong></span> 
     </span>
     <span class='ocr_line' id='line_1_19' title="bbox 106 2102 1229 2188; baseline -0.001 -18"><span class='ocrx_word' id='word_1_152' title='bbox 106 2105 177 2170; x_wconf 87' lang='lat' dir='ltr'><strong>iude</strong></span> <span class='ocrx_word' id='word_1_153' title='bbox 203 2112 254 2168; x_wconf 89' lang='lat' dir='ltr'><strong>‘et</strong></span> <span class='ocrx_word' id='word_1_154' title='bbox 267 2124 319 2188; x_wconf 86' lang='lat' dir='ltr'><strong>per</strong></span> <span class='ocrx_word' id='word_1_155' title='bbox 332 2115 518 2188; x_wconf 87' lang='lat' dir='ltr'><strong>catascopum</strong></span> <span class='ocrx_word' id='word_1_156' title='bbox 534 2102 650 2167; x_wconf 88' lang='lat' dir='ltr'><strong>missis&#39;</strong></span> <span class='ocrx_word' id='word_1_157' title='bbox 672 2102 811 2186; x_wconf 87' lang='lat' dir='ltr'><strong>ponitur,</strong></span> <span class='ocrx_word' id='word_1_158' title='bbox 836 2122 894 2182; x_wconf 89' lang='lat' dir='ltr'><strong>quo</strong></span> <span class='ocrx_word' id='word_1_159' title='bbox 910 2103 988 2166; x_wconf 88' lang='lat' dir='ltr'><strong>lacto</strong></span> <span class='ocrx_word' id='word_1_160' title='bbox 1004 2109 1101 2169; x_wconf 80' lang='lat' dir='ltr'><strong>oratic</strong></span> <span class='ocrx_word' id='word_1_161' title='bbox 1115 2106 1229 2169; x_wconf 85' lang='lat' dir='ltr'><strong>exitum</strong></span> 
     </span>
     <span class='ocr_line' id='line_1_20' title="bbox 106 2202 1229 2287; baseline -0.003 -14"><span class='ocrx_word' id='word_1_162' title='bbox 106 2230 166 2273; x_wconf 91' lang='lat' dir='ltr'><strong>non</strong></span> <span class='ocrx_word' id='word_1_163' title='bbox 182 2207 311 2273; x_wconf 83' lang='lat' dir='ltr'><strong>inuenit</strong></span> <span class='ocrx_word' id='word_1_164' title='bbox 342 2203 510 2272; x_wconf 88' lang='lat' dir='ltr'><strong>Secundum</strong></span> <span class='ocrx_word' id='word_1_165' title='bbox 527 2217 626 2270; x_wconf 87' lang='lat' dir='ltr'><strong>autem</strong></span> <span class='ocrx_word' id='word_1_166' title='bbox 643 2214 839 2269; x_wconf 85' lang='lat' dir='ltr'><strong>commeatum</strong></span> <span class='ocrx_word' id='word_1_167' title='bbox 861 2216 1039 2287; x_wconf 77' lang='lat' dir='ltr'><strong>expectasse</strong></span> <span class='ocrx_word' id='word_1_168' title='bbox 1054 2202 1229 2285; x_wconf 82' lang='lat' dir='ltr'><strong>Gaesarem,</strong></span> 
     </span>
     <span class='ocr_line' id='line_1_21' title="bbox 105 2302 1233 2396; baseline -0.005 -19"><span class='ocrx_word' id='word_1_169' title='bbox 105 2323 138 2377; x_wconf 82' lang='lat' dir='ltr'><strong>et</strong></span> <span class='ocrx_word' id='word_1_170' title='bbox 150 2332 215 2378; x_wconf 89' lang='lat' dir='ltr'><strong>rem</strong></span> <span class='ocrx_word' id='word_1_171' title='bbox 231 2320 365 2396; x_wconf 74' lang='lat' dir='ltr'><strong>gereret,</strong></span> <span class='ocrx_word' id='word_1_172' title='bbox 381 2311 471 2374; x_wconf 89' lang='lat' dir='ltr'><strong>etiam</strong></span> <span class='ocrx_word' id='word_1_173' title='bbox 487 2329 528 2372; x_wconf 85' lang='lat' dir='ltr'><strong>ex</strong></span> <span class='ocrx_word' id='word_1_174' title='bbox 542 2329 570 2370; x_wconf 90' lang='lat' dir='ltr'><strong>c.</strong></span> <span class='ocrx_word' id='word_1_175' title='bbox 588 2305 649 2385; x_wconf 82' lang='lat'><strong>31,</strong></span> <span class='ocrx_word' id='word_1_176' title='bbox 666 2305 687 2370; x_wconf 88' lang='grc'>9</span> <span class='ocrx_word' id='word_1_177' title='bbox 703 2306 900 2390; x_wconf 79' lang='lat' dir='ltr'><strong>perspicitur:</strong></span> <span class='ocrx_word' id='word_1_178' title='bbox 930 2302 1052 2389; x_wconf 88' lang='lat' dir='ltr'><strong>‘ltaque</strong></span> <span class='ocrx_word' id='word_1_179' title='bbox 1068 2308 1233 2371; x_wconf 88' lang='lat' dir='ltr'><strong>constitue·</strong></span> 
     </span>
     <span class='ocr_line' id='line_1_22' title="bbox 107 2407 1233 2497; baseline -0.005 -18"><span class='ocrx_word' id='word_1_180' title='bbox 107 2425 155 2480; x_wconf 87' lang='lat' dir='ltr'><strong>rat</strong></span> <span class='ocrx_word' id='word_1_181' title='bbox 168 2413 295 2497; x_wconf 77' lang='lat' dir='ltr'><strong>gloriam</strong></span> <span class='ocrx_word' id='word_1_182' title='bbox 311 2413 587 2492; x_wconf 79' lang='lat' dir='ltr'><strong>exultationemque</strong></span> <span class='ocrx_word' id='word_1_183' title='bbox 609 2430 712 2472; x_wconf 87' lang='lat' dir='ltr'><strong>eorum</strong></span> <span class='ocrx_word' id='word_1_184' title='bbox 736 2408 814 2491; x_wconf 90' lang='lat' dir='ltr'><strong>pati,</strong></span> <span class='ocrx_word' id='word_1_185' title='bbox 840 2407 934 2471; x_wconf 92' lang='lat' dir='ltr'><strong>donec</strong></span> <span class='ocrx_word' id='word_1_186' title='bbox 950 2409 1006 2472; x_wconf 82' lang='lat' dir='ltr'><strong>siti</strong></span> <span class='ocrx_word' id='word_1_187' title='bbox 1022 2420 1233 2474; x_wconf 85' lang='lat' dir='ltr'><strong>ueteranorum</strong></span> 
     </span>
     <span class='ocr_line' id='line_1_23' title="bbox 105 2511 1233 2600; baseline -0.004 -19"><span class='ocrx_word' id='word_1_188' title='bbox 105 2516 258 2600; x_wconf 70' lang='lat' dir='ltr'><strong>legionum</strong></span> <span class='ocrx_word' id='word_1_189' title='bbox 273 2535 343 2600; x_wconf 89' lang='lat' dir='ltr'><strong>pars</strong></span> <span class='ocrx_word' id='word_1_190' title='bbox 359 2515 459 2598; x_wconf 83' lang='lat' dir='ltr'><strong>aliqua</strong></span> <span class='ocrx_word' id='word_1_191' title='bbox 474 2515 505 2577; x_wconf 93' lang='lat' dir='ltr'><strong>iu</strong></span> <span class='ocrx_word' id='word_1_192' title='bbox 520 2512 652 2577; x_wconf 90' lang='lat' dir='ltr'><strong>secundo</strong></span> <span class='ocrx_word' id='word_1_193' title='bbox 668 2522 832 2575; x_wconf 84' lang='lat' dir='ltr'><strong>commeatu</strong></span> <span class='ocrx_word' id='word_1_194' title='bbox 849 2511 1050 2577; x_wconf 84' lang='lat' dir='ltr'><strong>occurrissct’.</strong></span> <span class='ocrx_word' id='word_1_195' title='bbox 1091 2511 1132 2577; x_wconf 85' lang='lat' dir='ltr'><strong>Et</strong></span> <span class='ocrx_word' id='word_1_196' title='bbox 1152 2522 1233 2598; x_wconf 87' lang='lat' dir='ltr'><strong>post-</strong></span> 
     </span>
     <span class='ocr_line' id='line_1_24' title="bbox 107 2610 1233 2703; baseline -0.003 -19"><span class='ocrx_word' id='word_1_197' title='bbox 107 2640 194 2703; x_wconf 85' lang='lat' dir='ltr'><strong>quam</strong></span> <span class='ocrx_word' id='word_1_198' title='bbox 216 2618 367 2684; x_wconf 86' lang='lat' dir='ltr'><strong>sceuudns</strong></span> <span class='ocrx_word' id='word_1_199' title='bbox 389 2628 571 2681; x_wconf 88' lang='lat' dir='ltr'><strong>commeatus</strong></span> <span class='ocrx_word' id='word_1_200' title='bbox 587 2615 719 2693; x_wconf 86' lang='lat' dir='ltr'><strong>aduenit,</strong></span> <span class='ocrx_word' id='word_1_201' title='bbox 740 2633 861 2678; x_wconf 88' lang='lat' dir='ltr'><strong>reuera</strong></span> <span class='ocrx_word' id='word_1_202' title='bbox 879 2610 1043 2680; x_wconf 88' lang='lat' dir='ltr'><strong>Caesarem</strong></span> <span class='ocrx_word' id='word_1_203' title='bbox 1059 2637 1100 2680; x_wconf 81' lang='lat' dir='ltr'><strong>ex</strong></span> <span class='ocrx_word' id='word_1_204' title='bbox 1114 2616 1233 2682; x_wconf 90' lang='lat' dir='ltr'><strong>statiuis</strong></span> 
     </span>
     <span class='ocr_line' id='line_1_25' title="bbox 106 2717 712 2807; baseline -0.013 -18"><span class='ocrx_word' id='word_1_205' title='bbox 106 2725 216 2788; x_wconf 74' lang='lat' dir='ltr'><strong>metris</strong></span> <span class='ocrx_word' id='word_1_206' title='bbox 230 2721 372 2807; x_wconf 73' lang='lat' dir='ltr'><strong>progredi</strong></span> <span class='ocrx_word' id='word_1_207' title='bbox 387 2719 520 2783; x_wconf 88' lang='lat' dir='ltr'><strong>uidemus</strong></span> <span class='ocrx_word' id='word_1_208' title='bbox 536 2722 577 2801; x_wconf 82' lang='lat' dir='ltr'><strong>(c.</strong></span> <span class='ocrx_word' id='word_1_209' title='bbox 594 2717 647 2797; x_wconf 87' lang='lat'><strong>37,</strong></span> <span class='ocrx_word' id='word_1_210' title='bbox 665 2717 712 2793; x_wconf 85' lang='lat'><strong>1).</strong></span> 
     </span>
    </p>

    <p class='ocr_par' dir='ltr' id='par_1_3' title="bbox 109 2820 1238 4036">
     <span class='ocr_line' id='line_1_26' title="bbox 192 2820 1235 2905; baseline -0.003 -15"><span class='ocrx_word' id='word_1_211' title='bbox 192 2824 288 2891; x_wconf 80' lang='lat' dir='ltr'><strong>{nitio</strong></span> <span class='ocrx_word' id='word_1_212' title='bbox 302 2845 330 2887; x_wconf 90' lang='lat' dir='ltr'><strong>c.</strong></span> <span class='ocrx_word' id='word_1_213' title='bbox 347 2820 390 2886; x_wconf 77' lang='lat'><strong>29</strong></span> <span class='ocrx_word' id='word_1_214' title='bbox 405 2824 478 2887; x_wconf 88' lang='lat' dir='ltr'><strong>haec</strong></span> <span class='ocrx_word' id='word_1_215' title='bbox 494 2823 650 2905; x_wconf 79' lang='lat' dir='ltr'><strong>leguntur:</strong></span> <span class='ocrx_word' id='word_1_216' title='bbox 678 2821 824 2885; x_wconf 87' lang='lat' dir='ltr'><strong>‘Turmae</strong></span> <span class='ocrx_word' id='word_1_217' title='bbox 847 2820 965 2885; x_wconf 89' lang='lat' dir='ltr'><strong>iuterim</strong></span> <span class='ocrx_word' id='word_1_218' title='bbox 983 2823 1133 2905; x_wconf 88' lang='lat' dir='ltr'><strong>equitum,</strong></span> <span class='ocrx_word' id='word_1_219' title='bbox 1157 2844 1235 2905; x_wconf 88' lang='lat' dir='ltr'><strong>quae</strong></span> 
     </span>
     <span class='ocr_line' id='line_1_27' title="bbox 109 2923 1235 3014; baseline -0.006 -19"><span class='ocrx_word' id='word_1_220' title='bbox 109 2948 166 3014; x_wconf 78' lang='lat' dir='ltr'><strong>pro</strong></span> <span class='ocrx_word' id='word_1_221' title='bbox 178 2929 261 2995; x_wconf 89' lang='lat' dir='ltr'><strong>uallo</strong></span> <span class='ocrx_word' id='word_1_222' title='bbox 276 2928 307 2991; x_wconf 91' lang='lat' dir='ltr'><strong>in</strong></span> <span class='ocrx_word' id='word_1_223' title='bbox 324 2925 504 2993; x_wconf 86' lang='lat' dir='ltr'><strong>stationibus</strong></span> <span class='ocrx_word' id='word_1_224' title='bbox 520 2945 588 2990; x_wconf 87' lang='lat' dir='ltr'><strong>esse</strong></span> <span class='ocrx_word' id='word_1_225' title='bbox 602 2924 740 2989; x_wconf 79' lang='lat' dir='ltr'><strong>solebant</strong></span> <span class='ocrx_word' id='word_1_226' title='bbox 754 2923 791 2987; x_wconf 87' lang='lat' dir='ltr'><strong>ab</strong></span> <span class='ocrx_word' id='word_1_227' title='bbox 807 2924 943 3005; x_wconf 85' lang='lat' dir='ltr'><strong>utrisque</strong></span> <span class='ocrx_word' id='word_1_228' title='bbox 958 2923 1100 2999; x_wconf 86' lang='lat' dir='ltr'><strong>ducibus,</strong></span> <span class='ocrx_word' id='word_1_229' title='bbox 1125 2924 1235 2989; x_wconf 82' lang='lat' dir='ltr'><strong>cotidie</strong></span> 
     </span>
     <span class='ocr_line' id='line_1_28' title="bbox 110 3022 1236 3114; baseline -0.004 -18"><span class='ocrx_word' id='word_1_230' title='bbox 110 3030 232 3097; x_wconf 70' lang='lat' dir='ltr'><strong>minutis</strong></span> <span class='ocrx_word' id='word_1_231' title='bbox 248 3028 371 3114; x_wconf 90' lang='lat' dir='ltr'><strong>proeliis</strong></span> <span class='ocrx_word' id='word_1_232' title='bbox 384 3029 465 3092; x_wconf 88' lang='lat' dir='ltr'><strong>iuter</strong></span> <span class='ocrx_word' id='word_1_233' title='bbox 478 3047 512 3092; x_wconf 90' lang='lat' dir='ltr'><strong>se</strong></span> <span class='ocrx_word' id='word_1_234' title='bbox 534 3029 704 3111; x_wconf 80' lang='lat' dir='ltr'><strong>depugnare</strong></span> <span class='ocrx_word' id='word_1_235' title='bbox 719 3046 780 3090; x_wconf 91' lang='lat' dir='ltr'><strong>uon</strong></span> <span class='ocrx_word' id='word_1_236' title='bbox 795 3026 1019 3089; x_wconf 87' lang='lat' dir='ltr'><strong>intermittnut‘.</strong></span> <span class='ocrx_word' id='word_1_237' title='bbox 1053 3022 1155 3091; x_wconf 83' lang='lat' dir='ltr'><strong>Verba</strong></span> <span class='ocrx_word' id='word_1_238' title='bbox 1179 3026 1236 3092; x_wconf 87' lang='lat' dir='ltr'><strong>‘ab</strong></span> 
     </span>
     <span class='ocr_line' id='line_1_29' title="bbox 110 3127 1237 3218; baseline -0.005 -18"><span class='ocrx_word' id='word_1_239' title='bbox 110 3136 247 3218; x_wconf 82' lang='lat' dir='ltr'><strong>atrisqrm</strong></span> <span class='ocrx_word' id='word_1_240' title='bbox 261 3128 405 3195; x_wconf 87' lang='lat' dir='ltr'><strong>ducibus’</strong></span> <span class='ocrx_word' id='word_1_241' title='bbox 421 3127 565 3193; x_wconf 88' lang='lat' dir='ltr'><strong>Dauisius</strong></span> <span class='ocrx_word' id='word_1_242' title='bbox 581 3127 786 3212; x_wconf 86' lang='lat' dir='ltr'><strong>superioribus</strong></span> <span class='ocrx_word' id='word_1_243' title='bbox 811 3128 862 3189; x_wconf 85' lang='lat' dir='ltr'><strong>‘iu</strong></span> <span class='ocrx_word' id='word_1_244' title='bbox 877 3127 1058 3191; x_wconf 78' lang='lat' dir='ltr'><strong>stationibus</strong></span> <span class='ocrx_word' id='word_1_245' title='bbox 1074 3149 1142 3193; x_wconf 91' lang='lat' dir='ltr'><strong>esse</strong></span> <span class='ocrx_word' id='word_1_246' title='bbox 1158 3131 1237 3195; x_wconf 92' lang='lat' dir='ltr'><strong>sole-</strong></span> 
     </span>
     <span class='ocr_line' id='line_1_30' title="bbox 112 3227 1237 3318; baseline -0.004 -17"><span class='ocrx_word' id='word_1_247' title='bbox 112 3235 191 3301; x_wconf 79' lang='lat' dir='ltr'><strong>laut’</strong></span> <span class='ocrx_word' id='word_1_248' title='bbox 207 3235 397 3318; x_wconf 78' lang='lat' dir='ltr'><strong>adiungenda</strong></span> <span class='ocrx_word' id='word_1_249' title='bbox 412 3233 576 3296; x_wconf 84' lang='lat' dir='ltr'><strong>contendit.</strong></span> <span class='ocrx_word' id='word_1_250' title='bbox 606 3230 687 3295; x_wconf 86' lang='lat' dir='ltr'><strong>Nam</strong></span> <span class='ocrx_word' id='word_1_251' title='bbox 698 3228 853 3295; x_wconf 86' lang='lat' dir='ltr'><strong>Clarkinm</strong></span> <span class='ocrx_word' id='word_1_252' title='bbox 869 3229 935 3310; x_wconf 90' lang='lat' dir='ltr'><strong>quis</strong></span> <span class='ocrx_word' id='word_1_253' title='bbox 950 3227 1052 3294; x_wconf 84' lang='lat' dir='ltr'><strong>audiat</strong></span> <span class='ocrx_word' id='word_1_254' title='bbox 1065 3231 1175 3297; x_wconf 89' lang='lat' dir='ltr'><strong>iunctis</strong></span> <span class='ocrx_word' id='word_1_255' title='bbox 1192 3231 1237 3297; x_wconf 80' lang='lat' dir='ltr'><strong>luis</strong></span> 
     </span>
     <span class='ocr_line' id='line_1_31' title="bbox 110 3331 1235 3419; baseline -0.004 -16"><span class='ocrx_word' id='word_1_256' title='bbox 110 3358 177 3404; x_wconf 89' lang='lat' dir='ltr'><strong>cnm</strong></span> <span class='ocrx_word' id='word_1_257' title='bbox 200 3336 427 3419; x_wconf 82' lang='lat' dir='ltr'><strong>insequentibus</strong></span> <span class='ocrx_word' id='word_1_258' title='bbox 442 3333 542 3398; x_wconf 86' lang='lat' dir='ltr'><strong>uerbis</strong></span> <span class='ocrx_word' id='word_1_259' title='bbox 563 3333 798 3417; x_wconf 85' lang='lat' dir='ltr'><strong>subintellegere</strong></span> <span class='ocrx_word' id='word_1_260' title='bbox 813 3331 963 3395; x_wconf 89' lang='lat' dir='ltr'><strong>iubentem</strong></span> <span class='ocrx_word' id='word_1_261' title='bbox 980 3333 1053 3396; x_wconf 86' lang='lat' dir='ltr'><strong>haec</strong></span> <span class='ocrx_word' id='word_1_262' title='bbox 1068 3356 1179 3418; x_wconf 81' lang='lat' dir='ltr'><strong>pauca:</strong></span> <span class='ocrx_word' id='word_1_263' title='bbox 1206 3343 1235 3399; x_wconf 89' lang='lat' dir='ltr'><strong>‘c</strong></span> 
     </span>
     <span class='ocr_line' id='line_1_32' title="bbox 109 3433 1238 3517; baseline -0.005 -10"><span class='ocrx_word' id='word_1_264' title='bbox 109 3442 219 3507; x_wconf 83' lang='lat' dir='ltr'><strong>castris</strong></span> <span class='ocrx_word' id='word_1_265' title='bbox 236 3439 397 3504; x_wconf 82' lang='lat' dir='ltr'><strong>emissae&#39;t</strong></span> <span class='ocrx_word' id='word_1_266' title='bbox 427 3436 541 3501; x_wconf 90' lang='lat' dir='ltr'><strong>Verum</strong></span> <span class='ocrx_word' id='word_1_267' title='bbox 556 3458 595 3501; x_wconf 91' lang='lat' dir='ltr'><strong>ue</strong></span> <span class='ocrx_word' id='word_1_268' title='bbox 612 3434 728 3499; x_wconf 76' lang='lat' dir='ltr'><strong>diunisii</strong></span> <span class='ocrx_word' id='word_1_269' title='bbox 744 3433 860 3517; x_wconf 88' lang='lat' dir='ltr'><strong>quidem</strong></span> <span class='ocrx_word' id='word_1_270' title='bbox 877 3435 955 3497; x_wconf 92' lang='lat' dir='ltr'><strong>ratio</strong></span> <span class='ocrx_word' id='word_1_271' title='bbox 970 3445 1052 3499; x_wconf 90' lang='lat' dir='ltr'><strong>recta</strong></span> <span class='ocrx_word' id='word_1_272' title='bbox 1067 3449 1125 3500; x_wconf 90' lang='lat' dir='ltr'><strong>est.</strong></span> <span class='ocrx_word' id='word_1_273' title='bbox 1156 3436 1238 3501; x_wconf 87' lang='lat' dir='ltr'><strong>Nam</strong></span> 
     </span>
     <span class='ocr_line' id='line_1_33' title="bbox 111 3537 1238 3621; baseline -0.004 -12"><span class='ocrx_word' id='word_1_274' title='bbox 111 3556 228 3609; x_wconf 85' lang='lat' dir='ltr'><strong>turmae</strong></span> <span class='ocrx_word' id='word_1_275' title='bbox 244 3543 275 3605; x_wconf 94' lang='lat' dir='ltr'><strong>in</strong></span> <span class='ocrx_word' id='word_1_276' title='bbox 291 3540 420 3605; x_wconf 87' lang='lat' dir='ltr'><strong>statione</strong></span> <span class='ocrx_word' id='word_1_277' title='bbox 435 3561 503 3604; x_wconf 90' lang='lat' dir='ltr'><strong>esse</strong></span> <span class='ocrx_word' id='word_1_278' title='bbox 519 3539 556 3603; x_wconf 85' lang='lat' dir='ltr'><strong>ab</strong></span> <span class='ocrx_word' id='word_1_279' title='bbox 572 3541 705 3621; x_wconf 89' lang='lat' dir='ltr'><strong>utrisque</strong></span> <span class='ocrx_word' id='word_1_280' title='bbox 719 3537 842 3600; x_wconf 86' lang='lat' dir='ltr'><strong>ducibus</strong></span> <span class='ocrx_word' id='word_1_281' title='bbox 852 3537 937 3620; x_wconf 89' lang='lat' dir='ltr'><strong>plane</strong></span> <span class='ocrx_word' id='word_1_282' title='bbox 954 3539 1121 3603; x_wconf 84' lang='lat' dir='ltr'><strong>insolenter</strong></span> <span class='ocrx_word' id='word_1_283' title='bbox 1136 3540 1238 3604; x_wconf 90' lang='lat' dir='ltr'><strong>dicun·</strong></span> 
     </span>
     <span class='ocr_line' id='line_1_34' title="bbox 111 3638 1236 3725; baseline -0.003 -15"><span class='ocrx_word' id='word_1_284' title='bbox 111 3657 170 3710; x_wconf 77' lang='lat' dir='ltr'><strong>tur.</strong></span> <span class='ocrx_word' id='word_1_285' title='bbox 189 3643 266 3708; x_wconf 83' lang='lat' dir='ltr'><strong>Mihi</strong></span> <span class='ocrx_word' id='word_1_286' title='bbox 284 3665 343 3707; x_wconf 93' lang='lat' dir='ltr'><strong>uon</strong></span> <span class='ocrx_word' id='word_1_287' title='bbox 360 3642 478 3708; x_wconf 88' lang='lat' dir='ltr'><strong>dubium</strong></span> <span class='ocrx_word' id='word_1_288' title='bbox 495 3653 554 3720; x_wconf 90' lang='lat' dir='ltr'><strong>est,</strong></span> <span class='ocrx_word' id='word_1_289' title='bbox 572 3642 642 3725; x_wconf 86' lang='lat' dir='ltr'><strong>quin</strong></span> <span class='ocrx_word' id='word_1_290' title='bbox 658 3640 751 3704; x_wconf 89' lang='lat' dir='ltr'><strong>uerba</strong></span> <span class='ocrx_word' id='word_1_291' title='bbox 768 3638 816 3701; x_wconf 83' lang='lat' dir='ltr'><strong>‘ab</strong></span> <span class='ocrx_word' id='word_1_292' title='bbox 832 3639 966 3722; x_wconf 88' lang='lat' dir='ltr'><strong>utrisque</strong></span> <span class='ocrx_word' id='word_1_293' title='bbox 981 3640 1115 3706; x_wconf 83' lang='lat' dir='ltr'><strong>ducibus’</strong></span> <span class='ocrx_word' id='word_1_294' title='bbox 1132 3663 1236 3707; x_wconf 90' lang='lat' dir='ltr'><strong>errore</strong></span> 
     </span>
     <span class='ocr_line' id='line_1_35' title="bbox 111 3741 1237 3831; baseline -0.004 -18"><span class='ocrx_word' id='word_1_295' title='bbox 111 3750 160 3813; x_wconf 80' lang='lat' dir='ltr'><strong>lic</strong></span> <span class='ocrx_word' id='word_1_296' title='bbox 175 3746 305 3831; x_wconf 84' lang='lat' dir='ltr'><strong>repetita</strong></span> <span class='ocrx_word' id='word_1_297' title='bbox 320 3747 381 3810; x_wconf 91' lang='lat' dir='ltr'><strong>siut</strong></span> <span class='ocrx_word' id='word_1_298' title='bbox 396 3767 436 3811; x_wconf 87' lang='lat' dir='ltr'><strong>ex</strong></span> <span class='ocrx_word' id='word_1_299' title='bbox 451 3745 537 3808; x_wconf 91' lang='lat' dir='ltr'><strong>initio</strong></span> <span class='ocrx_word' id='word_1_300' title='bbox 552 3744 716 3829; x_wconf 83' lang='lat' dir='ltr'><strong>superioris</strong></span> <span class='ocrx_word' id='word_1_301' title='bbox 733 3763 797 3824; x_wconf 87' lang='lat' dir='ltr'><strong>cap.</strong></span> <span class='ocrx_word' id='word_1_302' title='bbox 814 3741 901 3804; x_wconf 88' lang='lat' dir='ltr'><strong>‘dum</strong></span> <span class='ocrx_word' id='word_1_303' title='bbox 926 3743 998 3808; x_wconf 85' lang='lat' dir='ltr'><strong>laceo</strong></span> <span class='ocrx_word' id='word_1_304' title='bbox 1019 3745 1056 3807; x_wconf 84' lang='lat' dir='ltr'><strong>ad</strong></span> <span class='ocrx_word' id='word_1_305' title='bbox 1073 3742 1237 3829; x_wconf 87' lang='lat' dir='ltr'><strong>Ruspinam</strong></span> 
     </span>
     <span class='ocr_line' id='line_1_36' title="bbox 109 3843 1238 3932; baseline -0.005 -15"><span class='ocrx_word' id='word_1_306' title='bbox 109 3847 703 3932; x_wconf 81' lang='lat' dir='ltr'><strong>adutrisqueducibusadministrantur’.</strong></span> <span class='ocrx_word' id='word_1_307' title='bbox 721 3843 895 3908; x_wconf 86' lang='lat' dir='ltr'><strong>Verisimile</strong></span> <span class='ocrx_word' id='word_1_308' title='bbox 911 3856 955 3909; x_wconf 89' lang='lat' dir='ltr'><strong>cst</strong></span> <span class='ocrx_word' id='word_1_309' title='bbox 969 3846 1048 3910; x_wconf 88' lang='lat' dir='ltr'><strong>euim</strong></span> <span class='ocrx_word' id='word_1_310' title='bbox 1059 3847 1132 3910; x_wconf 87' lang='lat' dir='ltr'><strong>haec</strong></span> <span class='ocrx_word' id='word_1_311' title='bbox 1145 3848 1238 3911; x_wconf 79' lang='lat' dir='ltr'><strong>ucrlta</strong></span> 
     </span>
     <span class='ocr_line' id='line_1_37' title="bbox 110 3948 916 4036; baseline -0.01 -18"><span class='ocrx_word' id='word_1_312' title='bbox 110 3955 144 4019; x_wconf 87' lang='lat' dir='ltr'><strong>in</strong></span> <span class='ocrx_word' id='word_1_313' title='bbox 159 3954 257 4017; x_wconf 86' lang='lat' dir='ltr'><strong>altera</strong></span> <span class='ocrx_word' id='word_1_314' title='bbox 272 3952 380 4034; x_wconf 83' lang='lat' dir='ltr'><strong>pagina</strong></span> <span class='ocrx_word' id='word_1_315' title='bbox 396 3971 413 4014; x_wconf 90' lang='lat' dir='ltr'><strong>c</strong></span> <span class='ocrx_word' id='word_1_316' title='bbox 427 3952 553 4036; x_wconf 83' lang='lat' dir='ltr'><strong>regione</strong></span> <span class='ocrx_word' id='word_1_317' title='bbox 568 3951 684 4014; x_wconf 91' lang='lat' dir='ltr'><strong>illorum</strong></span> <span class='ocrx_word' id='word_1_318' title='bbox 699 3948 793 4011; x_wconf 88' lang='lat' dir='ltr'><strong>luisse</strong></span> <span class='ocrx_word' id='word_1_319' title='bbox 808 3948 916 4031; x_wconf 88' lang='lat' dir='ltr'><strong>posita.</strong></span> 
     </span>
    </p>

    <p class='ocr_par' dir='ltr' id='par_1_4' title="bbox 113 4046 1240 4239">
     <span class='ocr_line' id='line_1_38' title="bbox 199 4046 1240 4138; baseline -0.004 -20"><span class='ocrx_word' id='word_1_320' title='bbox 199 4052 322 4118; x_wconf 88' lang='lat' dir='ltr'><strong>Initium</strong></span> <span class='ocrx_word' id='word_1_321' title='bbox 344 4074 372 4116; x_wconf 91' lang='lat' dir='ltr'><strong>c.</strong></span> <span class='ocrx_word' id='word_1_322' title='bbox 390 4051 430 4117; x_wconf 84' lang='lat'><strong>31</strong></span> <span class='ocrx_word' id='word_1_323' title='bbox 454 4054 496 4116; x_wconf 86' lang='lat' dir='ltr'><strong>ita</strong></span> <span class='ocrx_word' id='word_1_324' title='bbox 512 4054 568 4117; x_wconf 84' lang='lat' dir='ltr'><strong>luit</strong></span> <span class='ocrx_word' id='word_1_325' title='bbox 583 4051 815 4117; x_wconf 84' lang='lat' dir='ltr'><strong>emendandum:</strong></span> <span class='ocrx_word' id='word_1_326' title='bbox 843 4046 978 4131; x_wconf 83' lang='lat' dir='ltr'><strong>‘Quibus</strong></span> <span class='ocrx_word' id='word_1_327' title='bbox 998 4052 1088 4117; x_wconf 87' lang='lat' dir='ltr'><strong>rebus</strong></span> <span class='ocrx_word' id='word_1_328' title='bbox 1112 4053 1240 4138; x_wconf 82' lang='lat' dir='ltr'><strong>cognitis</strong></span> 
     </span>
     <span class='ocr_line' id='line_1_39' title="bbox 113 4152 1238 4239; baseline -0.006 -16"><span class='ocrx_word' id='word_1_329' title='bbox 113 4155 234 4223; x_wconf 82' lang='lat' dir='ltr'><strong>Caesar</strong></span> <span class='ocrx_word' id='word_1_330' title='bbox 249 4156 331 4219; x_wconf 86' lang='lat' dir='ltr'><strong>iubet</strong></span> <span class='ocrx_word' id='word_1_331' title='bbox 345 4156 472 4234; x_wconf 87' lang='lat' dir='ltr'><strong>milites,</strong></span> <span class='ocrx_word' id='word_1_332' title='bbox 499 4155 548 4239; x_wconf 91' lang='lat' dir='ltr'><strong>qui</strong></span> <span class='ocrx_word' id='word_1_333' title='bbox 564 4167 651 4218; x_wconf 85' lang='lat' dir='ltr'><strong>extra</strong></span> <span class='ocrx_word' id='word_1_334' title='bbox 668 4152 850 4217; x_wconf 89' lang='lat' dir='ltr'><strong>munitiones</strong></span> <span class='ocrx_word' id='word_1_335' title='bbox 867 4167 1080 4236; x_wconf 89' lang='lat' dir='ltr'><strong>processerant</strong></span> <span class='ocrx_word' id='word_1_336' title='bbox 1103 4155 1238 4237; x_wconf 89' lang='lat' dir='ltr'><strong>[quique]</strong></span> 
     </span>
    </p>
   </div>
   <div class='ocr_carea' id='block_1_3' title="bbox 112 4254 1241 4418">
    <p class='ocr_par' dir='ltr' id='par_1_5' title="bbox 112 4254 1241 4418">
     <span class='ocr_line' id='line_1_40' title="bbox 112 4254 1241 4343; baseline -0.007 -20"><span class='ocrx_word' id='word_1_337' title='bbox 112 4258 274 4343; x_wconf 84' lang='lat' dir='ltr'><strong>pabulandi</strong></span> <span class='ocrx_word' id='word_1_338' title='bbox 309 4268 360 4321; x_wconf 91' lang='lat' dir='ltr'><strong>aut</strong></span> <span class='ocrx_word' id='word_1_339' title='bbox 381 4258 515 4343; x_wconf 60' lang='lat' dir='ltr'><strong>ligneam</strong></span> <span class='ocrx_word' id='word_1_340' title='bbox 531 4278 627 4323; x_wconf 80' lang='lat' dir='ltr'><strong>causa</strong></span> <span class='ocrx_word' id='word_1_341' title='bbox 646 4267 701 4320; x_wconf 91' lang='lat' dir='ltr'><strong>aut</strong></span> <span class='ocrx_word' id='word_1_342' title='bbox 724 4256 814 4319; x_wconf 81' lang='lat' dir='ltr'><strong>ctiam</strong></span> <span class='ocrx_word' id='word_1_343' title='bbox 837 4255 989 4319; x_wconf 87' lang='lat' dir='ltr'><strong>muniendi</strong></span> <span class='ocrx_word' id='word_1_344' title='bbox 1011 4256 1108 4337; x_wconf 84' lang='lat' dir='ltr'><strong>gratia</strong></span> <span class='ocrx_word' id='word_1_345' title='bbox 1131 4254 1241 4316; x_wconf 86' lang='lat' dir='ltr'><strong>uallum</strong></span> 
     </span>
     <span class='ocr_line' id='line_1_41' title="bbox 142 4354 1036 4418; baseline -0.011 -13"><span class='ocrx_word' id='word_1_346' title='bbox 142 4360 239 4416; x_wconf 72' lang='lat' dir='ltr'><strong>cassu,</strong></span> <span class='ocrx_word' id='word_1_347' title='bbox 252 4358 289 4403; x_wconf 69' lang='lat' dir='ltr'><strong>sa</strong></span> <span class='ocrx_word' id='word_1_348' title='bbox 305 4358 414 4417; x_wconf 59' lang='lat' dir='ltr'><strong>neppam.</strong></span> <span class='ocrx_word' id='word_1_349' title='bbox 994 4354 1036 4418; x_wconf 84' lang='lat'><strong>14</strong></span> 
     </span>
    </p>
   </div>
   <div class='ocr_carea' id='block_1_4' title="bbox 0 0 1372 4688">
    <p class='ocr_par' dir='ltr' id='par_1_6' title="bbox 0 0 1372 4688">
     <span class='ocr_line' id='line_1_42' title="bbox 0 0 1372 4688; baseline 0 0"><span class='ocrx_word' id='word_1_350' title='bbox 0 0 1372 4688; x_wconf 95' lang='lat' dir='ltr'><strong> </strong></span> 
     </span>
    </p>
   </div>
  </div>
 </body>
</html>
