2692 4688
512 197 812 265 ...32-

104 368 256 450 Caesare,
282 392 318 435 ac
340 391 379 434 ne
402 371 458 434 hos
479 371 598 457 quidem
620 371 774 435 uoluntate
795 371 887 455 ipsius
902 371 1097 457 interemptos
1113 375 1222 458 putari.

102 471 138 538 Iu
155 495 294 538 sermone
310 493 384 536 uero
399 471 476 556 quod
490 473 565 536 uitia
580 474 721 555 quaedam
738 474 816 536 idem
830 470 1006 538 Dodwellns
1027 476 1059 538 iu
1082 476 1127 539 bis
1143 499 1224 540 cona·

102 577 258 640 mentariis
280 576 512 659 deprehendisse
533 574 590 638 sibi
611 576 695 639 uisus
711 587 775 653 est,
793 577 857 640 lere
872 577 971 639 omnia
987 577 1133 641 eiusmodi
1154 599 1223 662 pro·

101 679 187 757 tulit,
212 689 245 742 ut
260 679 347 763 plane
363 679 533 742 facultatem
560 680 595 742 de
611 679 657 742 bis
672 678 762 742 rebus
778 679 927 742 indicandi
943 678 970 741 ei
986 679 1118 744 defuisse
1133 701 1223 764 appa·

100 791 184 843 reat:
209 780 236 843 si
259 792 418 863 quarceto
442 782 576 856 notauit,
601 780 728 844 anobis
750 799 841 863 supra
863 779 1006 862 religiose
1026 792 1098 845 suut
1112 783 1219 845 relata.

100 879 214 947 Verum
231 903 306 965 quae
321 884 353 946 in
368 882 414 946 his
428 882 512 946 libris
528 883 755 946 obseruauimus
770 882 807 945 ab
824 902 879 945 usu
894 881 1079 964 reliquorum
1093 883 1223 966 optimae

46 1049 50 1055 ,
100 984 209 1048 aetatis
224 986 404 1069 scriptorum
421 985 620 1068 discrepantia
630 1005 701 1085 ,4co
720 984 819 1047 minus
841 983 986 1048 inferiore
1006 993 1140 1068 tempore
1167 985 1221 1049 bos

99 1088 329 1151 commentarios
355 1087 536 1170 compositos
559 1107 628 1151 esse
656 1087 817 1163 euincunt,
850 1108 916 1150 curu
945 1086 1080 1170 uulgaris
1106 1107 1218 1164 sermo,

98 1210 157 1273 quo
172 1190 226 1253 bos
242 1190 334 1253 libros
350 1190 478 1274 scriptos
494 1209 562 1253 esse
578 1189 722 1267 uidimus,
747 1209 844 1271 neque
864 1188 939 1252 satis
961 1189 1047 1251 nobis
1071 1201 1160 1253 notus
1181 1189 1222 1253 sit

97 1302 129 1355 et
143 1293 287 1375 permulta
310 1293 471 1377 peculiaria
495 1303 526 1356 et
546 1313 562 1356 a
585 1303 669 1356 recta
690 1290 806 1354 dicendi
827 1291 944 1353 ratione
959 1289 1151 1354 abhorrentia
1168 1292 1220 1355 ba·

96 1391 196 1457 buerit
211 1395 401 1458 accessesit.
441 1391 529 1475 Quod
545 1393 570 1455 si
586 1394 636 1457 eui
651 1393 680 1456 bi
695 1392 764 1455 libri
780 1391 869 1453 Hirtii
885 1399 985 1454 aetate
1000 1392 1106 1474 scripti
1121 1401 1153 1453 et
1168 1393 1219 1455 de·

96 1494 219 1578 perditis
234 1495 299 1557 eius
315 1494 538 1558 commentariis
554 1494 696 1558 inleriore
712 1504 845 1576 tempore
867 1491 904 1554 ab
927 1490 986 1554 alio
1008 1492 1146 1569 bomine,
1167 1494 1217 1575 qni

96 1615 149 1660 eos
165 1615 237 1659 casu
253 1605 358 1660 nactus
381 1606 480 1673 esset,
508 1596 545 1658 ad
568 1604 738 1658 truncatum
762 1614 870 1678 corpus
892 1593 1084 1678 supplendum
1108 1595 1217 1658 adiecti

96 1717 164 1762 esse
180 1697 378 1775 uidebuntur,
402 1698 429 1760 is
444 1698 563 1776 uideat,
584 1717 623 1759 ne
639 1717 701 1759 rem
718 1717 813 1779 aeque
835 1695 1038 1760 incredibilem
1063 1697 1217 1759 commini-

94 1812 216 1878 scatur,
240 1802 315 1864 duos
338 1800 447 1877 libros,
471 1821 596 1882 quorum
618 1801 712 1863 forma
735 1799 907 1862 deterrebat
928 1799 1025 1882 potius
1049 1819 1065 1861 a
1088 1798 1214 1883 legendo

95 1924 180 1986 qnam
196 1902 364 1978 alliciebat,
382 1911 510 1965 aetatem
526 1901 641 1964 laturos
656 1902 766 1979 luisse,
791 1901 847 1964 nisi
865 1902 947 1965 claro
963 1896 1106 1964 Caesaris
1122 1903 1216 1965 nomi-

94 2024 132 2068 ne
148 2004 184 2066 ab
200 2004 324 2068 interitu
339 2012 442 2067 essent
457 2003 612 2067 uindicati.
643 2000 746 2085 ltaque
767 2004 864 2068 nullos
885 2005 960 2068 alios
975 2004 1069 2068 libros
1084 2005 1121 2067 de
1136 2004 1216 2068 bello

92 2105 240 2171 Africano
270 2117 302 2170 et
322 2104 517 2190 Hispaniensi
546 2127 611 2169 eum
643 2101 786 2170 Caesaris
816 2105 966 2191 Hirtiique
994 2107 1216 2170 commentariis

93 2209 219 2294 primunr
236 2209 332 2274 editos
348 2229 517 2291 essequam
535 2208 589 2271 bos
604 2208 686 2292 ipsos
702 2210 893 2272 statuendum
908 2218 964 2272 est.
1006 2206 1098 2271 Hirtii
1114 2219 1213 2272 autem

92 2312 185 2376 uerba
200 2311 252 2375 illa
265 2312 297 2375 in
313 2311 441 2396 epistola
463 2311 500 2374 ad
515 2307 642 2373 Halbum
664 2311 761 2394 posita
783 2311 857 2374 nibil
882 2312 951 2374 huic
971 2311 1017 2373 rei
1036 2308 1209 2390 obstabunt,

91 2414 180 2477 modo
194 2435 261 2477 eum
278 2414 493 2497 praelationem
509 2413 591 2496 prius
607 2434 693 2495 mam
709 2414 791 2496 ipsos
814 2412 905 2476 libros
927 2412 1086 2496 scripsisse
1106 2413 1213 2477 existi·

91 2535 217 2579 memus.
251 2510 326 2577 Cum
344 2515 422 2578 enim
439 2525 522 2578 certo
544 2526 680 2599 speraret
703 2536 736 2579 se
759 2513 988 2577 commentarios
1004 2509 1148 2578 Caesaris
1164 2537 1213 2580 us-

91 2637 148 2700 que
164 2616 200 2679 ad
216 2626 339 2681 mortem
356 2617 419 2680 eins
436 2618 639 2681 coniecturum
657 2638 743 2689 esse,
760 2619 797 2680 de
812 2616 850 2680 iis
865 2617 970 2695 libris,
989 2638 1062 2700 quos
1078 2618 1211 2683 scribere

90 2717 223 2796 uolebat,
241 2729 390 2805 tamquam
407 2720 442 2782 de
459 2720 599 2802 perlectis
615 2720 711 2797 dixit,
728 2719 816 2802 idque
832 2720 1001 2801 quominus
1018 2722 1149 2800 laceret,
1168 2721 1213 2785 ni-

90 2820 132 2885 bil
146 2821 334 2906 impediebat,
366 2822 511 2904 siquidem
527 2821 584 2886 nisi
601 2841 659 2884 una
675 2842 742 2883 cum
757 2821 794 2885 iis
810 2842 848 2885 ne
865 2823 1077 2906 praelationem
1094 2825 1210 2905 quidem

88 2925 225 2989 editurus
240 2934 318 2991 erat.
343 2921 431 3005 Quod
447 2924 475 2987 si
490 2945 610 2989 causam
627 2924 808 3006 quaerimus,
825 2945 881 2987 cur
895 2924 1044 3009 inceptum
1060 2946 1121 2988 non
1137 2946 1211 2990 exe·

89 3037 176 3091 cutus
190 3027 241 3104 sit,
259 3026 388 3090 subitam
403 3037 528 3090 mortem
546 3027 732 3111 prohibuisse
748 3037 883 3110 apertum
899 3036 956 3090 est.
981 3024 1062 3090 Nam
1076 3026 1209 3090 Hirtium

88 3128 144 3191 uix
157 3139 228 3191 ante
243 3150 352 3192 annum
369 3127 428 3210 43,
452 3151 511 3216 quo
527 3131 633 3194 consul
649 3151 716 3193 cum
731 3125 832 3193 Pansa
848 3129 922 3207 luit,
947 3129 1001 3192 bos
1025 3128 1117 3192 libros
1133 3130 1209 3194 scri·

87 3228 161 3293 bere
176 3249 352 3313 aggressum
368 3252 437 3295 esse
452 3232 562 3296 indicio
578 3244 644 3310 est,
671 3233 747 3314 quod
772 3253 819 3316 ep.
838 3232 874 3295 ud
889 3228 978 3294 Balb.
996 3232 1026 3314 ἕ.
1042 3230 1064 3295 2
1079 3251 1113 3293 se
1128 3226 1208 3296 Cae·

50 3407 59 3417 ,
87 3331 167 3396 saris
182 3333 413 3395 commentarios
428 3335 605 3415 perduxisse
621 3334 664 3396 ait
687 3341 800 3416 ‘usque
823 3335 859 3396 ad
883 3334 997 3397 exitum
1013 3353 1074 3396 non
1090 3334 1207 3416 quidem

86 3433 185 3497 ciuilis
200 3432 416 3509 dissensionis,
440 3435 525 3497 cuius
541 3436 628 3497 linem
644 3436 756 3498 nullum
781 3436 934 3508 uidemus,
959 3436 1011 3498 sed
1032 3435 1114 3499 uitae
1129 3431 1207 3499 Cae-

86 3535 188 3600 saris’.
221 3533 300 3598 Nam
315 3535 353 3597 de
367 3534 447 3597 ciuili
464 3536 652 3600 dissensione
675 3536 730 3599 hoc
752 3536 839 3598 modo
855 3536 913 3599 diei
930 3545 991 3599 turn
1007 3538 1124 3600 demum
1140 3547 1205 3620 pot-

85 3648 170 3716 erat,
195 3647 349 3721 postquam
371 3633 556 3702 Octauianus
578 3648 740 3701 ueteranos
763 3647 868 3701 contra
884 3637 1051 3703 Antonium
1074 3640 1205 3702 concita-

85 3749 184 3817 uerat,
202 3739 286 3822 isque
302 3740 338 3802 ad
355 3739 548 3803 obsidendum
565 3739 693 3803 Brutum
710 3740 739 3801 in
756 3736 884 3805 Galliam
902 3743 1103 3820 discesserat,
1128 3761 1203 3824 quae

84 3842 162 3905 lacta
179 3852 249 3904 sunt
263 3838 388 3906 Octobri
404 3862 507 3905 mense
522 3842 593 3904 anni
608 3840 650 3905 44
666 3838 755 3919 (Cic.
773 3840 851 3908 Pbil.
868 3841 931 3922 111,
955 3843 993 3918 8,
1016 3840 1091 3924 2⁰).
1131 3842 1204 3906 Hir·

85 3944 145 4008 tius
160 3954 271 4022 autem,
289 3965 354 4008 cum
373 3966 413 4007 ex
427 3946 554 4007 aduersa
571 3944 754 4022 ualetudine,
772 3966 831 4032 qua
846 3956 1071 4010 extremoanno
1081 3944 1124 4008 lb
1140 3949 1204 4010 lue·

82 4057 132 4110 rat
146 4057 321 4131 correptus,
346 4049 473 4111 nondum
491 4048 577 4132 plane
593 4047 813 4126 conualuisset,
837 4048 923 4112 initio
939 4048 1010 4111 anni
1024 4046 1066 4109 43
1083 4050 1203 4131 paluda-

82 4158 130 4213 tus
152 4148 190 4212 ad
212 4146 361 4215 Mutinam
385 4154 535 4235 proiectus
557 4160 606 4214 est
631 4145 721 4232 (Cio.
746 4148 827 4213 Phil.
852 4148 930 4227 VH,
956 4149 995 4226 t,
1022 4147 1080 4231 12)
1102 4151 1202 4233 ibique

81 4272 184 4319 mense
198 4251 297 4340 Aprili
313 4274 378 4318 cum
393 4252 527 4319 Antonio
543 4273 726 4337 congressus
749 4253 848 4317 uictor
866 4251 899 4315 iu
921 4251 986 4316 acie
1001 4253 1090 4335 periit
1108 4255 1123 4335 (
1131 4250 1198 4317 Cic.
