2684 4694
482 209 784 276 —¹7..-

74 400 130 445 uus
154 400 220 444 cum
243 377 442 464 peruenisset‘
470 380 580 464 (ipsum
599 401 717 465 quoque
735 381 931 463 inusitatum,
950 386 1003 450 sed
1024 407 1086 451 non
1107 387 1198 455 uitio·

72 504 158 559 sum,
189 492 223 545 ut
244 480 410 565 arbitror),
442 491 514 560 ant,
537 482 564 546 si
588 483 637 547 eui
659 483 715 547 boc
736 505 796 548 nou
819 485 1011 568 probabitur,
1034 490 1064 554 ei
1082 490 1126 556 ita
1149 503 1198 558 est

72 584 308 662 emendandum,
333 594 367 647 ut
388 585 491 647 uitium
513 605 552 647 ne
570 583 722 668 importet.
752 583 864 669 Neque
886 585 986 668 0:78,
1003 589 1023 654 4
1039 612 1104 656 oum
1121 593 1196 659 baec

73 697 215 770 ponereta
242 681 343 766 ‘Quod
370 685 420 749 ubi
443 695 579 768 coeptum
603 697 650 749 est
666 686 743 765 lieri,
767 697 798 752 et
813 689 898 772 equis
914 690 1071 757 concitatis
1086 690 1198 761 Iuliani

71 789 211 872 impetum
235 787 404 861 iecissent',
426 787 588 872 particulae
606 788 677 852 ‘ubi'
701 809 767 852 eum
784 789 1007 855 coniunctium
1023 793 1198 863 adiunxisse

72 892 166 975 prima
181 892 329 956 enuntiati
343 912 413 974 pars
430 892 534 954 docet:
559 889 611 954 sed
633 890 744 953 oblitus
764 890 844 955 illius
860 902 892 955 et
907 892 997 956 ‘cum’
1012 914 1046 958 se
1061 897 1198 979 posuisse

72 992 249 1057 existimans
279 995 317 1059 ad
347 994 423 1056 banc
453 993 578 1056 alterum
603 990 727 1055 uerbum
750 994 961 1059 conformauit.
993 994 1038 1059 Aa
1059 1018 1088 1061 c.
1104 994 1198 1079 91,t

72 1097 208 1179 scripsit:
235 1104 404 1180 ‘postquam
427 1092 501 1158 Iuba
523 1104 594 1157 ante
615 1104 717 1178 portas
732 1094 782 1158 diu
798 1095 982 1179 multumque
997 1097 1092 1181 printo
1108 1099 1197 1165 minis

73 1199 185 1281 egisset
206 1218 272 1260 cum
293 1194 511 1275 Zamensibus,
536 1196 624 1274 dein,
652 1217 719 1259 cum
750 1216 784 1260 se
813 1216 917 1281 parum
942 1199 1090 1280 prolicere
1108 1201 1198 1266 intel·
1265 1253 1272 1276 ‚

71 1299 214 1376 lexisset,
238 1300 376 1382 precibus
398 1299 540 1363 orasset’.
570 1296 615 1362 Et
636 1298 739 1362 eadem
756 1300 852 1360 torma
868 1297 1040 1364 fortassee.
1057 1297 1113 1380 40,
1130 1301 1150 1366 5
1167 1314 1199 1368 et

71 1400 130 1476 50,
154 1399 176 1463 4
199 1400 387 1466 restituenda
407 1412 620 1484 est‚quorum
644 1399 778 1463 locorum
800 1398 900 1483 priore
915 1399 948 1461 in
963 1400 1059 1466 tribus
1076 1405 1195 1488 optimis

72 1513 103 1566 et
124 1501 237 1566 duobus
257 1503 455 1567 deterioribus
481 1503 567 1566 codd.
592 1502 665 1566 baec
681 1502 840 1583 leguntur:
867 1507 1035 1584 ‘postquam
1054 1501 1196 1591 Scipione

72 1605 195 1687 eiusque
219 1607 311 1690 copiis
334 1627 438 1689 carnpo
462 1605 646 1687 collibusque
661 1602 831 1666 exturbatis
846 1614 936 1686 atque
951 1605 983 1668 in
998 1615 1098 1669 casua
1112 1629 1195 1672 com·

72 1708 164 1789 pulsis
189 1728 254 1770 cum
279 1707 414 1792 receptui
429 1703 547 1771 Caesar
564 1705 631 1769 cani
645 1702 816 1779 iussisset',
840 1705 936 1768 altero
952 1703 1196 1793 Oudendorpiunr

72 1808 107 1873 de
130 1810 192 1873 suis
215 1809 300 1873 codd.
326 1820 408 1874 recte
430 1820 532 1873 tacere
556 1821 616 1870 non
632 1806 741 1885 credo,
773 1806 805 1869 in
820 1803 891 1870 Par.
910 1828 973 1872 sec.
991 1808 1036 1873 sic
1052 1810 1196 1894 scriptum

72 1920 138 1974 esta
160 1907 291 1975 ‘Caesar
305 1922 458 1996 postquam
474 1910 607 1993 equitatu
622 1920 693 1973 ante
709 1907 873 1991 praemisso
888 1909 1003 1974 inscius
1017 1911 1195 1977 insidiarum

73 2033 140 2075 cum
162 2013 197 2075 ad
221 2033 288 2076 enm
309 2013 407 2076 locum
430 2009 584 2076 uenisset’.
616 2007 677 2075 Sed
701 2010 745 2074 bis
768 2010 883 2074 duobus
898 2011 973 2075 locis
989 2013 1060 2075 mibi
1076 2014 1194 2096 quidem

71 2113 264 2178 uerisimilius
287 2114 408 2177 uidetur
430 2114 604 2196 scriptorem
626 2111 734 2194 prioris
749 2111 913 2194 particulae
929 2112 1052 2177 oblitum
1067 2117 1194 2181 alteram

71 2216 331 2302 superaddidissca
357 2236 384 2278 c.
402 2212 463 2291 85,
486 2211 524 2292 3,
549 2233 614 2277 eum
635 2211 666 2275 in
680 2208 753 2274 Par.
770 2233 834 2277 sec.
862 2222 893 2278 et
914 2211 1004 2278 Leid.
1029 2237 1076 2299 pr.
1094 2218 1136 2280 ita
1152 2220 1195 2283 le·

69 2331 175 2405 gatnr:
202 2315 276 2399 ‘Qui
292 2329 447 2402 postquam
462 2318 500 2380 ad
515 2337 551 2381 ea
567 2325 683 2393 castra,
708 2334 785 2397 quae
801 2316 959 2397 petebant,
982 2319 1191 2404 perfugerant,

71 2431 105 2485 ut
118 2423 239 2485 refectis
255 2421 361 2484 castris
377 2439 484 2483 rursus
501 2439 569 2482 sese
585 2418 799 2491 defenderent,
823 2417 985 2502 ducemque
1001 2421 1128 2504 aliquem
1145 2443 1194 2486 re·

70 2524 242 2606 quirerent,
266 2542 351 2606 quem
382 2521 586 2604 respicerent,
617 2509 702 2583 cuius
732 2519 914 2584 auctoritate
942 2543 1006 2585 rena
1035 2534 1191 2608 gererent,

69 2627 119 2708 qui
143 2637 296 2709 postquam
319 2623 596 2687 animaduerterunt
618 2621 764 2684 neminem
788 2620 828 2683 ibi
853 2643 921 2686 esse
936 2626 1101 2708 praesidio,
1125 2647 1195 2710 pro-

69 2728 148 2791 tinus
165 2728 255 2791 armis
271 2726 395 2790 abiectis
410 2725 442 2788 in
459 2725 544 2807 regia
560 2734 661 2787 castra
683 2725 787 2807 fugere
803 2725 1050 2804 contenderunt’,
1077 2728 1124 2792 bic
1138 2729 1196 2814 igi·

70 2841 119 2892 tur
134 2826 347 2912 Oudendorpio
368 2827 520 2891 assentior
541 2826 666 2890 alterum
684 2825 777 2908 ‘qui',
801 2827 879 2908 quod
903 2827 995 2889 uerba
1016 2834 1090 2891 ‘rem
1106 2850 1195 2912 gere-

68 2929 146 2995 rent'
167 2931 323 3013 sequitur,
349 2930 505 2993 delendum
529 2948 608 2992 esse.
640 2925 755 2990 Verum
777 2928 828 2990 illo
853 2928 940 2990 modo
964 2928 1053 2992 etiam
1069 2926 1195 2995 Cicero-

68 3055 137 3097 nem
159 3032 363 3115 composuisse
384 3033 422 3095 de
443 3032 513 3114 irnp.
532 3025 592 3093 Cn.
608 3027 715 3113 Pomp.
733 3028 766 3107 4,
782 3027 804 3092 9
824 3038 1030 3114 ‘posteaquam
1046 3035 1194 3099 maximas

69 3134 257 3198 aedificasset
286 3143 482 3214 ornassetque
509 3130 633 3194 classes'
656 3142 729 3195 cett.
755 3132 942 3215 grammatici
959 3144 1192 3200 auuotauerunt.

69 3236 156 3300 Addo
178 3235 267 3299 eund.
282 3256 321 3318 p.
346 3230 471 3297 Clueut.
493 3230 555 3311 64,
582 3231 641 3296 181
675 3230 869 3318 ‘Oppianicus
896 3235 991 3318 primo
1019 3240 1191 3303 recusauit:

68 3349 262 3424 posteaquam
284 3336 336 3399 illa
359 3335 551 3399 abducturam
567 3355 601 3399 se
617 3335 724 3412 liliam,
750 3345 929 3400 mutaturam
946 3358 1014 3401 esse
1029 3348 1193 3404 testamen·

68 3452 131 3505 tum
153 3440 337 3516 minaretur,
368 3437 487 3500 mulieri
513 3437 738 3501 crudelissimae
762 3458 882 3501 seruum
905 3440 1108 3504 fidelissimum
1132 3462 1193 3505 non

67 3545 99 3607 in
119 3542 324 3626 quaestionem
341 3539 425 3617 tulit,
453 3540 506 3602 sed
524 3540 611 3624 plane
627 3540 663 3602 ad
679 3539 853 3623 supplicium
870 3541 979 3621 dedit’3
1006 3539 1130 3605 Vitruu.
1149 3541 1191 3623 ll,

68 3643 102 3722 9,
127 3644 168 3708 16
194 3654 361 3729 ‘postquam
384 3642 499 3706 bamma
515 3643 598 3706 circa
613 3642 694 3704 illam
710 3643 865 3706 materiam
881 3644 982 3728 uirgas
998 3645 1193 3728 comprehen-

69 3746 192 3827 disset'3
216 3745 323 3812 Valer.
336 3741 425 3808 Max.
438 3743 479 3821 V,
496 3744 529 3824 7,
547 3755 611 3808 ext.
627 3743 650 3808 2
668 3751 836 3827 ‘postquam
853 3745 943 3807 filium
958 3746 989 3807 in
1005 3765 1099 3808 cornu
1116 3747 1193 3810 scri·
1245 3740 1248 3745 ’

69 3849 126 3911 bae
149 3848 334 3913 humiliorem
356 3846 477 3910 fortuna
498 3868 552 3911 sna
573 3847 671 3910 locum
687 3845 870 3909 obtinentem
888 3847 1124 3929 conspexisset:
1149 3849 1193 3912 ita

70 3951 169 4027 enim,
200 3971 261 4013 non
285 3950 485 4032 ‘conspexit',
515 3950 545 4012 in
566 3949 716 4033 plerisque
738 3949 824 4012 codd.
849 3948 907 4032 legi
930 3958 1055 4012 annotat
1077 3948 1192 4015 Torre-

71 4051 153 4129 nius,
171 4051 296 4135 edatque
312 4070 353 4115 ex
366 4052 504 4116 omnibus
520 4051 596 4130 suis,
619 4071 694 4133 quos
711 4051 800 4114 babet
812 4052 953 4133 optimos,
977 4051 1091 4113 amicus
1107 4072 1192 4115 meus

71 4151 204 4218 Carolus
224 4150 389 4238 liemplius.
419 4152 520 4217 Taciti
543 4153 634 4216 uerba
656 4173 728 4215 ann.
744 4148 819 4230 Xll,
837 4150 878 4215 54
894 4171 999 4214 manca
1015 4172 1083 4215 esse
1099 4153 1192 4216 inter-

72 4265 173 4339 pretes
196 4255 371 4320 docueruut.
402 4253 478 4320 ltem
499 4254 629 4318 librariis
656 4254 755 4318 tribuo
779 4254 870 4318 baec:
897 4262 952 4318 ‘ex
974 4254 1081 4339 oppido
1101 4252 1192 4316 This·

102 4353 195 4411 caesar,
209 4353 244 4401 ot
259 4356 368 4415 supparo.
959 4355 982 4421 2
