2692 4688
81 222 148 293 m
285 281 288 286 ,
480 214 538 282 DE
560 213 702 284 BELLO
725 215 918 285 eunucu

142 389 395 482 poseellomanis,
403 410 472 467 nen,
479 390 633 454 sidiuarsa
640 389 719 454 bella
726 391 886 475 conplures
895 391 998 455 nomm
1007 393 1267 477 temporeinlulis·

141 507 209 563 sent
218 495 371 572 eiuitates,
388 493 462 559 satis
471 491 734 577 anxiliiautspatii
748 493 959 578 antaopinrnur
968 493 1136 560 babituram
1145 501 1266 564 exerei-

105 601 126 669 8
141 612 204 666 tum
218 597 319 683 populi
334 593 464 660 Romani
479 595 518 659 ad
531 595 632 658 omnia
646 596 871 680 persequendaq
895 617 956 661 unu
978 617 1046 662 asse
1061 609 1160 663 antem
1174 601 1266 667 alieni

140 700 257 769 ciuitati
266 707 379 763 sortem
393 696 573 762 incommodi
588 698 797 775 musandum,
814 699 841 763 si
851 699 1266 787 talinorareliquae'posrent

102 805 175 878 2sa
190 803 342 868 uindicare
357 801 388 864 in
404 800 584 865 libertatem.
616 796 704 883 Quae
724 821 763 865 ne
782 801 884 887 opinio
900 799 1054 866 Gallorum
1068 804 1263 871 oonbrmane·
1286 819 1301 870 t

139 918 209 985 tur,
234 902 352 970 Caesar
365 900 503 967 Marcum
518 902 684 966 Antonium
706 915 896 987 quaestorem
916 905 980 969 suis
1001 907 1148 989 praeioeit
1166 909 1268 974 biber·

141 1011 209 1088 nise
232 1007 298 1092 ipse
318 1006 449 1090 equitum
473 1004 622 1090 praesidio
643 1005 738 1088 pridie
760 1003 1004 1072 dial.1anuarias
1025 1008 1062 1072 ab
1083 1009 1190 1094 oppido
1211 1007 1267 1076 Bi·

140 1112 245 1177 brente
258 1107 460 1195 prolieiseitnr
480 1106 784 1191 anteponerentur,
810 1130 896 1192 quam
920 1131 981 1174 non
1003 1112 1093 1196 longe
1114 1133 1133 1176 a
1155 1113 1266 1179 linibus

141 1213 337 1279 Haeduorum
352 1209 566 1274 eauloeuuerat
585 1210 616 1273 in
639 1211 747 1274 linibus
763 1208 952 1297 Biturigum,
970 1213 1057 1296 eique
1073 1214 1208 1298 adiungit
1222 1215 1266 1280 le-

104 1314 260 1403 lgienenr
275 1324 325 1393 xl,
343 1331 419 1397 quae
433 1311 570 1396 proximo
587 1313 696 1376 fueret.
720 1310 807 1378 Binis
823 1314 996 1379 oobortibus
1011 1316 1048 1378 ed
1063 1316 1266 1400 inpedimenta
1290 1328 1324 1381 tu

141 1418 251 1484 tuenda
266 1416 382 1481 relictis
396 1415 544 1498 reliquum
566 1416 736 1480 exereitum
758 1417 789 1480 in
805 1418 1028 1501 oopiesissimos
1043 1437 1135 1502 agros
1150 1415 1265 1484 Bituri-

142 1543 212 1608 qum
227 1519 361 1596 iudnoit‚
389 1517 457 1601 qni,
480 1536 547 1580 oum
570 1517 648 1582 letos
669 1519 746 1583 does
768 1530 799 1584 et
818 1520 970 1603 eomplurn
985 1521 1091 1606 oppida
1106 1520 1262 1600 baberent,

140 1625 231 1690 anius
246 1620 373 1706 legionis
389 1618 521 1684 hibernie
536 1638 596 1683 non
611 1621 764 1704 potuerint
777 1621 947 1701 contineri,
964 1624 1034 1706 quin
1050 1622 1158 1686 bellum
1173 1642 1264 1707 para·

104 1727 128 1800 8
141 1737 209 1793 rent
224 1722 509 1805 ooniuratiouesqun
523 1723 667 1785 leoennt.
699 1721 870 1808 Repentino
884 1725 1016 1789 aduentu
1025 1723 1169 1790 Caesaris
1183 1724 1264 1789 aeni-

140 1827 197 1906 dit,
214 1827 291 1912 quod
305 1825 452 1910 inparatis
460 1823 652 1909 disiectisque
660 1826 797 1890 eeoidere
811 1829 1011 1907 iuitneeesso‚
1027 1839 1061 1891 ut
1074 1829 1140 1893 sine
1154 1827 1263 1892 timore
1288 1836 1321 1893 tb

139 1931 201 1998 ullo
215 1950 288 1995 rura
301 1928 437 1994 nolentes
452 1927 535 2013 prius
544 1927 581 1992 ab
592 1929 724 2012 equitatu
736 1930 986 2014 opprimerentur,
1004 1930 1263 2014 qua-noningere

103 2032 172 2101 tta
196 2031 299 2118 oppida
323 2041 457 2115 possent.
487 2028 628 2114 Namque
649 2031 740 2096 etiam
763 2032 835 2096 illud
856 2033 980 2117 uulgare
1001 2033 1184 2097 inenrsionis
1209 2030 1262 2096 bo·

139 2137 229 2202 stium
244 2134 375 2221 signnm,
391 2134 468 2218 quod
483 2134 629 2198 innendiie
641 2135 842 2199 aedificiorum
857 2136 990 2220 intellegi
997 2137 1165 2214 conuenit,
1183 2131 1263 2201 Cae-

141 2237 222 2305 saris
236 2246 302 2303 erat
314 2237 476 2302 interdieta
491 2236 652 2311 sublatum,
670 2256 708 2300 ne
723 2248 776 2301 aut
791 2239 876 2322 nupia
890 2237 988 2322 pnbuli
1005 2234 1217 2321 frumentique,
1234 2238 1262 2301 ni

140 2343 260 2426 longius
276 2338 414 2425 progredi
430 2338 532 2415 uellet,
550 2338 746 2416 deiceretur,
764 2351 817 2403 aut
832 2341 935 2404 husten
951 2340 1096 2404 ineendiis
1111 2351 1264 2404 terreren·
1284 2347 1318 2404 21

105 2441 126 2509 b
142 2457 201 2509 tur.
234 2440 338 2506 Multis
354 2440 504 2504 bominum
521 2440 638 2503 milibus
653 2442 748 2524 raptis
764 2443 915 2525 perterriti
931 2440 1104 2529 Bituriges,
1128 2443 1179 2526 qui
1200 2441 1261 2526 pri·

141 2566 220 2611 mum
236 2545 398 2609 aduentum
414 2553 573 2625 potuerant
587 2543 718 2627 effugere
733 2542 957 2623 Romanorum,
980 2546 1011 2609 in
1033 2545 1173 2608 finitimas
1189 2544 1262 2606 niui-

140 2657 219 2713 tntas
235 2654 286 2710 aut
301 2644 425 2727 priuatis
450 2644 585 2730 hospitiis
601 2646 704 2709 eonflsi
719 2657 772 2709 aut
786 2648 932 2711 serietate
946 2646 1138 2711 consiliorum
1153 2646 1260 2708 eundu-

104 2749 259 2836 lperant.
299 2744 446 2810 Frustra:
471 2768 537 2810 nam
561 2743 679 2812 Caesar
706 2751 822 2833 magnis
845 2749 1002 2813 itineribus
1025 2747 1161 2810 omnibns
1184 2746 1260 2809 loeis

141 2850 275 2916 wonrrit
290 2869 346 2912 neo
371 2848 422 2912 dat
436 2850 488 2913 ulli
503 2851 619 2914 ciuitati
635 2853 760 2936 spatium
778 2852 814 2916 de
828 2850 924 2915 aliena
941 2849 1037 2933 potius
1053 2867 1140 2933 quam
1157 2848 1193 2912 de
1208 2848 1260 2911 do·
1282 2859 1317 2911 25

141 2954 266 3019 mention
281 2951 379 3016 salute
395 2951 561 3036 ongitandi3
579 2976 637 3040 qua
652 2955 806 3018 eeleritate
821 2964 851 3017 et
866 2950 968 3016 fideles
982 2949 1094 3014 amieos
1110 2951 1261 3021 retinebat

107 3055 127 3120 b
142 3067 174 3121 et
187 3056 356 3120 dubitantes
372 3064 489 3118 terrore
503 3055 541 3119 nd
557 3056 749 3120 condiciones
765 3057 846 3140 panis
861 3055 1037 3119 adducebat.
1071 3051 1141 3117 'l'ali
1157 3052 1261 3116 eondi-

140 3157 228 3222 oione
251 3157 401 3241 proposita
416 3152 589 3241 Bituriges,
617 3180 683 3222 oum
705 3158 762 3223 sibi
783 3159 923 3224 uiderent
945 3155 1104 3222 elementis
1119 3150 1261 3253 Caesaris

251 3295 261 3346 1
278 3307 354 3359 pesse
367 3308 382 3343 s
397 3291 517 3346 donanis
531 3291 616 3346 Ano
625 3294 705 3346 Dbe.
813 3297 953 3363 conplures
966 3292 998 3346 Β.
1109 3293 1262 3344 intulissent

140 3370 210 3438 (Β)ο
221 3369 331 3435 reliqui,
347 3370 457 3422 inissent
468 3371 540 3422 And.
555 3373 643 3423 (laon.
657 3388 685 3424 u.
791 3373 998 3440 iproseqnanrln
1007 3373 1032 3422 b.
1136 3371 1153 3422 1
1165 3371 1262 3420 ineam·

141 3451 233 3504 modae
246 3450 279 3514 Β,
293 3450 453 3501 incommode
468 3450 533 3502 ΟΒ.
637 3452 810 3504 recusandam
822 3452 857 3503 B.
976 3445 1260 3512 unisonantia.

248 3526 386 3593 leqaitnm
392 3529 522 3595 praesidio
531 3529 674 3596 B‘rela'quu'
680 3529 697 3594 ⁸,
711 3532 905 3598 onmeqnitstus
918 3528 1049 3597 praesidio
1059 3529 1151 3579 boda.

140 3603 193 3657 tul.
207 3603 263 3669 (Β).
369 3604 501 3656 ianuarino
515 3606 643 3669 ΑΒΟΒ,
659 3605 713 3657 lan.
727 3623 750 3656 e.
866 3607 943 3659 baur
957 3604 1118 3666 Glareanus,
1133 3618 1170 3653 ιιι
1183 3603 1261 3655 codd.

141 3681 329 3745 (duodecimum
342 3680 455 3746 B).Vid.
464 3698 487 3732 e.
497 3683 537 3742 ll,
551 3684 559 3734 l
573 3682 666 3747 ΝΗ,
678 3684 836 3745 51,2.10,1.
907 3680 1152 3736 laonloeauorntB.

141 3762 174 3814 10
186 3762 346 3813 undecimam
359 3760 392 3812 B.
510 3761 683 3828 inpedimenta
694 3763 728 3814 Β.
853 3758 1261 3814 lltneudaenr.eAnd.etnt.

136 3852 183 3906 pr.
197 3853 268 3889 unua
280 3838 448 3898 Aedaa'ntrr‘r',
462 3852 488 3900 a,
504 3837 641 3902 nisullur.
782 3837 812 3890 13
825 3837 956 3904 potuerint
968 3835 994 3887 A
1002 3834 1056 3886 BC
1064 3834 1128 3896 Dee
1142 3840 1264 3901 poterant

142 3913 194 3979 u,
207 3920 348 3981 potueruut
359 3928 382 3963 e.
507 3914 537 3964 lb
551 3914 678 3980 inparatis
691 3913 725 3964 Β.
839 3914 1007 3979 disiectisque
1020 3911 1202 3974 Venerianus,
1217 3911 1263 3961 de-

141 3993 270 4059 laetisque
283 3990 360 4042 eodd.
485 3990 515 4043 17
529 3992 722 4043 incursionibus
734 4007 771 4042 an.
783 4006 828 4057 pr.
845 3993 876 4043 0.
1000 3991 1265 4055 bestinmsignumA

140 4071 188 4136 (B)
198 4069 220 4122 0
227 4069 263 4132 Β,
277 4068 377 4132 ripum
391 4066 502 4117 bostium
516 4068 588 4119 dds.
712 4069 744 4121 l8
758 4067 955 4120 baedideiornm
967 4069 1002 4120 Β.
1141 4065 1264 4117 Caesaris

141 4155 202 4202 erat
212 4145 238 4200 A
247 4145 295 4211 (B)
305 4144 327 4196 0
333 4142 367 4207 Β,
382 4140 504 4194 Cnmrit
518 4144 544 4195 id
556 4151 615 4196 erat
628 4144 722 4196 bede.
837 4145 871 4200 21
884 4146 985 4197 uellent
996 4146 1032 4196 D.
1137 4141 1264 4194 doluerat

143 4229 169 4283 1,
272 4224 306 4280 22
318 4227 458 4290 potuerant
470 4221 583 4286 educare
596 4224 622 4275 A
627 4223 735 4276 ΒΟΒο
750 4226 822 4275 ‘aare
838 4229 946 4276 numm
959 4239 1013 4276 aon
1026 4221 1136 4287 omnss’,
1150 4220 1264 4286 effugere

142 4312 281 4380 ”merant
293 4319 321 4356 u.
442 4299 475 4356 21
488 4301 612 4355 indotata
626 4302 658 4353 B.
780 4302 815 4358 27
827 4302 990 4355 eonditienes
1004 4306 1032 4353 et
1042 4300 1192 4354 conditione
1204 4299 1261 4364 (Β).
