2692 4688
591 237 840 306 onamonns
1270 235 1336 305 119

156 413 200 502 τῇ
222 407 370 496 dvvc'pt'ae-
386 411 444 479 uel
464 424 534 487 rota
549 408 667 487 dulcia
681 409 813 497 πρῶτος
827 410 878 492 εἴη
893 406 1028 493 μᾶλλον
1037 455 1049 486 ,
1070 403 1276 495 α’σχοληθε1ς

155 510 314 594 dortour,
337 512 422 597 πρὸς
435 509 516 600 ὅπερ
531 509 664 600 ἡφύσις
678 507 840 598 ὑφηγεῖτο
855 511 968 595 τῆσέκ
981 507 1150 597 aqi‘la'yeru
1165 507 1278 577 dread-

155 639 254 699 τητος
268 612 336 680 eiad
358 619 538 700 στρατειῶν
554 615 815 690 subnotandus,
839 607 861 703 ᾗ
876 606 1101 696 κατεκτήσατο
1117 608 1182 695 τήν
1197 609 1277 698 q‘ye-

158 716 299 804 μονίαν,
317 713 377 784 οὐκ
392 717 593 804 ἐξικόμενος·

121 833 137 882 5
210 868 213 873 .
244 821 362 882 Denta
377 841 414 904 p.
432 818 492 884 181
510 821 560 884 ed.
577 821 686 885 Idam:
711 815 838 883 Caesari
859 818 1029 901 facultatem
1053 817 1170 880 dicendi
1193 816 1280 880 uideo

154 921 377 1006 imperatoriam
393 922 496 986 inisse.
872 951 873 956 ¹

400 1030 430 1087 in
446 1047 495 1087 cn.
515 1046 682 1088 conncmvu
698 1044 888 1088 numerumn
903 1034 947 1095 (a.
965 1022 1033 1102 77).

243 1124 372 1189 Suetoa.
394 1125 485 1190 Caes.
502 1125 539 1189 4:
572 1122 748 1210 Composita
762 1126 910 1190 seditione
926 1126 1008 1189 ciuili
1024 1121 1199 1189 Cornelium
1215 1122 1279 1188 Do·

155 1224 313 1307 labellum,¹
330 1228 519 1291 consularem
535 1239 566 1291 et
581 1229 785 1312 triumphalem
803 1228 911 1304 uirum,
929 1228 1158 1312 repetundarum
1175 1239 1278 1311 postu-

100 1339 132 1391 ro
154 1329 228 1392 lauit
242 1329 439 1412 absolutoque
454 1329 593 1394 Rhodum
609 1333 752 1394 secedere
767 1331 883 1393 statuit.

239 1431 360 1495 Arcen.
379 1436 411 1494 ia
428 1431 542 1497 Scaea.
559 1456 596 1519 p.
612 1432 657 1498 26
671 1435 758 1499 Bait.
772 1459 780 1496 ε
811 1432 861 1497 Ne
883 1434 960 1496 forte
984 1432 1091 1496 erretis
1107 1442 1138 1495 et
1153 1432 1278 1495 eundem

155 1531 233 1596 bunc
249 1531 308 1598 Cn.
328 1532 513 1599 Dolabellam
529 1535 636 1621 putetis
651 1555 740 1615 csse,
758 1536 789 1599 iu
804 1558 891 1620 quem
908 1533 946 1601 C.
966 1532 1108 1599 Caesaris
1124 1536 1279 1599 orationes

154 1635 266 1718 legitis.

178 1744 181 1748 ’
245 1737 318 1802 Τοο.
337 1739 375 1802 de
391 1751 472 1804 orat.
491 1740 553 1804 34:
577 1739 786 1805 Nouodecimo
808 1743 915 1805 aetatis
932 1762 1010 1804 anno
1026 1739 1066 1803 L.
1086 1736 1220 1803 Crassus
1236 1735 1274 1803 C.

80 1849 133 1900 11
155 1836 337 1919 Carbonem,
356 1862 415 1905 uno
431 1853 463 1905 et
477 1841 618 1904 uicesimo
634 1839 751 1906 Caesar
760 1839 959 1920 Dolabellam,
976 1843 1072 1905 altero
1088 1853 1118 1905 et
1133 1841 1276 1903 uicesimo

153 1937 283 2004 Asinius
299 1941 397 2005 Pollio
413 1940 451 2006 C.
463 1939 624 2016 Catonem,
641 1964 702 2005 uon
718 1945 842 2007 multum
857 1955 956 2008 aetate
972 1945 1152 2007 antecedens
1163 1938 1277 2006 Caluus

155 2040 309 2107 Vatinium
325 2042 363 2105 iis
379 2044 563 2107 orationibus
578 2043 705 2108 insecuti
721 2055 803 2123 sunt,
820 2065 893 2130 quas
910 2045 995 2109 bodic
1011 2064 1126 2127 quoquc
1143 2066 1208 2108 cum
1225 2044 1277 2108 ad-

153 2144 313 2208 miratione
328 2145 466 2228 legimus.

242 2244 371 2310 Sueten.
393 2247 485 2311 Caes.
503 2245 564 2312 55:
597 2244 702 2312 &nus
724 2246 910 2329 eloquentiae
931 2247 1077 2308 duntaxat
1101 2245 1277 2309 adolescens

96 2354 131 2409 20
153 2345 250 2410 adbuc
260 2343 418 2414 Strabonis
427 2346 570 2414 Caesaris
586 2361 706 2414 secutus
722 2349 858 2426 uidetur3
870 2349 953 2412 cuius
970 2347 1059 2411 etiam
1075 2347 1274 2425 exoratione,

154 2469 229 2530 quac
245 2450 418 2513 inscribitur
433 2472 486 2535 pro
500 2447 619 2531 Sardis,
636 2451 674 2516 ad
689 2451 812 2516 uerbum
829 2450 971 2514 nonnulla
986 2449 1138 2513 transtulit
1152 2449 1184 2513 in
1200 2448 1278 2513 diui-

154 2552 305 2615 nationem
315 2573 417 2616 suam.

241 2653 279 2716 V
275 2655 320 2718 al.
336 2655 433 2720 Maec.
453 2655 542 2720 VIII
551 2703 560 2736 ,
578 2654 611 2735 D,
628 2653 668 2720 3:
693 2654 790 2720 Diuus
806 2677 920 2739 quoque
935 2653 1028 2719 lulius
1044 2656 1103 2719 uim
1119 2654 1278 2718 facundiae

153 2755 271 2839 proprie
300 2760 452 2842 expressit
474 2758 599 2823 dicendo
622 2758 654 2822 in
676 2760 867 2822 accusatione
890 2754 948 2820 Cn.
972 2754 1163 2834 Dolabellae,
1188 2775 1278 2837 quem

95 2869 132 2922 11
153 2859 332 2944 reumegit,
357 2861 534 2946 extorqueri
550 2860 607 2926 sibi
623 2879 742 2925 eausam
759 2859 898 2941 optimam
914 2856 952 2920 l..
973 2853 1082 2920 Cottae
1098 2856 1275 2941 patrocinio,

153 2960 297 3043 siquidem
314 2965 445 3028 maxima
462 2976 532 3028 tunc
550 3011 558 3028 .
579 3008 587 3026 .
605 2962 795 3047 eloquentiae
811 2971 917 3044 questa
933 2970 988 3023 est.

263 3147 272 3196 l
288 3143 389 3211 μᾶλλον
402 3137 565 3214 Stepbauue,
579 3147 682 3214 μᾶλλον
694 3145 747 3200 ἀλλ’
762 3150 840 3201 codd.
982 3149 997 3200 b
1010 3152 1084 3199 inter
1096 3149 1236 3214 imperator
1249 3152 1278 3197 et

154 3225 235 3275 tuisse
257 3225 367 3274 litterae
387 3229 415 3275 in
435 3226 526 3277 codiee
539 3227 620 3277 ualde
633 3229 794 3279 obscuratae
805 3230 888 3277 auat:
903 3226 1085 3292 imperatorum
1098 3226 1206 3288 Maius,
1227 3225 1278 3276 aed

150 3302 268 3364 dubitat,
279 3316 314 3350 an
329 3302 520 3368 imperatorium
532 3302 621 3370 tegere
633 3303 764 3354 debuerit.
859 3302 874 3355 1
887 3303 932 3366 Cs.
943 3302 1017 3353 I’Iut.
1031 3302 1108 3354 Caes.
1118 3305 1143 3354 1.
1154 3301 1182 3354 V
1181 3301 1228 3352 etl.
1237 3302 1274 3365 11,

152 3381 194 3442 13,
210 3382 234 3431 ³.
252 3383 306 3431 Cic.
323 3381 402 3431 Brut.
418 3382 461 3445 oa,
475 3381 536 3433 311.
645 3382 803 3433 breditiooe
817 3382 902 3447 ciuili]
916 3383 950 3432 ab
963 3381 1068 3447 Lepido
1081 3388 1165 3434 mota.

152 3457 167 3506 a
179 3455 323 3506 Dolabella
337 3459 503 3524 conrutsur't
514 3473 540 3507 a.
554 3457 583 3509 81
598 3493 606 3522 ,
621 3460 807 3522 triumpbaua't
818 3474 854 3508 ea
867 3457 1039 3510 Macedonia.
1151 3458 1184 3510 te
1197 3457 1275 3524 buce]

149 3539 304 3599 praetorem
318 3551 345 3583 a.
360 3535 403 3586 st.
421 3536 465 3601 Cf.
480 3537 578 3586 Aaron.
593 3535 630 3585 ad
643 3535 754 3586 Comei.
765 3550 795 3600 p.
811 3536 853 3587 73.
991 3535 1100 3587 Caesari
1113 3551 1218 3586 sorores
1231 3537 1275 3587 ed.

148 3615 288 3678 princepe.
396 3615 426 3664 lb
440 3629 491 3663 utro
505 3621 532 3664 et
545 3613 680 3680 uicesimo]
695 3617 777 3666 immo
792 3618 874 3664 tertio
887 3619 914 3663 et
925 3618 1065 3664 uicesimo.
1172 3613 1278 3665 lbmul·

152 3697 204 3740 tum
213 3690 365 3752 beldeasr'a,
376 3691 457 3740 multo
470 3691 531 3742 edd.
648 3691 679 3743 11
688 3692 764 3743 bodie
775 3707 876 3758 quoque
887 3691 1029 3742 detdeuaie
1038 3691 1188 3742 Vaticanus
1198 3691 1275 3760 1812,

152 3783 205 3817 non
220 3768 356 3832 bodie-quc.
461 3769 614 3835 tlpruprie‚
629 3770 839 3831 utPerirom'oa,
854 3784 913 3818 cum
928 3769 1047 3834 propriae
1060 3769 1193 3834 ederetur,
1208 3775 1276 3823 eari-

153 3845 266 3893 bendum
279 3845 490 3907 demonstrauit,
504 3861 597 3895 omnes
609 3844 686 3895 codd.
703 3846 800 3896 Oarotr'
810 3844 945 3909 Kenrpfie'p
961 3849 1012 3910 qut
1023 3844 1055 3895 de
1067 3846 1119 3895 boe
1131 3844 1189 3898 loeo
1202 3863 1219 3897 a
1232 3863 1275 3899 me

152 3920 364 3970 consultaturus
373 3924 466 3984 copiae
477 3921 591 3984 benigne
599 3935 702 3970 meeum
711 3923 934 3971 comanunicaur't.
1039 3921 1072 3975 25
1082 3921 1110 3972 C.
1121 3920 1213 3974 Cottae
1222 3924 1277 3975 Va·

151 3997 220 4045 teria
233 3995 504 4060 seribendumjuiese
515 3998 673 4047 Perizonius
686 4001 801 4047 uacauit.
907 3997 941 4048 to
950 3997 1076 4063 siquidem
1089 4000 1199 4051 maxime
1213 4009 1274 4051 tunc

153 4073 319 4138 eloquentiae
333 4080 426 4137 questa
439 4080 480 4124 est
491 4089 534 4137 pr.
544 4089 580 4124 m.
596 4074 697 4124 codicis
706 4074 785 4125 Petri
791 4074 925 4138 Danielis,
940 4080 1059 4128 omnium
1072 4082 1185 4144 optimt5
1194 4080 1275 4144 riqui-

152 4153 208 4202 dem
223 4154 333 4202 maxirnu
347 4159 408 4201 tunc
421 4151 570 4218 eloquentia
586 4160 677 4218 questu
691 4160 843 4203 estruem.
857 4155 973 4204 eiusdem
988 4161 1014 4205 et
1027 4161 1113 4207 ceteri
1125 4158 1196 4206 boni.
1207 4157 1277 4206 I'uto

143 4229 254 4292 sm'eee:
275 4229 402 4295 siquidum
420 4231 531 4279 maxima
550 4236 612 4280 tuuc
625 4230 774 4295 eloquentia
787 4232 837 4281 uim
851 4231 1020 4299 eloquentiae
1033 4241 1135 4299 questa
1144 4238 1202 4280 cst.
1212 4229 1296 4276 nm

146 4313 234 4375 pfium
247 4327 333 4376 neque
346 4311 444 4361 Iaeuaa
457 4327 543 4377 nequae
554 4314 694 4364 contentia
700 4311 836 4381 fugerat.
