2692 4688
438 228 579 299 cotton
595 230 642 299 111
657 230 752 300 GAP.
768 224 923 300 bd-dt.
1263 234 1327 304 595

148 423 188 467 ox
212 403 376 466 domestico
398 401 507 466 iudicio
529 414 616 487 atque
637 404 726 468 animi
742 404 925 469 conscientia
940 407 1164 493 intellegebant.
1196 406 1303 492 Quod

146 507 262 591 pudore
279 505 397 568 adducti
414 515 444 567 et
460 507 588 569 fortasse
603 526 663 569 oon
678 527 711 571 se
727 506 861 586 liberari,
879 508 932 571 aed
947 507 978 571 in
994 509 1073 573 aliud
1090 520 1204 596 tempos
1218 533 1266 576 re·

147 608 269 671 seruari
292 606 429 669 arbitrati
452 607 605 672 discedere
628 628 643 670 a
668 607 755 672 nobis
777 620 808 672 et
827 629 935 672 nouam
958 620 1102 695 temptare
1118 613 1266 677 inducam

147 729 304 791 nouasque
327 708 473 772 amicitias
496 710 628 792 experiri
644 711 883 774 constituerunt.
915 709 957 774 Et
978 733 1043 776 cnm
1060 715 1162 797 paucis
1178 714 1304 778 eollo-d

110 824 127 876 t
149 811 211 875 euti
234 809 393 874 clientibus
413 811 494 889 suis,
518 811 622 894 quibos
645 821 760 875 motum
777 813 894 876 lacinus
908 814 1093 880 committere
1107 816 1268 896 audebant,

148 911 391 999 primumconuti
414 923 484 976 sunt
505 916 688 997 praelectum
711 914 843 996 equitum
874 911 912 979 C.
938 913 1124 980 Volusenum
1155 918 1268 983 interli-
1314 910 1316 917 ’

147 1036 230 1094 cere,
249 1026 281 1079 ut
297 1025 401 1101 postea
416 1015 493 1079 bello
509 1017 647 1079 conlecto
662 1015 813 1099 cognitum
831 1026 887 1095 est,
901 1029 932 1081 ut
947 1039 1014 1081 cnm
1029 1039 1154 1084 munere
1169 1019 1268 1104 aliquo

151 1119 319 1202 perfugisse
335 1117 371 1181 ed
390 1114 560 1201 Pompeium
577 1117 769 1198 uiderentorq
794 1129 949 1202 postquam
964 1120 994 1182 id
1009 1120 1155 1186 difficilius
1169 1122 1267 1186 uisum
1283 1121 1304 1187 5

151 1229 217 1298 est,
240 1240 337 1303 neque
353 1218 481 1283 facultas
497 1220 667 1304 perficiendi
683 1220 827 1299 dabatur,
845 1241 931 1304 qoam
947 1220 1092 1287 maximas
1109 1235 1270 1308 potuerunt

96 1331 130 1386 to
153 1321 291 1406 pecunias
308 1322 445 1398 mutuati,
457 1321 581 1405 proinde
596 1342 631 1384 ac
646 1321 708 1386 suis
724 1323 900 1387 satisfacere
916 1335 946 1388 et
961 1326 1095 1388 lraudata
1108 1327 1270 1390 restituere

153 1422 283 1497 uellent,
307 1422 409 1486 multia
433 1423 576 1507 coemptis
593 1423 677 1507 equis
691 1425 728 1488 ad
744 1422 920 1509 Pompeium
936 1427 1121 1491 transierant
1135 1448 1201 1491 com
1216 1427 1266 1507 iis,

151 1546 226 1609 qnos
242 1524 288 1589 sui
303 1525 422 1590 consilii
439 1525 598 1610 participes
615 1527 772 1591 babebaot.
798 1525 884 1611 Quos
899 1526 1071 1613 Pompeius,
1090 1530 1167 1613 quod
1182 1540 1267 1593 erant
1284 1528 1324 1600 dl

152 1626 279 1692 bonesto
301 1627 369 1691 loeo
397 1628 461 1691 nati
484 1638 515 1691 et
535 1627 674 1694 instructi
697 1630 864 1693 liberaliter
884 1650 1051 1715 magnoque
1074 1632 1216 1696 comitatu
1237 1641 1269 1696 et

152 1730 253 1794 multis
275 1729 416 1793 iumentis
440 1741 585 1794 uenerant
606 1731 722 1814 uirique
743 1733 837 1796 lortes
859 1731 1046 1796 habebantur
1067 1744 1097 1796 et
1111 1732 1141 1795 in
1155 1733 1268 1798 bonore

96 1842 128 1897 rt
151 1832 227 1916 apud
238 1828 398 1896 Caesarem
417 1833 545 1910 lucrant,
564 1833 699 1917 quodque
715 1855 825 1898 nouum
842 1845 873 1899 et
888 1843 1008 1919 praeter
1022 1834 1267 1899 consuetudinem

153 1933 315 2007 acciderat,
332 1933 427 1998 omnia
441 1955 496 1998 sua
511 1935 660 2019 praesidia
676 1935 876 1999 circumduxit
890 1947 977 2020 atque
993 1937 1167 2000 ostentauit.
1188 1934 1305 2001 Nam2

154 2045 224 2099 ante
245 2034 273 2099 id
291 2045 403 2120 tempus
418 2058 505 2101 nemo
521 2048 572 2102 aut
587 2038 672 2102 miles
687 2047 740 2102 aut
754 2058 845 2121 eques
861 2059 876 2100 a
894 2034 1027 2102 Caesare
1043 2038 1078 2101 ad
1095 2035 1269 2122 Pompeium
1323 2107 1327 2119 ⁸

153 2137 327 2217 transierat,
338 2160 402 2202 cnm
419 2161 513 2223 paene
529 2140 638 2204 cotidie
654 2139 823 2224 al’ompeio
839 2135 1047 2203 adCacsarem
1063 2141 1266 2223 peringerent,

152 2240 241 2324 uulgo
265 2260 339 2305 uero
361 2242 492 2307 urrioersi
518 2244 549 2307 in
564 2241 659 2328 Epiro
675 2252 764 2326 atque
779 2240 900 2305 Aetolia
917 2240 1078 2323 conscripti
1094 2240 1203 2304 milites
1220 2261 1270 2304 ea·

93 2352 130 2409 2⁰
153 2361 277 2427 rumque
297 2344 453 2427 regionum
476 2345 625 2420 omnium,
649 2365 725 2427 qnae
748 2339 916 2408 uCaesare
938 2342 1130 2406 tenebantur.
1163 2336 1225 2406 Sed
1239 2341 1305 2407 hit

155 2444 281 2527 cognitis
302 2446 440 2511 omnibus
464 2447 574 2526 rebus,
600 2470 655 2512 seu
671 2449 738 2532 qnid
754 2449 784 2512 iu
800 2445 1014 2510 monitionibus
1030 2447 1193 2531 perlectum
1209 2466 1271 2510 non

153 2556 236 2626 erat,
263 2548 408 2630 seuquid
433 2571 448 2612 a
473 2550 665 2634 peritioribus
687 2551 731 2616 rei
755 2550 891 2613 militaris
913 2549 1075 2613 desiderari
1098 2547 1267 2628 uidebatur,

155 2649 396 2734 temporibusque
419 2672 519 2715 rerum
543 2664 574 2715 et
588 2653 693 2737 spatiis
708 2653 863 2731 locorum,
887 2653 1087 2716 custodiarum
1104 2652 1188 2714 uaria
1204 2652 1271 2715 dili·

153 2752 256 2836 gentia
271 2751 491 2832 animaduersa,
505 2767 593 2837 prout
608 2755 749 2838 cuiusque
766 2776 882 2830 eornm,
893 2753 942 2836 qui
958 2752 1086 2831 negotiis
1096 2763 1269 2834 praeerant,

94 2861 131 2918 2⁵
154 2864 205 2917 ant
220 2864 327 2919 natura
342 2865 393 2917 aut
407 2856 535 2919 studium
553 2857 687 2936 serebat,
712 2857 785 2922 lraee
802 2857 839 2920 ad
854 2854 1026 2939 Pompeium
1042 2852 1141 2915 omnia
1159 2853 1273 2918 detule-

153 2966 234 3019 runt.
266 2952 384 3038 Quibus
407 2958 457 3022 ille
482 2961 610 3045 cognitis
626 2959 851 3043 eruptionisque
866 2958 924 3021 iam
941 2964 1114 3036 antecapto
1130 2954 1267 3034 consilio,
1283 2954 1328 3027 62

155 3066 187 3119 ot
203 3057 436 3123 demonstratum
453 3072 510 3139 est,
530 3063 693 3146 tegimenta
708 3061 802 3142 galeis
817 3060 925 3122 milites
941 3078 982 3121 ex
999 3054 1155 3119 cimicibus
1172 3058 1272 3122 iacere

154 3167 243 3240 atque
267 3180 405 3244 aggerem
429 3162 510 3226 iubet
526 3174 724 3247 comportare.
758 3160 814 3225 His
831 3161 943 3246 paratis
960 3158 1048 3223 rebus
1064 3180 1202 3242 magnum
1218 3159 1309 3224 nu-2

118 3308 120 3312 .
155 3280 267 3324 merum
283 3260 357 3327 leuis
373 3276 542 3329 armaturae
558 3276 588 3328 et
602 3265 824 3348 sagittariorum
840 3281 1039 3346 aggeremque
1053 3282 1169 3326 omnem
1182 3275 1273 3326 noctu

96 3370 131 3423 30
153 3360 185 3425 in
207 3362 332 3447 scaphas
355 3375 386 3429 et
407 3388 501 3430 naues
523 3369 673 3432 actuarias
690 3368 804 3452 inponit
819 3375 849 3428 et
864 3367 900 3428 de
915 3365 1011 3429 media
1028 3375 1115 3429 nocte
1131 3363 1272 3428 cohortes

155 3472 203 3525 Lx
224 3483 263 3526 ex
278 3468 417 3531 maximis
434 3471 542 3534 castris
558 3470 773 3554 praesidiisque
790 3468 929 3532 deductas
946 3468 980 3529 ad
998 3488 1062 3530 eam
1079 3477 1193 3551 partem
1208 3489 1274 3531 nru-

153 3563 300 3631 nitiunum
323 3570 420 3648 ducit,
446 3593 523 3654 quae
544 3573 734 3655 pertinebant
748 3573 783 3636 ad
801 3591 882 3634 mare
898 3568 1130 3653 longissimeque
1145 3591 1161 3633 a
1178 3571 1274 3635 maxi·

261 3760 278 3813 2
290 3761 403 3813 liberare
416 3778 443 3812 a.
605 3764 620 3814 l
633 3763 763 3813 amicitias
776 3763 890 3830 experiri
904 3777 930 3824 a,
945 3757 1059 3825 experiri
1073 3757 1201 3809 amicitias
1213 3760 1274 3811 edd.

263 3841 401 3892 collocutio
414 3857 441 3891 a.
547 3841 562 3892 d
576 3841 732 3892 interfecere
746 3847 809 3891 nota
822 3856 892 3892 corr.
907 3855 934 3889 u.
1049 3835 1065 3885 8
1080 3835 1183 3888 lucilius
1197 3841 1237 3891 ab
1250 3847 1278 3892 et

153 3928 189 3963 m.
201 3928 248 3980 pr.
263 3931 286 3965 c.
395 3919 426 3969 ld
440 3918 546 3985 proinde
563 3917 681 3980 ‘omneo',
698 3918 804 3984 perinde
818 3916 871 3983 (a).
979 3914 1006 3965 ll
1023 3929 1079 3964 eom
1092 3914 1131 3964 bis
1140 3929 1167 3965 a.

155 3990 187 4041 lb
201 3989 309 4042 luerunt
324 3993 398 4043 ‘men
413 3994 447 4045 θ’.
556 3994 586 4044 16
596 3999 661 4059 poet
673 3994 801 4059 praesidia
815 3995 915 4059 repetit
925 4006 1005 4040 suno.
1113 3992 1275 4058 18peoetol.

264 4071 298 4122 20
311 4072 353 4122 blo
365 4088 392 4122 u.
497 4072 529 4123 23
544 4073 717 4122 custodiarum
732 4086 790 4137 ego,
806 4072 830 4121 io
845 4070 1019 4121 custodiarum
1033 4070 1137 4131 abed;
1151 4079 1177 4121 et
1190 4079 1275 4121 ensto-

158 4144 258 4197 diarum
272 4163 299 4196 u.
407 4147 474 4197 ciria
488 4148 563 4210 abd,
577 4148 619 4197 uir
631 4164 717 4199 rancato
730 4150 821 4214 spatio
833 4150 987 4212 excipiente
1000 4162 1023 4197 e.
1129 4148 1162 4197 25
1177 4147 1277 4196 detule-

158 4230 246 4274 ranta
262 4225 336 4274 ‘mon
348 4224 474 4290 plerique
487 4232 516 4274 et
527 4225 709 4275 uetustioras'.
815 4225 849 4278 28
863 4224 934 4273 iubet
947 4232 1109 4288 coutportore
1121 4239 1147 4287 n,
1163 4240 1278 4291 compor-

157 4303 371 4353 tnrcinbotadd.
497 4303 691 4369 comparatisb.
818 4302 1002 4368 ddinponito·
1107 4300 1277 4367 dlea]eto.

1062 4381 1128 4446 38*
