<?xml version="1.0" encoding="UTF-8"?>
<!DOCTYPE html PUBLIC "-//W3C//DTD XHTML 1.0 Transitional//EN"
    "http://www.w3.org/TR/xhtml1/DTD/xhtml1-transitional.dtd">
<html xmlns="http://www.w3.org/1999/xhtml" xml:lang="en" lang="en">
 <head>
  <title>
</title>
<meta http-equiv="Content-Type" content="text/html;charset=utf-8" />
  <meta name='ocr-system' content='tesseract 3.04.00' />
  <meta name='ocr-capabilities' content='ocr_page ocr_carea ocr_par ocr_line ocrx_word'/>
</head>
<body>
  <div class='ocr_page' id='page_1' title='image "./civliicaesarisc02hirtgoog_0419.png"; bbox 0 0 2692 4688; ppageno 0'>
   <div class='ocr_carea' id='block_1_1' title="bbox 41 183 883 257">
    <p class='ocr_par' dir='ltr' id='par_1_1' title="bbox 41 183 883 257">
     <span class='ocr_line' id='line_1_1' title="bbox 41 183 883 257; baseline -0.002 -2"><span class='ocrx_word' id='word_1_1' title='bbox 41 186 108 255; x_wconf 74' lang='lat' dir='ltr'><strong>tte</strong></span> <span class='ocrx_word' id='word_1_2' title='bbox 441 188 499 257; x_wconf 77' lang='lat' dir='ltr'><strong>ltu</strong></span> <span class='ocrx_word' id='word_1_3' title='bbox 522 186 667 257; x_wconf 78' lang='lat' dir='ltr'>BELLO</span> <span class='ocrx_word' id='word_1_4' title='bbox 690 183 883 254; x_wconf 77' lang='lat' dir='ltr'><strong>cnuutco</strong></span> 
     </span>
    </p>
   </div>
   <div class='ocr_carea' id='block_1_2' title="bbox 66 354 1286 1670">
    <p class='ocr_par' dir='ltr' id='par_1_2' title="bbox 66 354 1286 1670">
     <span class='ocr_line' id='line_1_2' title="bbox 102 354 1223 446; baseline -0.004 -23"><span class='ocrx_word' id='word_1_5' title='bbox 102 359 232 443; x_wconf 85' lang='lat' dir='ltr'><strong>legatum</strong></span> <span class='ocrx_word' id='word_1_6' title='bbox 246 360 399 444; x_wconf 78' lang='lat' dir='ltr'><strong>relinquit.</strong></span> <span class='ocrx_word' id='word_1_7' title='bbox 431 359 520 446; x_wconf 90' lang='lat' dir='ltr'><strong>lpse,</strong></span> <span class='ocrx_word' id='word_1_8' title='bbox 546 373 578 426; x_wconf 92' lang='lat' dir='ltr'><strong>ut</strong></span> <span class='ocrx_word' id='word_1_9' title='bbox 599 382 686 445; x_wconf 85' lang='lat' dir='ltr'><strong>quam</strong></span> <span class='ocrx_word' id='word_1_10' title='bbox 707 360 831 445; x_wconf 88' lang='lat' dir='ltr'><strong>primum</strong></span> <span class='ocrx_word' id='word_1_11' title='bbox 847 360 908 423; x_wconf 92' lang='lat' dir='ltr'><strong>iter</strong></span> <span class='ocrx_word' id='word_1_12' title='bbox 921 359 1047 435; x_wconf 85' lang='lat' dir='ltr'><strong>iaceret,</strong></span> <span class='ocrx_word' id='word_1_13' title='bbox 1064 354 1223 420; x_wconf 75' lang='lat' dir='ltr'>Cenabum</span> 
     </span>
     <span class='ocr_line' id='line_1_3' title="bbox 66 456 1224 549; baseline -0.002 -24"><span class='ocrx_word' id='word_1_14' title='bbox 66 456 270 527; x_wconf 66' lang='lat' dir='ltr'><strong>termarum</strong></span> <span class='ocrx_word' id='word_1_15' title='bbox 285 463 500 547; x_wconf 81' lang='lat' dir='ltr'><strong>proficiscitur3</strong></span> <span class='ocrx_word' id='word_1_16' title='bbox 518 465 566 549; x_wconf 95' lang='lat' dir='ltr'><strong>qui</strong></span> <span class='ocrx_word' id='word_1_17' title='bbox 582 476 643 528; x_wconf 89' lang='lat' dir='ltr'><strong>tum</strong></span> <span class='ocrx_word' id='word_1_18' title='bbox 660 463 785 548; x_wconf 72' lang='lat' dir='ltr'><strong>puerum</strong></span> <span class='ocrx_word' id='word_1_19' title='bbox 795 461 893 526; x_wconf 84' lang='lat' dir='ltr'><strong>adlato</strong></span> <span class='ocrx_word' id='word_1_20' title='bbox 909 461 1015 526; x_wconf 89' lang='lat' dir='ltr'><strong>nuntio</strong></span> <span class='ocrx_word' id='word_1_21' title='bbox 1025 461 1224 546; x_wconf 83' lang='lat' dir='ltr'><strong>deoppugna·</strong></span> 
     </span>
     <span class='ocr_line' id='line_1_4' title="bbox 103 563 1222 651; baseline -0.004 -22"><span class='ocrx_word' id='word_1_22' title='bbox 103 564 426 644; x_wconf 89' lang='lat' dir='ltr'><strong>tioneVellauuoduni,</strong></span> <span class='ocrx_word' id='word_1_23' title='bbox 444 587 510 632; x_wconf 89' lang='lat' dir='ltr'><strong>cum</strong></span> <span class='ocrx_word' id='word_1_24' title='bbox 527 566 644 651; x_wconf 77' lang='lat' dir='ltr'><strong>longius</strong></span> <span class='ocrx_word' id='word_1_25' title='bbox 659 586 725 629; x_wconf 88' lang='lat' dir='ltr'><strong>eam</strong></span> <span class='ocrx_word' id='word_1_26' title='bbox 740 565 929 629; x_wconf 89' lang='lat' dir='ltr'><strong>remductum</strong></span> <span class='ocrx_word' id='word_1_27' title='bbox 945 564 982 627; x_wconf 93' lang='lat' dir='ltr'><strong>iri</strong></span> <span class='ocrx_word' id='word_1_28' title='bbox 998 563 1222 641; x_wconf 70' lang='lat' dir='ltr'><strong>exinaniat-ent,</strong></span> 
     </span>
     <span class='ocr_line' id='line_1_5' title="bbox 104 665 1222 751; baseline -0.003 -20"><span class='ocrx_word' id='word_1_29' title='bbox 104 667 285 751; x_wconf 70' lang='lat' dir='ltr'>praesidium</span> <span class='ocrx_word' id='word_1_30' title='bbox 294 665 412 732; x_wconf 85' lang='lat' dir='ltr'><strong>Geuabi</strong></span> <span class='ocrx_word' id='word_1_31' title='bbox 427 669 530 732; x_wconf 92' lang='lat' dir='ltr'><strong>tuendi</strong></span> <span class='ocrx_word' id='word_1_32' title='bbox 546 688 650 745; x_wconf 90' lang='lat' dir='ltr'><strong>causa,</strong></span> <span class='ocrx_word' id='word_1_33' title='bbox 668 668 746 750; x_wconf 94' lang='lat' dir='ltr'><strong>quod</strong></span> <span class='ocrx_word' id='word_1_34' title='bbox 762 688 799 730; x_wconf 91' lang='lat' dir='ltr'><strong>eo</strong></span> <span class='ocrx_word' id='word_1_35' title='bbox 814 667 980 744; x_wconf 76' lang='lat' dir='ltr'><strong>mitterent,</strong></span> <span class='ocrx_word' id='word_1_36' title='bbox 996 665 1222 749; x_wconf 73' lang='lat' dir='ltr'><strong>comparabant.</strong></span> 
     </span>
     <span class='ocr_line' id='line_1_6' title="bbox 68 763 1261 853; baseline 0.001 -23"><span class='ocrx_word' id='word_1_37' title='bbox 68 763 171 832; x_wconf 78' lang='lat' dir='ltr'><strong>5flnc</strong></span> <span class='ocrx_word' id='word_1_38' title='bbox 184 768 274 833; x_wconf 84' lang='lat' dir='ltr'>biduo</span> <span class='ocrx_word' id='word_1_39' title='bbox 290 771 438 853; x_wconf 74' lang='lat' dir='ltr'><strong>peruenit,</strong></span> <span class='ocrx_word' id='word_1_40' title='bbox 484 767 603 835; x_wconf 83' lang='lat' dir='ltr'><strong>Castris</strong></span> <span class='ocrx_word' id='word_1_41' title='bbox 626 780 696 832; x_wconf 88' lang='lat' dir='ltr'><strong>aute</strong></span> <span class='ocrx_word' id='word_1_42' title='bbox 718 769 854 853; x_wconf 92' lang='lat' dir='ltr'><strong>oppidum</strong></span> <span class='ocrx_word' id='word_1_43' title='bbox 879 769 983 852; x_wconf 91' lang='lat' dir='ltr'><strong>positis</strong></span> <span class='ocrx_word' id='word_1_44' title='bbox 1007 766 1065 830; x_wconf 91' lang='lat' dir='ltr'><strong>diei</strong></span> <span class='ocrx_word' id='word_1_45' title='bbox 1088 778 1261 853; x_wconf 74' lang='lat' dir='ltr'><strong>tempores</strong></span> 
     </span>
     <span class='ocr_line' id='line_1_7' title="bbox 104 870 1225 957; baseline -0.001 -22"><span class='ocrx_word' id='word_1_46' title='bbox 104 871 248 936; x_wconf 80' lang='lat' dir='ltr'><strong>exetusm</strong></span> <span class='ocrx_word' id='word_1_47' title='bbox 271 872 301 934; x_wconf 95' lang='lat' dir='ltr'><strong>in</strong></span> <span class='ocrx_word' id='word_1_48' title='bbox 323 884 478 956; x_wconf 89' lang='lat' dir='ltr'><strong>posterum</strong></span> <span class='ocrx_word' id='word_1_49' title='bbox 500 873 748 957; x_wconf 79' lang='lat' dir='ltr'><strong>oppugnationem</strong></span> <span class='ocrx_word' id='word_1_50' title='bbox 764 872 862 934; x_wconf 76' lang='lat' dir='ltr'><strong>did&#39;ert</strong></span> <span class='ocrx_word' id='word_1_51' title='bbox 876 890 1011 954; x_wconf 90' lang='lat' dir='ltr'><strong>quaeque</strong></span> <span class='ocrx_word' id='word_1_52' title='bbox 1027 870 1063 932; x_wconf 88' lang='lat' dir='ltr'><strong>ad</strong></span> <span class='ocrx_word' id='word_1_53' title='bbox 1079 891 1144 934; x_wconf 89' lang='lat' dir='ltr'><strong>eam</strong></span> <span class='ocrx_word' id='word_1_54' title='bbox 1160 892 1225 934; x_wconf 93' lang='lat' dir='ltr'><strong>rem</strong></span> 
     </span>
     <span class='ocr_line' id='line_1_8' title="bbox 69 969 1228 1060; baseline -0.001 -23"><span class='ocrx_word' id='word_1_55' title='bbox 69 969 91 1037; x_wconf 82' lang='lat' dir='ltr'><strong>lb</strong></span> <span class='ocrx_word' id='word_1_56' title='bbox 106 973 173 1037; x_wconf 84' lang='lat' dir='ltr'><strong>usui</strong></span> <span class='ocrx_word' id='word_1_57' title='bbox 188 973 250 1038; x_wconf 90' lang='lat' dir='ltr'><strong>siut</strong></span> <span class='ocrx_word' id='word_1_58' title='bbox 264 975 407 1039; x_wconf 77' lang='lat' dir='ltr'><strong>militibus</strong></span> <span class='ocrx_word' id='word_1_59' title='bbox 423 976 550 1060; x_wconf 87' lang='lat' dir='ltr'><strong>imperat</strong></span> <span class='ocrx_word' id='word_1_60' title='bbox 564 986 607 1048; x_wconf 90' lang='lat' dir='ltr'><strong>et,</strong></span> <span class='ocrx_word' id='word_1_61' title='bbox 624 976 700 1057; x_wconf 95' lang='lat' dir='ltr'><strong>quod</strong></span> <span class='ocrx_word' id='word_1_62' title='bbox 717 972 853 1058; x_wconf 91' lang='lat' dir='ltr'><strong>oppidum</strong></span> <span class='ocrx_word' id='word_1_63' title='bbox 870 969 1026 1035; x_wconf 85' lang='lat' dir='ltr'><strong>Genabum</strong></span> <span class='ocrx_word' id='word_1_64' title='bbox 1042 993 1116 1056; x_wconf 91' lang='lat' dir='ltr'><strong>pons</strong></span> <span class='ocrx_word' id='word_1_65' title='bbox 1131 974 1228 1036; x_wconf 90' lang='lat' dir='ltr'><strong>dumi-</strong></span> 
     </span>
     <span class='ocr_line' id='line_1_9' title="bbox 106 1072 1225 1160; baseline 0 -21"><span class='ocrx_word' id='word_1_66' title='bbox 106 1074 156 1140; x_wconf 88' lang='lat' dir='ltr'><strong>nie</strong></span> <span class='ocrx_word' id='word_1_67' title='bbox 169 1072 292 1160; x_wconf 75' lang='lat' dir='ltr'>Ligeris</span> <span class='ocrx_word' id='word_1_68' title='bbox 307 1076 499 1155; x_wconf 89' lang='lat' dir='ltr'><strong>continebat,</strong></span> <span class='ocrx_word' id='word_1_69' title='bbox 524 1078 658 1154; x_wconf 88' lang='lat' dir='ltr'><strong>ueritus,</strong></span> <span class='ocrx_word' id='word_1_70' title='bbox 684 1097 723 1139; x_wconf 88' lang='lat' dir='ltr'><strong>ne</strong></span> <span class='ocrx_word' id='word_1_71' title='bbox 737 1085 827 1138; x_wconf 91' lang='lat' dir='ltr'><strong>noctu</strong></span> <span class='ocrx_word' id='word_1_72' title='bbox 842 1095 883 1138; x_wconf 83' lang='lat' dir='ltr'><strong>ex</strong></span> <span class='ocrx_word' id='word_1_73' title='bbox 899 1075 1004 1158; x_wconf 89' lang='lat' dir='ltr'><strong>oppido</strong></span> <span class='ocrx_word' id='word_1_74' title='bbox 1020 1076 1225 1158; x_wconf 76' lang='lat' dir='ltr'><strong>profugerent,</strong></span> 
     </span>
     <span class='ocr_line' id='line_1_10' title="bbox 69 1174 1229 1263; baseline 0.001 -23"><span class='ocrx_word' id='word_1_75' title='bbox 69 1174 182 1244; x_wconf 78' lang='lat' dir='ltr'><strong>7duas</strong></span> <span class='ocrx_word' id='word_1_76' title='bbox 197 1178 332 1263; x_wconf 89' lang='lat' dir='ltr'><strong>legiones</strong></span> <span class='ocrx_word' id='word_1_77' title='bbox 352 1181 383 1243; x_wconf 91' lang='lat' dir='ltr'><strong>in</strong></span> <span class='ocrx_word' id='word_1_78' title='bbox 405 1181 497 1243; x_wconf 87' lang='lat' dir='ltr'><strong>armis</strong></span> <span class='ocrx_word' id='word_1_79' title='bbox 520 1179 672 1243; x_wconf 84' lang='lat' dir='ltr'><strong>excubare</strong></span> <span class='ocrx_word' id='word_1_80' title='bbox 687 1176 780 1241; x_wconf 88' lang='lat' dir='ltr'><strong>iubet.</strong></span> <span class='ocrx_word' id='word_1_81' title='bbox 826 1174 1023 1241; x_wconf 83' lang='lat' dir='ltr'><strong>Genabenses</strong></span> <span class='ocrx_word' id='word_1_82' title='bbox 1045 1178 1134 1261; x_wconf 88' lang='lat' dir='ltr'><strong>paulo</strong></span> <span class='ocrx_word' id='word_1_83' title='bbox 1157 1188 1229 1242; x_wconf 86' lang='lat' dir='ltr'><strong>ante</strong></span> 
     </span>
     <span class='ocr_line' id='line_1_11' title="bbox 107 1276 1286 1364; baseline -0.001 -21"><span class='ocrx_word' id='word_1_84' title='bbox 107 1276 233 1346; x_wconf 79' lang='lat' dir='ltr'><strong>n&#39;ediam</strong></span> <span class='ocrx_word' id='word_1_85' title='bbox 250 1291 368 1345; x_wconf 88' lang='lat' dir='ltr'><strong>noctem</strong></span> <span class='ocrx_word' id='word_1_86' title='bbox 387 1282 510 1346; x_wconf 88' lang='lat' dir='ltr'><strong>silentio</strong></span> <span class='ocrx_word' id='word_1_87' title='bbox 531 1302 572 1345; x_wconf 89' lang='lat' dir='ltr'><strong>ex</strong></span> <span class='ocrx_word' id='word_1_88' title='bbox 592 1280 699 1363; x_wconf 91' lang='lat' dir='ltr'><strong>oppido</strong></span> <span class='ocrx_word' id='word_1_89' title='bbox 719 1279 835 1364; x_wconf 85' lang='lat' dir='ltr'><strong>egressi</strong></span> <span class='ocrx_word' id='word_1_90' title='bbox 851 1280 960 1342; x_wconf 88' lang='lat' dir='ltr'><strong>dumea</strong></span> <span class='ocrx_word' id='word_1_91' title='bbox 977 1279 1109 1343; x_wconf 89' lang='lat' dir='ltr'><strong>transire</strong></span> <span class='ocrx_word' id='word_1_92' title='bbox 1124 1298 1230 1363; x_wconf 91' lang='lat' dir='ltr'><strong>coepe-</strong></span> <span class='ocrx_word' id='word_1_93' title='bbox 1254 1290 1286 1343; x_wconf 84' lang='lat' dir='ltr'><strong>to</strong></span> 
     </span>
     <span class='ocr_line' id='line_1_12' title="bbox 72 1376 1228 1468; baseline -0.003 -20"><span class='ocrx_word' id='word_1_94' title='bbox 72 1378 95 1448; x_wconf 82' lang='lat'>8</span> <span class='ocrx_word' id='word_1_95' title='bbox 108 1393 190 1447; x_wconf 79' lang='lat' dir='ltr'><strong>runt.</strong></span> <span class='ocrx_word' id='word_1_96' title='bbox 231 1379 299 1465; x_wconf 79' lang='lat' dir='ltr'><strong>Qua</strong></span> <span class='ocrx_word' id='word_1_97' title='bbox 321 1405 354 1447; x_wconf 94' lang='lat' dir='ltr'><strong>re</strong></span> <span class='ocrx_word' id='word_1_98' title='bbox 376 1404 431 1468; x_wconf 90' lang='lat' dir='ltr'><strong>per</strong></span> <span class='ocrx_word' id='word_1_99' title='bbox 453 1385 660 1468; x_wconf 81' lang='lat' dir='ltr'><strong>exploratores</strong></span> <span class='ocrx_word' id='word_1_100' title='bbox 683 1383 820 1446; x_wconf 86' lang='lat' dir='ltr'><strong>nuntiata</strong></span> <span class='ocrx_word' id='word_1_101' title='bbox 835 1376 953 1445; x_wconf 87' lang='lat' dir='ltr'><strong>Caesar</strong></span> <span class='ocrx_word' id='word_1_102' title='bbox 977 1382 1129 1464; x_wconf 78' lang='lat' dir='ltr'><strong>legiones,</strong></span> <span class='ocrx_word' id='word_1_103' title='bbox 1154 1402 1228 1465; x_wconf 89' lang='lat' dir='ltr'><strong>quas</strong></span> 
     </span>
     <span class='ocr_line' id='line_1_13' title="bbox 108 1483 1229 1568; baseline -0.001 -20"><span class='ocrx_word' id='word_1_104' title='bbox 108 1485 265 1568; x_wconf 79' lang='lat' dir='ltr'><strong>expeditas</strong></span> <span class='ocrx_word' id='word_1_105' title='bbox 286 1504 355 1548; x_wconf 88' lang='lat' dir='ltr'><strong>esse</strong></span> <span class='ocrx_word' id='word_1_106' title='bbox 375 1485 522 1562; x_wconf 87' lang='lat' dir='ltr'><strong>iusserat,</strong></span> <span class='ocrx_word' id='word_1_107' title='bbox 547 1486 641 1568; x_wconf 90' lang='lat' dir='ltr'><strong>portis</strong></span> <span class='ocrx_word' id='word_1_108' title='bbox 664 1485 796 1548; x_wconf 88' lang='lat' dir='ltr'><strong>incensis</strong></span> <span class='ocrx_word' id='word_1_109' title='bbox 819 1484 988 1548; x_wconf 88' lang='lat' dir='ltr'><strong>intromittit</strong></span> <span class='ocrx_word' id='word_1_110' title='bbox 1011 1494 1101 1567; x_wconf 88' lang='lat' dir='ltr'><strong>atque</strong></span> <span class='ocrx_word' id='word_1_111' title='bbox 1123 1483 1229 1568; x_wconf 93' lang='lat' dir='ltr'><strong>oppido</strong></span> 
     </span>
     <span class='ocr_line' id='line_1_14' title="bbox 111 1585 1231 1670; baseline -0.001 -21"><span class='ocrx_word' id='word_1_112' title='bbox 111 1586 225 1670; x_wconf 85' lang='lat' dir='ltr'><strong>potitur</strong></span> <span class='ocrx_word' id='word_1_113' title='bbox 239 1587 395 1670; x_wconf 84' lang='lat' dir='ltr'><strong>perpaucis</strong></span> <span class='ocrx_word' id='word_1_114' title='bbox 410 1608 451 1649; x_wconf 80' lang='lat' dir='ltr'><strong>ex</strong></span> <span class='ocrx_word' id='word_1_115' title='bbox 466 1585 594 1651; x_wconf 88' lang='lat' dir='ltr'><strong>hostium</strong></span> <span class='ocrx_word' id='word_1_116' title='bbox 611 1609 736 1651; x_wconf 92' lang='lat' dir='ltr'><strong>numeru</strong></span> <span class='ocrx_word' id='word_1_117' title='bbox 751 1586 950 1663; x_wconf 90' lang='lat' dir='ltr'><strong>desideratis,</strong></span> <span class='ocrx_word' id='word_1_118' title='bbox 973 1586 1044 1668; x_wconf 94' lang='lat' dir='ltr'><strong>quiu</strong></span> <span class='ocrx_word' id='word_1_119' title='bbox 1065 1587 1166 1650; x_wconf 88' lang='lat' dir='ltr'><strong>cuncti</strong></span> <span class='ocrx_word' id='word_1_120' title='bbox 1180 1607 1231 1648; x_wconf 87' lang='lat' dir='ltr'><strong>ca·</strong></span> 
     </span>
    </p>
   </div>
   <div class='ocr_carea' id='block_1_3' title="bbox 54 1687 1288 2286">
    <p class='ocr_par' dir='ltr' id='par_1_3' title="bbox 54 1687 1288 2286">
     <span class='ocr_line' id='line_1_15' title="bbox 110 1687 1229 1774; baseline -0.002 -23"><span class='ocrx_word' id='word_1_121' title='bbox 110 1697 263 1773; x_wconf 80' lang='lat' dir='ltr'><strong>parentur,</strong></span> <span class='ocrx_word' id='word_1_122' title='bbox 280 1688 358 1771; x_wconf 93' lang='lat' dir='ltr'><strong>quod</strong></span> <span class='ocrx_word' id='word_1_123' title='bbox 375 1689 473 1774; x_wconf 90' lang='lat' dir='ltr'><strong>pontis</strong></span> <span class='ocrx_word' id='word_1_124' title='bbox 488 1701 579 1773; x_wconf 89' lang='lat' dir='ltr'><strong>atque</strong></span> <span class='ocrx_word' id='word_1_125' title='bbox 592 1691 729 1754; x_wconf 87' lang='lat' dir='ltr'><strong>itinerum</strong></span> <span class='ocrx_word' id='word_1_126' title='bbox 746 1688 903 1773; x_wconf 84' lang='lat' dir='ltr'><strong>angustiae</strong></span> <span class='ocrx_word' id='word_1_127' title='bbox 919 1687 1117 1752; x_wconf 89' lang='lat' dir='ltr'><strong>multitudinis</strong></span> <span class='ocrx_word' id='word_1_128' title='bbox 1130 1690 1229 1771; x_wconf 87' lang='lat' dir='ltr'><strong>lugam</strong></span> 
     </span>
     <span class='ocr_line' id='line_1_16' title="bbox 74 1786 1288 1876; baseline -0.003 -21"><span class='ocrx_word' id='word_1_129' title='bbox 74 1786 357 1855; x_wconf 80' lang='lat' dir='ltr'><strong>ilietercluseraut.</strong></span> <span class='ocrx_word' id='word_1_130' title='bbox 390 1788 536 1875; x_wconf 83' lang='lat' dir='ltr'><strong>Oppidum</strong></span> <span class='ocrx_word' id='word_1_131' title='bbox 553 1794 655 1876; x_wconf 86' lang='lat' dir='ltr'><strong>diripit</strong></span> <span class='ocrx_word' id='word_1_132' title='bbox 668 1802 758 1874; x_wconf 90' lang='lat' dir='ltr'><strong>atque</strong></span> <span class='ocrx_word' id='word_1_133' title='bbox 774 1790 918 1868; x_wconf 81' lang='lat' dir='ltr'><strong>incendit,</strong></span> <span class='ocrx_word' id='word_1_134' title='bbox 937 1792 1075 1875; x_wconf 90' lang='lat' dir='ltr'><strong>praedam</strong></span> <span class='ocrx_word' id='word_1_135' title='bbox 1090 1788 1232 1853; x_wconf 83' lang='lat' dir='ltr'><strong>militibus</strong></span> <span class='ocrx_word' id='word_1_136' title='bbox 1255 1801 1288 1851; x_wconf 80' lang='lat' dir='ltr'><strong>ts</strong></span> 
     </span>
     <span class='ocr_line' id='line_1_17' title="bbox 111 1890 1229 1980; baseline -0.001 -23"><span class='ocrx_word' id='word_1_137' title='bbox 111 1893 214 1971; x_wconf 87' lang='lat' dir='ltr'><strong>donat,</strong></span> <span class='ocrx_word' id='word_1_138' title='bbox 231 1894 398 1957; x_wconf 88' lang='lat' dir='ltr'><strong>exercitum</strong></span> <span class='ocrx_word' id='word_1_139' title='bbox 415 1890 557 1980; x_wconf 82' lang='lat' dir='ltr'><strong>Ligerem</strong></span> <span class='ocrx_word' id='word_1_140' title='bbox 573 1895 704 1958; x_wconf 89' lang='lat' dir='ltr'><strong>traducit</strong></span> <span class='ocrx_word' id='word_1_141' title='bbox 724 1906 812 1976; x_wconf 89' lang='lat' dir='ltr'><strong>atque</strong></span> <span class='ocrx_word' id='word_1_142' title='bbox 835 1894 866 1955; x_wconf 92' lang='lat' dir='ltr'><strong>iu</strong></span> <span class='ocrx_word' id='word_1_143' title='bbox 882 1890 1048 1978; x_wconf 77' lang='lat' dir='ltr'><strong>Biturigum</strong></span> <span class='ocrx_word' id='word_1_144' title='bbox 1072 1893 1147 1956; x_wconf 85' lang='lat' dir='ltr'><strong>bees</strong></span> <span class='ocrx_word' id='word_1_145' title='bbox 1161 1912 1229 1976; x_wconf 88' lang='lat' dir='ltr'><strong>per·</strong></span> 
     </span>
     <span class='ocr_line' id='line_1_18' title="bbox 54 1992 1231 2080; baseline 0 -21"><span class='ocrx_word' id='word_1_146' title='bbox 54 1993 95 2065; x_wconf 79' lang='lat'><strong>12</strong></span> <span class='ocrx_word' id='word_1_147' title='bbox 109 1996 203 2059; x_wconf 90' lang='lat' dir='ltr'><strong>uenit.</strong></span> <span class='ocrx_word' id='word_1_148' title='bbox 229 1994 477 2079; x_wconf 79' lang='lat' dir='ltr'><strong>Vercingetorix,</strong></span> <span class='ocrx_word' id='word_1_149' title='bbox 496 1996 546 2060; x_wconf 91' lang='lat' dir='ltr'><strong>ubi</strong></span> <span class='ocrx_word' id='word_1_150' title='bbox 556 1998 593 2061; x_wconf 89' lang='lat' dir='ltr'><strong>de</strong></span> <span class='ocrx_word' id='word_1_151' title='bbox 601 1992 744 2061; x_wconf 84' lang='lat' dir='ltr'><strong>Caesaris</strong></span> <span class='ocrx_word' id='word_1_152' title='bbox 760 1996 892 2060; x_wconf 88' lang='lat' dir='ltr'><strong>aduentu</strong></span> <span class='ocrx_word' id='word_1_153' title='bbox 907 1996 1062 2080; x_wconf 84' lang='lat' dir='ltr'><strong>cognouit,</strong></span> <span class='ocrx_word' id='word_1_154' title='bbox 1079 2015 1231 2079; x_wconf 84' lang='lat' dir='ltr'><strong>oppugua-</strong></span> 
     </span>
     <span class='ocr_line' id='line_1_19' title="bbox 75 2094 1231 2184; baseline -0.003 -21"><span class='ocrx_word' id='word_1_155' title='bbox 75 2095 194 2164; x_wconf 77' lang='lat' dir='ltr'><strong>2tione</strong></span> <span class='ocrx_word' id='word_1_156' title='bbox 217 2098 331 2162; x_wconf 87' lang='lat' dir='ltr'><strong>destitit</strong></span> <span class='ocrx_word' id='word_1_157' title='bbox 354 2109 443 2181; x_wconf 88' lang='lat' dir='ltr'><strong>atque</strong></span> <span class='ocrx_word' id='word_1_158' title='bbox 470 2099 588 2163; x_wconf 88' lang='lat' dir='ltr'><strong>obuiam</strong></span> <span class='ocrx_word' id='word_1_159' title='bbox 611 2097 736 2165; x_wconf 88' lang='lat' dir='ltr'><strong>Caesari</strong></span> <span class='ocrx_word' id='word_1_160' title='bbox 760 2096 971 2184; x_wconf 84' lang='lat' dir='ltr'><strong>proficiscitur.</strong></span> <span class='ocrx_word' id='word_1_161' title='bbox 1017 2094 1072 2161; x_wconf 89' lang='lat' dir='ltr'><strong>llle</strong></span> <span class='ocrx_word' id='word_1_162' title='bbox 1094 2097 1231 2181; x_wconf 71' lang='lat' dir='ltr'><strong>oppidum</strong></span> 
     </span>
     <span class='ocr_line' id='line_1_20' title="bbox 76 2195 1232 2286; baseline -0.003 -23"><span class='ocrx_word' id='word_1_163' title='bbox 76 2196 97 2263; x_wconf 83' lang='grc'>3</span> <span class='ocrx_word' id='word_1_164' title='bbox 111 2195 280 2285; x_wconf 81' lang='lat' dir='ltr'><strong>Biturigum</strong></span> <span class='ocrx_word' id='word_1_165' title='bbox 296 2201 424 2284; x_wconf 89' lang='lat' dir='ltr'><strong>positum</strong></span> <span class='ocrx_word' id='word_1_166' title='bbox 440 2201 472 2266; x_wconf 91' lang='lat' dir='ltr'><strong>in</strong></span> <span class='ocrx_word' id='word_1_167' title='bbox 487 2199 757 2266; x_wconf 84' lang='lat' dir='ltr'><strong>uinNcuiodunum</strong></span> <span class='ocrx_word' id='word_1_168' title='bbox 770 2219 941 2286; x_wconf 80' lang='lat' dir='ltr'><strong>oppugnare</strong></span> <span class='ocrx_word' id='word_1_169' title='bbox 955 2199 1138 2262; x_wconf 86' lang='lat' dir='ltr'><strong>instituerat.</strong></span> <span class='ocrx_word' id='word_1_170' title='bbox 1163 2195 1232 2279; x_wconf 84' lang='lat' dir='ltr'><strong>Quo</strong></span> 
     </span>
    </p>
   </div>
   <div class='ocr_carea' id='block_1_4' title="bbox 76 2300 1290 3207">
    <p class='ocr_par' dir='ltr' id='par_1_4' title="bbox 76 2300 1290 3207">
     <span class='ocr_line' id='line_1_21' title="bbox 114 2300 1290 2389; baseline -0.002 -21"><span class='ocrx_word' id='word_1_171' title='bbox 114 2322 155 2368; x_wconf 81' lang='lat' dir='ltr'><strong>cx</strong></span> <span class='ocrx_word' id='word_1_172' title='bbox 170 2304 277 2389; x_wconf 89' lang='lat' dir='ltr'><strong>oppido</strong></span> <span class='ocrx_word' id='word_1_173' title='bbox 293 2326 359 2367; x_wconf 90' lang='lat' dir='ltr'><strong>cum</strong></span> <span class='ocrx_word' id='word_1_174' title='bbox 375 2304 466 2387; x_wconf 84' lang='lat' dir='ltr'><strong>legati</strong></span> <span class='ocrx_word' id='word_1_175' title='bbox 481 2304 518 2366; x_wconf 89' lang='lat' dir='ltr'><strong>ad</strong></span> <span class='ocrx_word' id='word_1_176' title='bbox 542 2323 609 2368; x_wconf 80' lang='lat' dir='ltr'><strong>enan</strong></span> <span class='ocrx_word' id='word_1_177' title='bbox 625 2304 783 2368; x_wconf 89' lang='lat' dir='ltr'><strong>uenissent</strong></span> <span class='ocrx_word' id='word_1_178' title='bbox 797 2314 927 2381; x_wconf 89' lang='lat' dir='ltr'><strong>oratum,</strong></span> <span class='ocrx_word' id='word_1_179' title='bbox 944 2312 978 2365; x_wconf 93' lang='lat' dir='ltr'><strong>ut</strong></span> <span class='ocrx_word' id='word_1_180' title='bbox 992 2300 1048 2366; x_wconf 89' lang='lat' dir='ltr'><strong>sibi</strong></span> <span class='ocrx_word' id='word_1_181' title='bbox 1063 2302 1235 2387; x_wconf 84' lang='lat' dir='ltr'><strong>ignosceret</strong></span> <span class='ocrx_word' id='word_1_182' title='bbox 1255 2312 1290 2366; x_wconf 78' lang='lat' dir='ltr'><strong>td</strong></span> 
     </span>
     <span class='ocr_line' id='line_1_22' title="bbox 114 2405 1234 2490; baseline -0.004 -20"><span class='ocrx_word' id='word_1_183' title='bbox 114 2424 248 2489; x_wconf 85' lang='lat' dir='ltr'><strong>suaeque</strong></span> <span class='ocrx_word' id='word_1_184' title='bbox 263 2408 342 2470; x_wconf 88' lang='lat' dir='ltr'><strong>uitae</strong></span> <span class='ocrx_word' id='word_1_185' title='bbox 358 2406 542 2482; x_wconf 87' lang='lat' dir='ltr'><strong>consuleret,</strong></span> <span class='ocrx_word' id='word_1_186' title='bbox 559 2417 594 2469; x_wconf 91' lang='lat' dir='ltr'><strong>nt</strong></span> <span class='ocrx_word' id='word_1_187' title='bbox 607 2406 764 2490; x_wconf 86' lang='lat' dir='ltr'><strong>celeritate</strong></span> <span class='ocrx_word' id='word_1_188' title='bbox 779 2407 910 2490; x_wconf 89' lang='lat' dir='ltr'><strong>reliquas</strong></span> <span class='ocrx_word' id='word_1_189' title='bbox 925 2405 1158 2483; x_wconf 85' lang='lat' dir='ltr'><strong>resoonbceret,</strong></span> <span class='ocrx_word' id='word_1_190' title='bbox 1175 2425 1234 2487; x_wconf 90' lang='lat' dir='ltr'><strong>qun</strong></span> 
     </span>
     <span class='ocr_line' id='line_1_23' title="bbox 112 2506 1231 2593; baseline -0.003 -22"><span class='ocrx_word' id='word_1_191' title='bbox 112 2507 255 2593; x_wconf 85' lang='lat' dir='ltr'><strong>pleraque</strong></span> <span class='ocrx_word' id='word_1_192' title='bbox 271 2516 336 2571; x_wconf 88' lang='lat' dir='ltr'><strong>erat</strong></span> <span class='ocrx_word' id='word_1_193' title='bbox 351 2517 549 2586; x_wconf 87' lang='lat' dir='ltr'><strong>consecutus,</strong></span> <span class='ocrx_word' id='word_1_194' title='bbox 567 2528 650 2571; x_wconf 88' lang='lat' dir='ltr'><strong>arura</strong></span> <span class='ocrx_word' id='word_1_195' title='bbox 666 2510 814 2582; x_wconf 78' lang='lat' dir='ltr'><strong>conferri,</strong></span> <span class='ocrx_word' id='word_1_196' title='bbox 838 2529 931 2590; x_wconf 87' lang='lat' dir='ltr'><strong>equos</strong></span> <span class='ocrx_word' id='word_1_197' title='bbox 947 2507 1089 2591; x_wconf 88' lang='lat' dir='ltr'><strong>produci,</strong></span> <span class='ocrx_word' id='word_1_198' title='bbox 1112 2506 1231 2570; x_wconf 90' lang='lat' dir='ltr'><strong>obsides</strong></span> 
     </span>
     <span class='ocr_line' id='line_1_24' title="bbox 76 2605 1232 2693; baseline -0.003 -21"><span class='ocrx_word' id='word_1_199' title='bbox 76 2607 179 2673; x_wconf 75' lang='lat' dir='ltr'><strong>dderi</strong></span> <span class='ocrx_word' id='word_1_200' title='bbox 193 2607 284 2673; x_wconf 88' lang='lat' dir='ltr'><strong>iubet.</strong></span> <span class='ocrx_word' id='word_1_201' title='bbox 307 2605 400 2673; x_wconf 90' lang='lat' dir='ltr'><strong>Parte</strong></span> <span class='ocrx_word' id='word_1_202' title='bbox 414 2609 472 2672; x_wconf 88' lang='lat' dir='ltr'><strong>iam</strong></span> <span class='ocrx_word' id='word_1_203' title='bbox 488 2609 621 2673; x_wconf 88' lang='lat' dir='ltr'><strong>obsidum</strong></span> <span class='ocrx_word' id='word_1_204' title='bbox 638 2611 759 2689; x_wconf 87' lang='lat' dir='ltr'><strong>tradita,</strong></span> <span class='ocrx_word' id='word_1_205' title='bbox 777 2631 844 2674; x_wconf 86' lang='lat' dir='ltr'><strong>cum</strong></span> <span class='ocrx_word' id='word_1_206' title='bbox 859 2610 975 2693; x_wconf 84' lang='lat' dir='ltr'><strong>reliqua</strong></span> <span class='ocrx_word' id='word_1_207' title='bbox 987 2607 1232 2671; x_wconf 86' lang='lat' dir='ltr'><strong>administraren-</strong></span> 
     </span>
     <span class='ocr_line' id='line_1_25' title="bbox 114 2709 1233 2796; baseline -0.001 -21"><span class='ocrx_word' id='word_1_208' title='bbox 114 2721 177 2791; x_wconf 88' lang='lat' dir='ltr'><strong>tur,</strong></span> <span class='ocrx_word' id='word_1_209' title='bbox 193 2710 417 2776; x_wconf 88' lang='lat' dir='ltr'><strong>centurionibus</strong></span> <span class='ocrx_word' id='word_1_210' title='bbox 434 2722 466 2776; x_wconf 91' lang='lat' dir='ltr'><strong>et</strong></span> <span class='ocrx_word' id='word_1_211' title='bbox 480 2713 581 2796; x_wconf 82' lang='lat' dir='ltr'><strong>paucis</strong></span> <span class='ocrx_word' id='word_1_212' title='bbox 598 2713 739 2777; x_wconf 89' lang='lat' dir='ltr'><strong>militibus</strong></span> <span class='ocrx_word' id='word_1_213' title='bbox 754 2712 948 2790; x_wconf 89' lang='lat' dir='ltr'><strong>intromissis,</strong></span> <span class='ocrx_word' id='word_1_214' title='bbox 964 2710 1104 2794; x_wconf 85' lang='lat' dir='ltr'><strong>quiarnra</strong></span> <span class='ocrx_word' id='word_1_215' title='bbox 1119 2709 1233 2774; x_wconf 85' lang='lat' dir='ltr'><strong>iuuen-</strong></span> 
     </span>
     <span class='ocr_line' id='line_1_26' title="bbox 115 2812 1289 2901; baseline -0.003 -23"><span class='ocrx_word' id='word_1_216' title='bbox 115 2823 206 2898; x_wconf 81' lang='lat' dir='ltr'><strong>tsque</strong></span> <span class='ocrx_word' id='word_1_217' title='bbox 223 2813 447 2899; x_wconf 85' lang='lat' dir='ltr'><strong>conquirerent,</strong></span> <span class='ocrx_word' id='word_1_218' title='bbox 465 2815 614 2898; x_wconf 85' lang='lat' dir='ltr'><strong>equitatus</strong></span> <span class='ocrx_word' id='word_1_219' title='bbox 630 2817 757 2881; x_wconf 88' lang='lat' dir='ltr'><strong>hostium</strong></span> <span class='ocrx_word' id='word_1_220' title='bbox 773 2815 877 2901; x_wconf 88' lang='lat' dir='ltr'><strong>procul</strong></span> <span class='ocrx_word' id='word_1_221' title='bbox 892 2814 976 2878; x_wconf 90' lang='lat' dir='ltr'><strong>uisus</strong></span> <span class='ocrx_word' id='word_1_222' title='bbox 986 2822 1046 2890; x_wconf 86' lang='lat' dir='ltr'><strong>est,</strong></span> <span class='ocrx_word' id='word_1_223' title='bbox 1062 2812 1111 2897; x_wconf 94' lang='lat' dir='ltr'><strong>qui</strong></span> <span class='ocrx_word' id='word_1_224' title='bbox 1127 2831 1235 2896; x_wconf 86' lang='lat' dir='ltr'><strong>agmen</strong></span> <span class='ocrx_word' id='word_1_225' title='bbox 1255 2823 1289 2877; x_wconf 78' lang='lat'><strong>25</strong></span> 
     </span>
     <span class='ocr_line' id='line_1_27' title="bbox 79 2914 1234 3003; baseline -0.003 -22"><span class='ocrx_word' id='word_1_226' title='bbox 79 2914 601 3000; x_wconf 70' lang='lat' dir='ltr'><strong>tvmingemegtsamecmsemt.</strong></span> <span class='ocrx_word' id='word_1_227' title='bbox 626 2916 724 3003; x_wconf 76' lang='lat' dir='ltr'><strong>Quem</strong></span> <span class='ocrx_word' id='word_1_228' title='bbox 736 2918 912 2999; x_wconf 89' lang='lat' dir='ltr'><strong>simulatque</strong></span> <span class='ocrx_word' id='word_1_229' title='bbox 921 2916 1234 3000; x_wconf 82' lang='lat' dir='ltr'><strong>oppidauiconspexc·</strong></span> 
     </span>
     <span class='ocr_line' id='line_1_28' title="bbox 114 3017 1231 3103; baseline -0.001 -22"><span class='ocrx_word' id='word_1_230' title='bbox 114 3028 188 3081; x_wconf 89' lang='lat' dir='ltr'><strong>runt</strong></span> <span class='ocrx_word' id='word_1_231' title='bbox 201 3029 289 3102; x_wconf 89' lang='lat' dir='ltr'><strong>atque</strong></span> <span class='ocrx_word' id='word_1_232' title='bbox 304 3019 336 3082; x_wconf 92' lang='lat' dir='ltr'><strong>in</strong></span> <span class='ocrx_word' id='word_1_233' title='bbox 351 3040 434 3103; x_wconf 89' lang='lat' dir='ltr'><strong>spem</strong></span> <span class='ocrx_word' id='word_1_234' title='bbox 449 3020 555 3084; x_wconf 81' lang='lat' dir='ltr'><strong>auxilii</strong></span> <span class='ocrx_word' id='word_1_235' title='bbox 570 3032 729 3100; x_wconf 88' lang='lat' dir='ltr'><strong>uenerunt,</strong></span> <span class='ocrx_word' id='word_1_236' title='bbox 747 3022 878 3084; x_wconf 88' lang='lat' dir='ltr'><strong>clamore</strong></span> <span class='ocrx_word' id='word_1_237' title='bbox 889 3017 1007 3082; x_wconf 88' lang='lat' dir='ltr'><strong>sublato</strong></span> <span class='ocrx_word' id='word_1_238' title='bbox 1019 3035 1231 3100; x_wconf 85' lang='lat' dir='ltr'><strong>ermacapere,</strong></span> 
     </span>
     <span class='ocr_line' id='line_1_29' title="bbox 80 3116 1236 3207; baseline 0 -24"><span class='ocrx_word' id='word_1_239' title='bbox 80 3116 219 3204; x_wconf 80' lang='lat' dir='ltr'><strong>(iportas</strong></span> <span class='ocrx_word' id='word_1_240' title='bbox 234 3122 386 3201; x_wconf 90' lang='lat' dir='ltr'><strong>claudere,</strong></span> <span class='ocrx_word' id='word_1_241' title='bbox 404 3144 522 3188; x_wconf 88' lang='lat' dir='ltr'><strong>murum</strong></span> <span class='ocrx_word' id='word_1_242' title='bbox 538 3123 687 3207; x_wconf 89' lang='lat' dir='ltr'><strong>complere</strong></span> <span class='ocrx_word' id='word_1_243' title='bbox 702 3131 876 3207; x_wconf 86' lang='lat' dir='ltr'><strong>coeperunt.</strong></span> <span class='ocrx_word' id='word_1_244' title='bbox 921 3117 1123 3187; x_wconf 88' lang='lat' dir='ltr'><strong>Centuriones</strong></span> <span class='ocrx_word' id='word_1_245' title='bbox 1138 3119 1169 3184; x_wconf 91' lang='lat' dir='ltr'><strong>in</strong></span> <span class='ocrx_word' id='word_1_246' title='bbox 1184 3140 1236 3205; x_wconf 90' lang='lat' dir='ltr'><strong>op·</strong></span> 
     </span>
    </p>
   </div>
   <div class='ocr_carea' id='block_1_5' title="bbox 116 3393 1244 4323">
    <p class='ocr_par' dir='ltr' id='par_1_5' title="bbox 116 3393 1240 3855">
     <span class='ocr_line' id='line_1_30' title="bbox 227 3393 1237 3465; baseline -0.002 -18"><span class='ocrx_word' id='word_1_247' title='bbox 227 3397 238 3450; x_wconf 91' lang='lat' dir='ltr'><strong>l</strong></span> <span class='ocrx_word' id='word_1_248' title='bbox 253 3398 304 3447; x_wconf 89' lang='lat' dir='ltr'><strong>iter</strong></span> <span class='ocrx_word' id='word_1_249' title='bbox 315 3397 456 3449; x_wconf 83' lang='lat' dir='ltr'><strong>conticeret</strong></span> <span class='ocrx_word' id='word_1_250' title='bbox 468 3415 485 3450; x_wconf 83' lang='lat' dir='ltr'><strong>a</strong></span> <span class='ocrx_word' id='word_1_251' title='bbox 495 3401 540 3451; x_wconf 88' lang='lat' dir='ltr'><strong>be.</strong></span> <span class='ocrx_word' id='word_1_252' title='bbox 663 3398 781 3451; x_wconf 84' lang='lat' dir='ltr'><strong>Genebin</strong></span> <span class='ocrx_word' id='word_1_253' title='bbox 796 3402 848 3464; x_wconf 85' lang='lat' dir='ltr'><strong>bc,·</strong></span> <span class='ocrx_word' id='word_1_254' title='bbox 862 3400 993 3465; x_wconf 78' lang='lat' dir='ltr'><strong>Cenepnm</strong></span> <span class='ocrx_word' id='word_1_255' title='bbox 1008 3397 1121 3448; x_wconf 77' lang='lat' dir='ltr'><strong>Orosius</strong></span> <span class='ocrx_word' id='word_1_256' title='bbox 1133 3394 1179 3458; x_wconf 77' lang='lat' dir='ltr'><strong>Vt,</strong></span> <span class='ocrx_word' id='word_1_257' title='bbox 1196 3393 1237 3452; x_wconf 89' lang='lat' dir='ltr'><strong>tt,</strong></span> 
     </span>
     <span class='ocr_line' id='line_1_31' title="bbox 117 3471 1158 3543; baseline -0.003 -18"><span class='ocrx_word' id='word_1_258' title='bbox 117 3473 280 3541; x_wconf 81' lang='lat' dir='ltr'><strong>qute&#39;deuen</strong></span> <span class='ocrx_word' id='word_1_259' title='bbox 293 3474 561 3543; x_wconf 75' lang='lat' dir='ltr'><strong>Auerteeeoqstade&#39;t.</strong></span> <span class='ocrx_word' id='word_1_260' title='bbox 666 3476 784 3528; x_wconf 74' lang='lat' dir='ltr'><strong>tedlato</strong></span> <span class='ocrx_word' id='word_1_261' title='bbox 794 3478 827 3529; x_wconf 85' lang='lat' dir='ltr'><strong>B.</strong></span> <span class='ocrx_word' id='word_1_262' title='bbox 933 3471 1158 3529; x_wconf 78' lang='lat' dir='ltr'><strong>3VellendunlC.</strong></span> 
     </span>
     <span class='ocr_line' id='line_1_32' title="bbox 117 3543 1240 3621; baseline -0.011 -16"><span class='ocrx_word' id='word_1_263' title='bbox 117 3550 362 3619; x_wconf 65' lang='lat' dir='ltr'><strong>despumationes</strong></span> <span class='ocrx_word' id='word_1_264' title='bbox 377 3554 402 3604; x_wconf 88' lang='lat' dir='ltr'><strong>b.</strong></span> <span class='ocrx_word' id='word_1_265' title='bbox 524 3557 541 3609; x_wconf 83' lang='lat'>8</span> <span class='ocrx_word' id='word_1_266' title='bbox 554 3556 722 3619; x_wconf 85' lang='lat' dir='ltr'><strong>contingebat</strong></span> <span class='ocrx_word' id='word_1_267' title='bbox 734 3571 751 3606; x_wconf 85' lang='lat' dir='ltr'><strong>u</strong></span> <span class='ocrx_word' id='word_1_268' title='bbox 760 3558 774 3607; x_wconf 86' lang='lat' dir='ltr'><strong>t</strong></span> <span class='ocrx_word' id='word_1_269' title='bbox 783 3555 840 3606; x_wconf 91' lang='lat' dir='ltr'><strong>ede</strong></span> <span class='ocrx_word' id='word_1_270' title='bbox 846 3573 855 3618; x_wconf 89' lang='lat'><strong>,·</strong></span> <span class='ocrx_word' id='word_1_271' title='bbox 869 3553 943 3621; x_wconf 81' lang='lat' dir='ltr'><strong>quod</strong></span> <span class='ocrx_word' id='word_1_272' title='bbox 953 3555 1121 3619; x_wconf 72' lang='lat' dir='ltr'><strong>receptorem,</strong></span> <span class='ocrx_word' id='word_1_273' title='bbox 1137 3548 1193 3597; x_wconf 78' lang='lat' dir='ltr'><strong>atei</strong></span> <span class='ocrx_word' id='word_1_274' title='bbox 1203 3543 1240 3594; x_wconf 82' lang='lat' dir='ltr'><strong>ad</strong></span> 
     </span>
     <span class='ocr_line' id='line_1_33' title="bbox 117 3624 1240 3700; baseline -0.006 -19"><span class='ocrx_word' id='word_1_275' title='bbox 117 3631 269 3682; x_wconf 89' lang='lat' dir='ltr'><strong>continebat</strong></span> <span class='ocrx_word' id='word_1_276' title='bbox 280 3636 354 3681; x_wconf 85' lang='lat' dir='ltr'><strong>reete</strong></span> <span class='ocrx_word' id='word_1_277' title='bbox 367 3647 423 3683; x_wconf 90' lang='lat' dir='ltr'><strong>cum</strong></span> <span class='ocrx_word' id='word_1_278' title='bbox 438 3632 524 3684; x_wconf 81' lang='lat' dir='ltr'><strong>altera</strong></span> <span class='ocrx_word' id='word_1_279' title='bbox 537 3634 593 3700; x_wconf 90' lang='lat' dir='ltr'><strong>ripe</strong></span> <span class='ocrx_word' id='word_1_280' title='bbox 606 3636 775 3700; x_wconf 76' lang='lat' dir='ltr'><strong>cogitatione</strong></span> <span class='ocrx_word' id='word_1_281' title='bbox 787 3634 862 3684; x_wconf 79' lang='lat' dir='ltr'><strong>cda‘cr&#39;</strong></span> <span class='ocrx_word' id='word_1_282' title='bbox 874 3633 1073 3682; x_wconf 75' lang='lat' dir='ltr'><strong>cristianae-em.</strong></span> <span class='ocrx_word' id='word_1_283' title='bbox 1155 3624 1188 3675; x_wconf 80' lang='lat' dir='ltr'><strong>ld</strong></span> <span class='ocrx_word' id='word_1_284' title='bbox 1198 3637 1240 3673; x_wconf 87' lang='lat' dir='ltr'><strong>ce-</strong></span> 
     </span>
     <span class='ocr_line' id='line_1_34' title="bbox 116 3701 1240 3778; baseline -0.006 -17"><span class='ocrx_word' id='word_1_285' title='bbox 116 3711 255 3778; x_wconf 86' lang='lat' dir='ltr'><strong>pernatB.</strong></span> <span class='ocrx_word' id='word_1_286' title='bbox 363 3712 507 3763; x_wconf 80' lang='lat' dir='ltr'><strong>llnntiatr</strong></span> <span class='ocrx_word' id='word_1_287' title='bbox 521 3713 554 3764; x_wconf 84' lang='lat' dir='ltr'><strong>B.</strong></span> <span class='ocrx_word' id='word_1_288' title='bbox 665 3710 948 3763; x_wconf 80' lang='lat' dir='ltr'><strong>CaeseriB‘mee.tl&#39;.</strong></span> <span class='ocrx_word' id='word_1_289' title='bbox 1070 3701 1240 3755; x_wconf 76' lang='lat' dir='ltr'><strong>recreent</strong></span> 
     </span>
     <span class='ocr_line' id='line_1_35' title="bbox 118 3779 1238 3855; baseline -0.005 -17"><span class='ocrx_word' id='word_1_290' title='bbox 118 3792 148 3839; x_wconf 86' lang='lat' dir='ltr'><strong>et</strong></span> <span class='ocrx_word' id='word_1_291' title='bbox 157 3787 267 3854; x_wconf 78' lang='lat' dir='ltr'><strong>reliqui,</strong></span> <span class='ocrx_word' id='word_1_292' title='bbox 282 3788 336 3839; x_wconf 90' lang='lat' dir='ltr'><strong>uiui</strong></span> <span class='ocrx_word' id='word_1_293' title='bbox 351 3788 428 3853; x_wconf 76' lang='lat' dir='ltr'><strong>bde,-</strong></span> <span class='ocrx_word' id='word_1_294' title='bbox 442 3790 529 3841; x_wconf 88' lang='lat' dir='ltr'><strong>cuncti</strong></span> <span class='ocrx_word' id='word_1_295' title='bbox 542 3789 597 3839; x_wconf 90' lang='lat' dir='ltr'><strong>uini</strong></span> <span class='ocrx_word' id='word_1_296' title='bbox 607 3804 739 3855; x_wconf 81' lang='lat' dir='ltr'><strong>peruerse</strong></span> <span class='ocrx_word' id='word_1_297' title='bbox 749 3789 817 3840; x_wconf 86' lang='lat' dir='ltr'><strong>Oud.</strong></span> <span class='ocrx_word' id='word_1_298' title='bbox 832 3792 903 3840; x_wconf 80' lang='lat' dir='ltr'><strong>ceni.</strong></span> <span class='ocrx_word' id='word_1_299' title='bbox 917 3803 945 3838; x_wconf 83' lang='lat' dir='ltr'><strong>u.</strong></span> <span class='ocrx_word' id='word_1_300' title='bbox 1051 3782 1082 3833; x_wconf 78' lang='lat' dir='ltr'><strong>ld</strong></span> <span class='ocrx_word' id='word_1_301' title='bbox 1095 3779 1199 3830; x_wconf 79' lang='lat' dir='ltr'><strong>itineris</strong></span> <span class='ocrx_word' id='word_1_302' title='bbox 1213 3779 1238 3828; x_wconf 84' lang='lat' dir='ltr'><strong>b·</strong></span> 
     </span>
    </p>

    <p class='ocr_par' dir='ltr' id='par_1_6' title="bbox 119 3857 1244 4323">
     <span class='ocr_line' id='line_1_36' title="bbox 227 3857 1241 3935; baseline -0.006 -17"><span class='ocrx_word' id='word_1_303' title='bbox 227 3866 401 3918; x_wconf 74' lang='lat' dir='ltr'><strong>multitudinis</strong></span> <span class='ocrx_word' id='word_1_304' title='bbox 414 3868 438 3918; x_wconf 89' lang='lat' dir='ltr'><em>B</em></span> <span class='ocrx_word' id='word_1_305' title='bbox 449 3873 477 3918; x_wconf 90' lang='lat' dir='ltr'><strong>et</strong></span> <span class='ocrx_word' id='word_1_306' title='bbox 488 3867 601 3935; x_wconf 80' lang='lat' dir='ltr'><strong>reliqui,</strong></span> <span class='ocrx_word' id='word_1_307' title='bbox 616 3868 776 3919; x_wconf 86' lang='lat' dir='ltr'><strong>multitudini</strong></span> <span class='ocrx_word' id='word_1_308' title='bbox 790 3867 882 3918; x_wconf 89' lang='lat' dir='ltr'><strong>bede.</strong></span> <span class='ocrx_word' id='word_1_309' title='bbox 1006 3861 1037 3914; x_wconf 84' lang='lat' dir='ltr'><strong>ib</strong></span> <span class='ocrx_word' id='word_1_310' title='bbox 1050 3858 1171 3924; x_wconf 69' lang='lat' dir='ltr'><strong>Ligerem</strong></span> <span class='ocrx_word' id='word_1_311' title='bbox 1185 3861 1211 3910; x_wconf 80' lang='lat' dir='ltr'><em>A</em></span> <span class='ocrx_word' id='word_1_312' title='bbox 1217 3857 1241 3909; x_wconf 82' lang='lat' dir='ltr'><em>B</em></span> 
     </span>
     <span class='ocr_line' id='line_1_37' title="bbox 120 3936 1242 4012; baseline -0.011 -15"><span class='ocrx_word' id='word_1_313' title='bbox 120 3942 144 3997; x_wconf 76' lang='lat'><em>0</em></span> <span class='ocrx_word' id='word_1_314' title='bbox 151 3944 193 4006; x_wconf 84' lang='lat' dir='ltr'><strong>D,</strong></span> <span class='ocrx_word' id='word_1_315' title='bbox 207 3942 322 4007; x_wconf 84' lang='lat' dir='ltr'><strong>Ligerim</strong></span> <span class='ocrx_word' id='word_1_316' title='bbox 335 3958 363 3992; x_wconf 86' lang='lat' dir='ltr'><strong>u.</strong></span> <span class='ocrx_word' id='word_1_317' title='bbox 480 3945 512 3996; x_wconf 84' lang='lat' dir='ltr'><strong>ll</strong></span> <span class='ocrx_word' id='word_1_318' title='bbox 525 3945 657 4009; x_wconf 81' lang='lat' dir='ltr'><strong>cognouit,</strong></span> <span class='ocrx_word' id='word_1_319' title='bbox 672 3944 704 3994; x_wconf 88' lang='lat' dir='ltr'><strong>ub</strong></span> <span class='ocrx_word' id='word_1_320' title='bbox 717 3944 906 4012; x_wconf 80' lang='lat' dir='ltr'><strong>oppugnatione</strong></span> <span class='ocrx_word' id='word_1_321' title='bbox 919 3943 943 3992; x_wconf 88' lang='lat' dir='ltr'><strong>b.</strong></span> <span class='ocrx_word' id='word_1_322' title='bbox 1093 3937 1125 3989; x_wconf 84' lang='grc'><strong>18</strong></span> <span class='ocrx_word' id='word_1_323' title='bbox 1138 3936 1242 3987; x_wconf 84' lang='lat' dir='ltr'><strong>destitit</strong></span> 
     </span>
     <span class='ocr_line' id='line_1_38' title="bbox 119 4014 1242 4088; baseline -0.01 -14"><span class='ocrx_word' id='word_1_324' title='bbox 119 4018 200 4086; x_wconf 69' lang='lat' dir='ltr'><strong>Aut)</strong></span> <span class='ocrx_word' id='word_1_325' title='bbox 210 4018 232 4070; x_wconf 82' lang='lat' dir='ltr'><em>G</em></span> <span class='ocrx_word' id='word_1_326' title='bbox 239 4055 247 4082; x_wconf 92' lang='lat'><strong>,</strong></span> <span class='ocrx_word' id='word_1_327' title='bbox 268 4018 408 4069; x_wconf 88' lang='lat' dir='ltr'><strong>desistite.</strong></span> <span class='ocrx_word' id='word_1_328' title='bbox 570 4021 654 4070; x_wconf 85' lang='lat' dir='ltr'><strong>uerba</strong></span> <span class='ocrx_word' id='word_1_329' title='bbox 667 4024 742 4072; x_wconf 77' lang='lat' dir='ltr'><strong>inter</strong></span> <span class='ocrx_word' id='word_1_330' title='bbox 753 4021 870 4088; x_wconf 88' lang='lat' dir='ltr'><strong>oppidum</strong></span> <span class='ocrx_word' id='word_1_331' title='bbox 884 4024 912 4068; x_wconf 91' lang='lat' dir='ltr'><strong>et</strong></span> <span class='ocrx_word' id='word_1_332' title='bbox 928 4027 1079 4084; x_wconf 83' lang='lat' dir='ltr'><strong>oppugnare</strong></span> <span class='ocrx_word' id='word_1_333' title='bbox 1099 4014 1242 4064; x_wconf 79' lang='lat' dir='ltr'><strong>interiecta</strong></span> 
     </span>
     <span class='ocr_line' id='line_1_39' title="bbox 121 4091 1132 4150; baseline -0.01 0"><span class='ocrx_word' id='word_1_334' title='bbox 121 4113 175 4150; x_wconf 80' lang='lat' dir='ltr'><strong>cst.</strong></span> <span class='ocrx_word' id='word_1_335' title='bbox 189 4095 315 4147; x_wconf 80' lang='lat' dir='ltr'><strong>ABt&#39;D.</strong></span> <span class='ocrx_word' id='word_1_336' title='bbox 329 4095 361 4146; x_wconf 83' lang='grc' dir='ltr'><strong>Ρ.</strong></span> <span class='ocrx_word' id='word_1_337' title='bbox 374 4095 418 4147; x_wconf 83' lang='lat'><strong>88·</strong></span> <span class='ocrx_word' id='word_1_338' title='bbox 527 4094 556 4146; x_wconf 87' lang='lat' dir='ltr'><strong>tu</strong></span> <span class='ocrx_word' id='word_1_339' title='bbox 569 4093 766 4147; x_wconf 84' lang='lat' dir='ltr'><strong>Noboiodunnm</strong></span> <span class='ocrx_word' id='word_1_340' title='bbox 780 4097 804 4146; x_wconf 90' lang='lat' dir='ltr'><strong>b.</strong></span> <span class='ocrx_word' id='word_1_341' title='bbox 916 4093 947 4148; x_wconf 73' lang='lat' dir='ltr'><strong>tl</strong></span> <span class='ocrx_word' id='word_1_342' title='bbox 963 4093 1089 4143; x_wconf 88' lang='lat' dir='ltr'><strong>celeriter</strong></span> <span class='ocrx_word' id='word_1_343' title='bbox 1101 4091 1132 4143; x_wconf 75' lang='lat' dir='ltr'><strong>O.</strong></span> 
     </span>
     <span class='ocr_line' id='line_1_40' title="bbox 121 4156 1244 4244; baseline -0.013 -17"><span class='ocrx_word' id='word_1_344' title='bbox 121 4189 186 4244; x_wconf 82' lang='lat' dir='ltr'><strong>qens</strong></span> <span class='ocrx_word' id='word_1_345' title='bbox 199 4174 336 4241; x_wconf 84' lang='lat' dir='ltr'><strong>pleresque</strong></span> <span class='ocrx_word' id='word_1_346' title='bbox 350 4172 375 4223; x_wconf 85' lang='lat' dir='ltr'><strong>b.</strong></span> <span class='ocrx_word' id='word_1_347' title='bbox 491 4172 525 4221; x_wconf 76' lang='lat'><strong>22</strong></span> <span class='ocrx_word' id='word_1_348' title='bbox 537 4171 652 4223; x_wconf 86' lang='lat' dir='ltr'><strong>contorri</strong></span> <span class='ocrx_word' id='word_1_349' title='bbox 665 4176 691 4225; x_wconf 83' lang='lat' dir='ltr'><em>A</em></span> <span class='ocrx_word' id='word_1_350' title='bbox 697 4173 795 4236; x_wconf 83' lang='lat' dir='ltr'><strong>BCD,</strong></span> <span class='ocrx_word' id='word_1_351' title='bbox 808 4171 920 4240; x_wconf 77' lang='lat' dir='ltr'><strong>proferri</strong></span> <span class='ocrx_word' id='word_1_352' title='bbox 936 4156 1027 4220; x_wconf 81' lang='lat' dir='ltr'><strong>bedll.</strong></span> <span class='ocrx_word' id='word_1_353' title='bbox 1040 4168 1092 4199; x_wconf 62' lang='lat'><strong>“¹¹&#39;&#39;</strong></span> <span class='ocrx_word' id='word_1_354' title='bbox 1144 4164 1179 4221; x_wconf 70' lang='grc'><strong>23</strong></span> <span class='ocrx_word' id='word_1_355' title='bbox 1192 4171 1244 4214; x_wconf 84' lang='lat' dir='ltr'><strong>tre-</strong></span> 
     </span>
     <span class='ocr_line' id='line_1_41' title="bbox 121 4252 619 4323; baseline -0.014 -16"><span class='ocrx_word' id='word_1_356' title='bbox 121 4252 299 4323; x_wconf 83' lang='lat' dir='ltr'><strong>dita]dstac.</strong></span> <span class='ocrx_word' id='word_1_357' title='bbox 403 4252 438 4304; x_wconf 77' lang='lat'><strong>28</strong></span> <span class='ocrx_word' id='word_1_358' title='bbox 450 4258 574 4317; x_wconf 85' lang='lat' dir='ltr'><strong>ceperunt</strong></span> <span class='ocrx_word' id='word_1_359' title='bbox 586 4252 619 4302; x_wconf 88' lang='lat' dir='ltr'><strong>B.</strong></span> 
     </span>
    </p>
   </div>
   <div class='ocr_carea' id='block_1_6' title="bbox 0 0 1376 4688">
    <p class='ocr_par' dir='ltr' id='par_1_7' title="bbox 0 0 1376 4688">
     <span class='ocr_line' id='line_1_42' title="bbox 0 0 1376 4688; baseline 0 0"><span class='ocrx_word' id='word_1_360' title='bbox 0 0 1376 4688; x_wconf 95' lang='lat' dir='ltr'><strong> </strong></span> 
     </span>
    </p>
   </div>
  </div>
 </body>
</html>
