2684 4694
517 214 811 282 -93-

189 386 372 474 Compositis
388 385 581 452 Haeduorum
597 389 814 453 controuersiis
830 385 947 453 Caesar
960 391 1079 473 partitis
1098 413 1165 456 cum
1180 388 1219 456 t.

100 491 241 557 Labieno
256 491 350 575 copiis
366 491 429 576 ipse
446 513 512 555 cum
526 489 573 557 Vl
588 490 756 576 legionibus
771 491 809 554 ad
824 492 960 576 oppidum
976 491 1158 580 Gergouiam
1174 514 1223 559 se·

101 595 232 659 cundum
248 594 356 657 flumen
372 592 487 657 Elauer
500 595 651 678 proiectus
667 605 724 658 est.
759 592 891 677 ‘Quare
906 596 1050 680 coguita’,
1072 598 1170 680 inquit
1191 619 1220 662 c.

100 694 145 759 34
160 707 241 760 extr.
254 742 264 774 ,
292 694 543 781 ‘Vercingetorix
557 698 693 761 omnibus
709 699 885 783 interruptis
901 698 965 762 eius
982 698 1111 763 fluminis
1126 701 1224 783 ponti-

100 799 157 861 bus
174 797 212 862 ab
227 799 324 862 altera
340 799 469 863 fluminis
486 809 569 881 parte
584 800 644 863 iter
657 801 759 864 lacere
774 801 895 885 coepit'.
941 795 987 862 Ita
1007 801 1085 863 enim
1101 803 1132 864 in
1147 803 1224 867 inte·

100 901 167 984 gris
182 900 268 963 codd.
286 901 360 965 baec
377 903 535 984 legunturc
553 903 584 965 in
600 902 787 986 interpolatis
803 923 857 986 pro
872 902 967 966 altero
984 903 1149 967 ‘fluminis'
1173 926 1225 987 po·

102 1003 194 1066 situm
209 1013 258 1066 cst
280 1001 470 1081 ‘Elaueris’,
494 1024 560 1066 cum
583 1004 722 1088 repetitio
737 1004 871 1068 eiusdem
886 1004 1023 1069 uocabuli
1040 1005 1223 1092 displiceret.

101 1100 220 1167 Deinde
235 1103 352 1168 initium
369 1128 397 1168 c.
422 1102 463 1167 35
484 1105 556 1169 item
572 1126 612 1168 ex
627 1107 753 1191 integris
770 1107 855 1170 codd.
873 1109 916 1170 ita
931 1106 1092 1170 constitui:
1127 1104 1225 1171 ‘Cum

101 1216 227 1290 uterqm
241 1205 389 1288 utrimque
405 1209 523 1272 exisset
538 1208 705 1283 exercitus,
722 1209 753 1272 in
765 1219 927 1292 conspectu
938 1212 1059 1292 fereque
1072 1229 1089 1272 e
1100 1209 1227 1290 regione

103 1307 213 1370 castris
229 1317 330 1371 castra
345 1309 507 1391 ponebant.
537 1307 701 1392 Dispositis
718 1310 978 1393 exploratoribus,
996 1310 1101 1374 necubi
1117 1310 1225 1375 effecto

102 1420 194 1494 ponte
208 1408 337 1473 Romani
353 1410 453 1495 copias
476 1413 685 1490 traducerent,
711 1424 778 1477 erat
797 1413 827 1475 in
852 1413 968 1496 magnis
984 1408 1127 1477 Caesaris
1147 1412 1225 1477 dilli-

103 1512 262 1576 cultatibus
277 1533 348 1591 res,
370 1532 408 1576 ue
429 1514 573 1578 maiorem
595 1515 719 1580 aestatis
741 1525 856 1599 partem
878 1514 997 1578 llnmine
1017 1514 1223 1597 impediretur,

103 1615 182 1697 quod
204 1635 264 1678 non
284 1616 349 1679 lere
371 1626 443 1679 ante
464 1627 638 1680 autumnum
660 1616 775 1682 Elauer
797 1618 873 1682 uado
889 1616 1011 1680 transiri
1027 1615 1133 1680 solet’.
1177 1614 1224 1681 lta

104 1717 242 1780 oratione
257 1717 397 1781 distincta
412 1718 510 1781 omnia
528 1719 637 1803 optimc
653 1718 772 1784 babent.
805 1715 882 1784 Cum
905 1718 985 1782 enim
1002 1716 1165 1783 Caesario
1180 1721 1224 1784 al·

103 1827 169 1882 tera
185 1817 326 1883 Elaueris
342 1830 426 1903 parte
441 1830 534 1896 essct,
551 1820 583 1882 in
597 1821 693 1885 altera
702 1820 952 1914 Vercingetorix,
970 1821 1075 1884 eodem
1091 1830 1224 1903 tempore

103 1931 231 2002 uterque
247 1918 396 2000 utrimque
412 1909 515 1983 exibat
534 1920 663 2004 itemque
682 1923 791 1987 cotidie
807 1934 906 1987 castra
919 1923 951 1986 in
967 1931 1128 2006 conspectu
1145 1923 1224 1986 fere·

103 2042 163 2104 que
180 2040 198 2082 e
213 2021 336 2104 regione
352 2021 513 2104 ponebant.
544 2019 626 2085 Nam
633 2022 882 2108 Vercingetorix,
897 2022 1107 2089 neceesarem
1124 2036 1224 2089 trans·

103 2122 151 2186 ire
176 2122 285 2184 flumen
308 2132 482 2205 pateretur,
507 2143 548 2186 ex
570 2136 732 2207 conspectu
746 2146 816 2188 eum
830 2146 891 2188 non
906 2125 1082 2191 dimittebat.
1127 2123 1161 2189 ln
1178 2126 1223 2189 in-

102 2222 262 2308 terpolatis
278 2224 364 2287 codd.
383 2224 475 2288 uerba
500 2224 549 2287 ‘in
565 2227 741 2310 conspectu'
761 2226 965 2312 superioribus
980 2227 1139 2290 coniuncta
1153 2239 1225 2291 sunt

104 2336 134 2390 et
151 2326 224 2389 baec
232 2325 274 2388 ita
285 2327 483 2390 conformata:
496 2334 576 2391 ‘cum
589 2339 712 2411 uterque
724 2328 843 2411 utrique
856 2340 938 2393 esset
948 2328 1097 2392 exercitui
1113 2329 1142 2391 in
1154 2350 1225 2392 con·

103 2428 231 2512 spectu',
249 2429 491 2511 quemadmodum
507 2430 617 2514 legitur
630 2431 662 2493 in
676 2429 748 2494 Par.
765 2451 828 2495 sec.
846 2443 877 2494 et
891 2431 991 2495 lluun.
1009 2450 1056 2514 pr.
1075 2430 1225 2513 (idemque

103 2529 253 2612 significat
275 2531 444 2615 corruptela
466 2529 554 2596 Leid.
580 2554 625 2617 pr.
645 2535 826 2598 ‘exercitum
852 2543 1029 2618 conspectus
1038 2532 1074 2613 ⁹),
1101 2532 1167 2610 nel,
1192 2543 1227 2595 ut

104 2632 222 2696 editur:
250 2641 329 2696 ‘cum
345 2645 472 2717 uterque
487 2635 605 2717 utrique
621 2648 703 2699 esset
718 2637 871 2701 exercitus
887 2638 917 2700 in
933 2636 1122 2720 conspectu’,
1147 2656 1225 2717 quae

104 2735 136 2797 in
160 2731 242 2798 Suel.
267 2731 337 2799 Cui.
362 2735 443 2799 And.
470 2733 574 2801 Oxou.
596 2739 708 2821 scripta
730 2759 798 2803 csse
827 2739 977 2802 dicuntur.
1022 2735 1099 2799 Tum
1120 2757 1225 2801 ncces·

104 2834 187 2899 ratio
196 2835 365 2918 ‘ponebant'
374 2847 518 2902 mutatum
534 2848 581 2902 est
594 2840 625 2901 in
637 2843 804 2922 ‘ponerent’
814 2841 862 2904 uel
879 2839 1037 2923 ‘poneret’.
1054 2835 1160 2902 Verba
1172 2858 1225 2900 nu·

104 2946 164 3000 tem
175 2938 339 3020 ‘dispositis
350 2938 851 3022 exploratoribus-tradnccrent'
861 2940 1055 3022 sequentibus
1067 2937 1224 3015 coniunxi,

105 3039 175 3121 quia
197 3038 253 3103 boo
273 3042 362 3104 modo
386 3042 595 3124 exploratores
610 3061 628 3102 a
643 3039 895 3124 Vercingetorige
911 3041 1071 3123 dispositos
1088 3060 1155 3105 esse
1171 3058 1225 3124 per

105 3160 140 3203 sc
155 3141 359 3224 intellegitur3
386 3143 411 3204 si
428 3139 631 3225 superioribus
646 3140 856 3219 adicerentnr,
874 3151 905 3205 et
919 3137 1084 3205 Caesarem
1101 3156 1131 3205 et
1145 3141 1224 3207 Ver-

106 3242 319 3327 cingetorigem
342 3244 371 3307 id
394 3245 504 3307 iecisse
518 3243 747 3326 intellegendum
764 3253 865 3320 esset,
890 3245 966 3326 quod
988 3255 1110 3329 propter
1132 3243 1224 3310 uerba

106 3344 228 3407 ‘necubi
244 3345 350 3408 eliceto
365 3355 454 3428 ponte
469 3343 599 3408 Romani
614 3344 715 3428 copias
730 3344 931 3409 traducerent’
947 3347 1078 3429 ineptum
1094 3357 1152 3410 est.

191 3443 359 3530 Excipiunt
374 3448 463 3511 baec:
491 3444 633 3530 ‘ltaque,
659 3467 698 3510 ne
720 3446 750 3509 id
766 3447 927 3520 accideret,
943 3448 1078 3511 siluestri
1093 3447 1159 3510 loco
1175 3468 1224 3510 ce-

106 3546 178 3610 stris
194 3548 298 3629 positis
321 3550 476 3632 eregione
499 3550 587 3614 nnius
603 3570 706 3614 eorum
723 3549 873 3633 pontium,
897 3570 972 3631 quos
988 3549 1224 3635 Vercingetorix

106 3648 319 3712 rescindendos
334 3664 512 3730 curauerat,
537 3662 657 3736 postero
673 3651 721 3714 die
736 3672 800 3714 cum
817 3650 930 3714 duabus
947 3651 1111 3735 legionibus
1127 3653 1158 3714 in
1173 3672 1223 3715 oc-

106 3751 188 3815 culto
201 3751 332 3828 restitit,
350 3751 480 3833 reliquas
495 3754 596 3837 copias
612 3775 678 3817 cum
693 3752 830 3816 omnibus
845 3752 1080 3835 impedimentis,
1105 3761 1137 3816 ut
1152 3772 1224 3816 con-

106 3862 229 3925 suerat,
246 3853 328 3916 misit
342 3854 436 3936 captis
452 3853 625 3935 quibusdam
641 3854 832 3928 cohortibus,
857 3853 900 3914 uti
915 3874 1057 3918 numerus
1073 3855 1224 3937 legionum

106 3963 247 4018 constare
262 3954 437 4018 uideretur'.
467 3952 568 4018 Verba
584 3957 691 4039 ‘captis
703 3955 874 4036 quibusdam
886 3954 1068 4018 cobortibus'
1085 3968 1225 4039 corrupta

107 4073 175 4118 esse
191 4076 293 4118 omnes
309 4056 513 4120 consentiunt.
554 4053 634 4138 Quid
649 4052 764 4120 Cacsar
778 4056 948 4141 significare
963 4055 1111 4135 uoluerit,
1137 4078 1224 4142 aper·

106 4167 168 4219 tum
184 4169 242 4221 est.
267 4155 347 4221 Nam
364 4179 429 4222 cum
446 4178 487 4220 ex
501 4178 559 4220 sex
574 4157 752 4240 legionibus,
769 4178 842 4241 quas
858 4157 985 4220 babebat
1000 4157 1068 4234 (34,
1085 4158 1132 4239 2),
1151 4158 1223 4221 duas

105 4260 293 4339 retinuisset,
311 4270 451 4344 quattuor
466 4260 599 4343 reliquae
614 4260 656 4324 ita
672 4260 803 4325 ordinari
818 4259 985 4333 debebant,
1013 4268 1045 4321 ut
1060 4278 1117 4321 sex
1132 4256 1225 4338 legio·
