2692 4688
58 167 123 235 333
472 159 541 229 tlte
563 159 708 228 BBLLO
729 159 864 229 ClVlLl

83 337 158 404 ost
173 332 348 401 Caesarem.
378 333 500 401 Airuuii
520 337 610 400 etiam
634 336 713 400 lilius
734 335 911 399 adulescens
934 335 970 398 de
985 353 1040 399 sua
1056 354 1091 397 ec
1107 335 1243 418 parentis

83 440 105 506 7
119 440 168 506 sui
182 438 280 503 salute
296 459 361 500 cum
377 434 512 501 (laesere
528 459 583 522 por
598 437 762 522 Sulpicium
780 438 908 521 legatum
923 436 1042 522 egebat.
1065 434 1165 501 Erant
1180 438 1244 522 ple-

120 564 160 606 uu
175 540 330 605 laetitiaet
343 540 662 622 gratulatioueomnia,
679 562 794 617 eorum,
812 541 861 623 qui
877 550 957 603 lento
971 539 1240 624 periculsuitusse,

122 654 291 719 eteorum,
309 643 358 724 qui
375 642 440 706 siue
456 643 580 707 uulnere
597 655 696 706 mutes
712 664 761 707 res
777 641 944 706 confecisse
959 641 1156 721 uidebuntur,
1179 664 1244 707 ma·

121 765 271 829 quumque
295 746 423 807 lruetum
445 766 517 810 suec
540 746 684 829 pristinae
703 745 835 808 lenitatis
850 745 979 807 omnium
996 744 1106 808 iudicio
1123 742 1243 817 Caesar
1264 757 1281 808 3

65 848 108 918 75
124 847 256 924 teretur,
282 847 496 929 consiliumque
520 848 585 912 eius
605 848 754 912 eeunetis
774 846 967 931 probabatur.
1014 842 1130 928 Quibus
1151 848 1244 913 rebus

123 949 269 1013 nuntietis
284 948 412 1011 Afranio
434 949 470 1012 ub
492 950 628 1013 instituto
649 971 739 1034 opere
754 950 881 1013 discedit
895 970 987 1032 seque
1001 949 1033 1012 in
1049 960 1148 1014 eastre
1164 951 1243 1015 reei-

96 1104 100 1109 .
124 1051 178 1136 pit,
196 1052 381 1135 siepnretus,
398 1049 610 1129 ntuidebntnr,
628 1063 673 1130 ut,
689 1053 865 1135 quicumque
880 1052 1146 1131 eccidissetessus,
1163 1051 1242 1116 bunc

86 1153 226 1241 2quieto
241 1164 272 1218 et
286 1174 382 1236 aequo
397 1153 497 1216 animo
514 1154 616 1217 ferret.
634 1152 774 1218 Petreius
790 1176 863 1218 uero
880 1175 941 1218 uon
955 1155 1068 1218 deserit
1083 1172 1164 1218 sese.
1180 1154 1243 1217 Ar-

124 1267 188 1320 met
202 1255 362 1319 familiams
385 1277 452 1319 eum
476 1255 531 1320 bac
546 1266 577 1320 et
592 1258 743 1340 praetoria
758 1256 880 1321 coborte
896 1267 1076 1321 cetratorum
1093 1256 1244 1320 barbaris·
1269 1266 1299 1319 lt

125 1380 181 1443 que
196 1359 345 1441 equitibus
360 1359 473 1443 paucis,
490 1357 688 1422 beneficiariis
703 1361 788 1437 suis,
805 1380 879 1445 quos
895 1379 966 1422 snae
983 1359 1137 1422 custodiae
1152 1379 1245 1423 ceusu

124 1461 235 1524 babere
251 1471 423 1536 consuerat,
440 1461 603 1542 improuiso
618 1461 654 1521 ud
670 1460 778 1522 uallum
795 1460 927 1535 cdnolnl,
944 1458 1100 1540 conloquia
1116 1461 1245 1523 militum

124 1560 331 1643 interrumpit,
357 1571 477 1622 nostros
491 1558 610 1642 repellit
625 1581 642 1622 n
658 1561 786 1636 cestris,
811 1581 886 1641 quos
909 1560 1064 1641 deprendit
1084 1560 1241 1624 interficit.

89 1661 243 1743 3lleliqui
259 1667 369 1723 coeunt
383 1661 462 1722 iuter
476 1680 510 1724 sc
525 1671 557 1747 et
570 1661 727 1744 repentino
743 1659 874 1743 periculo
890 1661 1031 1725 exterriti
1045 1659 1242 1724 sinistrossa·

96 1770 100 1775 '
125 1765 172 1850 gis
187 1764 345 1827 iunoluuut
365 1763 537 1846 gladiosque
553 1761 743 1845 destringunt
757 1773 845 1845 atque
859 1762 902 1826 itu
917 1783 950 1824 se
966 1783 985 1826 a
999 1763 1121 1831 cetratis
1136 1762 1243 1845 equiti·
1268 1776 1301 1829 ts

125 1867 238 1949 busque
255 1865 417 1928 detendunt
436 1875 604 1928 enstrorum
629 1865 848 1950 propinquitate
872 1865 974 1928 conlisi
989 1885 1082 1948 seque
1096 1866 1127 1929 iu
1144 1876 1245 1930 eostre

125 1968 272 2051 rccipiunt
288 1977 318 2029 et
332 1966 368 2030 eb
384 1966 422 2029 iis
437 1966 631 2045 cohortibus,
657 1987 732 2050 quoe
753 1979 841 2031 erent
860 1968 893 2030 iu
914 1969 1045 2031 statione
1068 1969 1105 2031 ad
1127 1980 1243 2052 portas,

66 2069 112 2141 73
128 2070 338 2133 defenduntur.
370 2063 488 2150 Quibus
503 2069 593 2134 rebus
609 2070 753 2133 coniectis
770 2067 990 2135 fleusPetreius
1005 2070 1171 2155 manipnlos
1186 2071 1244 2133 cir·

125 2171 217 2237 sumit
226 2171 393 2253 militesque
408 2171 540 2256 appellet
547 2192 606 2235 ueu
614 2192 647 2237 sc
657 2192 715 2236 neu
723 2169 908 2256 Pompeium,
925 2173 1134 2255 imperatorem
1143 2194 1241 2253 suum,

125 2273 310 2339 aduersariis
325 2275 362 2336 ed
377 2273 553 2358 supplicium
570 2276 700 2353 trudunt,
718 2275 868 2339 obsecret.
896 2272 947 2338 Fit
961 2275 1104 2340 celeriter
1119 2295 1244 2337 coneur-
1266 2282 1299 2339 tt

90 2377 180 2441 2sus
195 2377 225 2439 iu
241 2378 433 2461 praetorium.
457 2374 609 2456 Postulat,
625 2388 659 2440 ut
673 2378 773 2441 iurent
786 2398 890 2440 omncs
906 2397 940 2441 se
956 2378 1123 2442 exercitum
1139 2378 1245 2440 duces·

91 2484 96 2495 '
128 2499 185 2560 que
201 2498 260 2540 nou
276 2478 449 2540 deserturos
472 2498 569 2560 neque
591 2479 760 2562 prodituros
784 2499 881 2561 neque
895 2478 951 2541 sibi
967 2480 1125 2562 seperatim
1142 2479 1246 2541 ereli-

92 2579 112 2643 3
128 2580 193 2662 quis
209 2578 364 2641 eonsilium
382 2588 532 2661 capturos.
564 2578 708 2665 Princeps
724 2582 754 2643 iu
771 2582 844 2645 baec
860 2581 952 2645 uerba
967 2582 1044 2644 iurat
1059 2581 1142 2664 ipseq
1165 2578 1242 2641 idem

125 2681 329 2745 iusiurandum
345 2679 625 2764 sdim'trllrnuiunr:
643 2683 867 2766 subsequuntur
876 2683 984 2746 tribuni
1000 2682 1123 2744 militum
1139 2691 1245 2742 centu·

92 2784 308 2867 driouesque3
326 2784 515 2847 centuriatim
532 2785 667 2866 producti
684 2786 791 2848 milites
807 2786 884 2848 idem
899 2785 1011 2846 iurnut.
1034 2781 1178 2858 Edicuut,
1196 2803 1246 2866 pc·
1270 2793 1303 2848 tt

127 2909 183 2951 nes
199 2908 286 2971 quem
301 2885 424 2970 quisquc
439 2881 628 2950 sitCaeseris
644 2888 740 2965 miles,
759 2897 792 2950 ut
806 2887 1001 2970 producetur:
1020 2885 1179 2968 productos
1196 2905 1247 2966 pa·

129 2991 187 3053 lem
203 2992 233 3053 iu
250 2989 399 3074 praetorio
414 2988 605 3051 interficiunt.
629 2985 688 3052 Sed
705 2991 860 3072 plerosque
876 2988 910 3065 ii,
927 2987 977 3070 qui
992 2997 1181 3070 receperunt,
1197 3007 1247 3048 ee-

95 3088 194 3155 5leut
209 3103 356 3175 noctuque
378 3112 432 3175 per
452 3090 559 3155 nolimu
585 3091 734 3154 emittunt.
775 3088 828 3154 Sic
844 3102 960 3154 terrore
975 3089 1074 3153 oblito
1089 3112 1107 3153 u
1123 3089 1248 3153 ducibus

130 3192 291 3254 crudelitas
313 3195 344 3255 iu
359 3193 522 3278 supplicio,
547 3215 625 3257 noua
646 3195 753 3278 religio
775 3193 968 3265 iurisiurundi
982 3213 1066 3277 spem
1082 3192 1249 3276 proesentis

130 3291 292 3355 deditionis
314 3297 437 3358 sustulit
458 3306 634 3379 mentesque
656 3296 779 3359 militum
804 3296 955 3359 conuertit
969 3305 1079 3358 eorem
1096 3291 1249 3380 ad'pristif
1271 3302 1304 3354 30

73 3394 117 3462 'lt
133 3415 201 3457 nem
216 3393 286 3458 belli
303 3395 449 3460 rationem
465 3400 591 3484 mdeqqit.
623 3395 742 3463 Cueser
756 3399 806 3480 qui
829 3397 939 3462 milites
961 3396 1203 3460 aduersariorum
1216 3395 1249 3457 iu

130 3507 228 3560 eostre
244 3516 299 3580 per
314 3508 428 3581 tempus
445 3501 583 3584 colloquii
605 3511 752 3565 uenerunt
772 3519 887 3564 summu
902 3498 1055 3583 diligentia
1070 3498 1203 3579 conquiri
1219 3507 1250 3559 et

241 3678 462 3732 luduleseeusa.
566 3681 635 3735 tuuc
648 3698 701 3734 om,
716 3684 741 3734 b.
844 3682 984 3749 sulpitium
996 3696 1022 3731 a.
1128 3677 1249 3727 bleuilu-

131 3757 166 3806 tis
178 3771 230 3807 om.
246 3757 271 3807 3.
377 3759 393 3809 8
406 3759 552 3824 quicunque
566 3759 616 3823 (o).
730 3760 762 3812 lo
775 3761 931 3825 praetor-inus
945 3760 1076 3809 cobortcm
1089 3771 1105 3804 c
1115 3757 1140 3807 3,

132 3833 165 3884 12
177 3833 314 3898 conloquio
327 3850 353 3883 a.
461 3833 493 3885 13
507 3848 521 3883 o
533 3851 561 3895 a,
575 3851 604 3886 ee
618 3835 694 3887 ‘mes
708 3835 732 3888 l'
746 3836 777 3901 (i.
786 3851 834 3885 ee
847 3852 884 3899 e.,
898 3832 1053 3901 niJallor),·
1067 3831 1099 3883 nb
1112 3847 1141 3883 u.

132 3908 270 3973 deprendit
282 3927 308 3973 o,
323 3927 374 3961 uns
388 3911 568 3978 deprehendit.
688 3913 717 3964 11
732 3912 763 3963 eb
778 3913 817 3962 bus
830 3927 857 3962 a.
974 3909 1102 3960 stationes
1115 3925 1142 3959 a.

134 3983 167 4035 18
179 3983 298 4036 circumit
309 4002 326 4037 a
338 3988 355 4039 2
368 3987 447 4050 dect,
462 3987 557 4036 circuit
571 4004 597 4038 u.
723 3989 752 4040 lt
767 3989 912 4055 Pompeium
925 4004 941 4037 a
952 3988 982 4049 3,
998 3985 1146 4052 Pompeium
1158 3984 1252 4036 ubscu—

132 4069 185 4111 tem
198 4075 225 4109 o.
342 4064 373 4115 21
389 4064 523 4130 postulent
534 4065 612 4116 codd.
651 4075 654 4079 ’
745 4069 842 4134 iurent]
856 4068 977 4119 uenirent
988 4083 1004 4116 a
1020 4068 1091 4116 ‘nice
1107 4064 1142 4117 Υ.

132 4137 166 4191 ib
178 4135 214 4186 sit
226 4149 279 4184 om.
295 4135 319 4186 3.
424 4139 456 4191 tt
472 4140 500 4189 ‘ii
513 4141 557 4190 uel
568 4142 594 4190 bi
608 4140 663 4205 bc’,
678 4142 704 4194 bi
717 4143 791 4205 (ψ.
901 4145 935 4199 28
948 4151 1048 4195 terrore
1062 4144 1149 4196 oblnto
1162 4158 1200 4193 ae
1213 4149 1249 4207 et,

132 4219 181 4281 qui
192 4212 294 4280 nbleto,
310 4216 340 4277 3,·
354 4221 437 4267 terror
450 4216 552 4267 oblutus
565 4233 592 4268 n.
