2692 4688
91 178 157 249 blld
515 180 574 250 nte
595 177 740 248 BELLO
764 178 897 250 GlVlLl

152 353 236 437 peius
257 352 324 418 siue
344 353 485 438 operibus
501 349 644 419 Caesaris
664 365 816 438 permotus
839 353 905 418 siue
927 352 1017 417 etiam
1040 351 1117 434 quod
1132 350 1169 416 ab
1184 353 1273 418 initio

151 452 238 520 ltalia
259 458 407 521 excedere
428 457 628 521 constituerat
648 457 777 520 aduentu
799 457 918 521 nauium
935 455 1149 539 protectionem
1166 476 1274 540 parare

117 555 257 642 einaipic
271 569 314 635 et,
332 580 389 642 qno
403 560 668 644 faciliusimpetum
677 554 820 624 Caesaris
837 559 981 636 tardaret,
999 578 1038 621 ue
1052 557 1109 622 sub
1124 559 1189 643 ipse
1204 579 1274 642 pro·

154 659 284 726 sectione
299 661 408 726 milites
423 663 560 747 oppidum
576 661 799 744 inrumperent,
823 672 924 746 portas
940 661 1087 737 obstruit,
1112 660 1274 745 uicos-pla·

151 770 277 845 teasqnc
292 763 482 845 inaedificat,
500 766 597 829 fossas
613 775 804 829 transuersas
820 764 877 827 uiis
893 763 1048 848 praeducit
1061 772 1150 844 atque
1165 762 1207 826 ibi
1222 783 1271 826 su·
1294 775 1308 826 t

115 861 207 927 ides
221 865 397 950 stipitesque
412 879 592 952 praeacutos
608 868 720 951 deligit.
752 865 837 932 llaec
852 865 968 930 leuibus
984 864 1116 929 cratibus
1134 876 1274 947 terraque

151 965 312 1050 inaequat3
329 969 427 1034 aditus
442 980 542 1036 antem
557 982 647 1054 atque
662 969 772 1035 itinera
788 970 865 1048 duo,
890 989 965 1053 quac
988 979 1075 1033 extra
1098 987 1213 1031 murum
1237 965 1274 1030 ad

153 1079 271 1152 portum
294 1071 447 1151 ferebant,
478 1073 617 1138 maximis
640 1074 748 1138 deliris
771 1072 904 1138 trabibus
928 1082 1015 1155 atque
1038 1070 1081 1134 eis
1103 1068 1274 1154 praeacutis

118 1168 313 1258 5praesepit.
360 1172 417 1241 llis
440 1175 553 1261 paratis
575 1175 664 1240 rebus
687 1176 796 1241 milites
816 1175 937 1240 silentio
961 1195 1056 1239 naues
1072 1172 1275 1236 conscendere

153 1273 249 1353 iubet,
266 1278 422 1362 expeditos
437 1291 537 1343 autem
552 1300 593 1343 ex
607 1279 758 1355 euocatis,
776 1279 938 1362 sagittariis
955 1276 1212 1356 funditoribusque
1227 1294 1276 1336 ra·
1298 1283 1328 1336 to

117 1373 206 1441 bros
220 1379 252 1442 in
265 1401 350 1444 muro
367 1383 556 1464 turribusque
572 1381 709 1463 disponit.
740 1379 806 1444 llos
828 1391 912 1442 certo
933 1379 1020 1460 signo
1042 1397 1188 1440 reuocare
1204 1397 1276 1439 con·

154 1481 270 1556 stituit,
295 1504 360 1545 cunr
378 1504 483 1547 omnes
498 1482 609 1547 milites
625 1502 717 1545 naues
734 1481 999 1556 conscendissent,
1024 1489 1112 1561 atque
1128 1479 1165 1540 iis
1181 1497 1275 1560 expe·

96 1579 142 1650 28
158 1581 219 1643 dito
240 1580 308 1644 loco
332 1585 465 1647 actuaria
487 1584 607 1665 nauigia
630 1582 782 1665 relinquit.
829 1580 1003 1645 Brundisini
1023 1577 1275 1662 Pompeianorum

153 1681 279 1747 militum
293 1683 413 1748 iniuriis
428 1694 517 1766 atque
532 1685 625 1768 ipsius
640 1682 775 1769 Pompeii
791 1683 979 1747 contumeliis
995 1682 1122 1765 permoti
1131 1678 1275 1745 Caesaris

119 1781 246 1849 2rebns
268 1787 421 1851 lauebant.
452 1784 557 1870 ltaque
583 1789 704 1871 cognita
719 1785 852 1871 Pompeii
868 1785 1054 1871 proiectione
1070 1781 1277 1847 concursanti·
1302 1792 1331 1846 ts

155 1885 211 1951 bus
232 1888 291 1952 illis
314 1900 403 1976 atque
424 1890 456 1953 in
478 1911 513 1954 ca
535 1910 569 1954 re
591 1890 746 1975 occupatis
769 1890 859 1972 uulgo
884 1910 925 1953 ex
949 1888 1037 1953 tectis
1053 1884 1273 1970 significabant.

154 1986 217 2053 Per
231 2011 306 2076 qnos
321 2012 355 2056 re
371 1993 493 2076 cognita
507 1989 624 2058 Caesar
635 1995 733 2058 scalas
749 1993 849 2077 parari
864 1992 1031 2073 militesque
1054 1988 1164 2054 armari
1178 1987 1274 2064 iubet,

120 2088 141 2153 3
156 2112 298 2180 nequam
313 2095 358 2159 rei
373 2095 525 2179 gerendae
540 2096 711 2160 iaculatum
726 2095 867 2158 dimittat.
912 2091 1072 2178 Pompeius
1088 2091 1145 2154 sub
1160 2104 1275 2154 noctem

157 2214 252 2260 naues
265 2197 369 2261 soluit.
401 2195 461 2282 Qui
477 2208 565 2264 erant
578 2197 611 2261 in
625 2219 711 2262 muro
726 2196 880 2263 custodiae
895 2218 985 2262 causa
1001 2193 1166 2271 conlocati,
1182 2213 1218 2255 eo
1234 2192 1276 2256 si·

156 2317 228 2383 qno,
245 2300 323 2382 quod
339 2311 536 2380 conuenerat,
553 2311 735 2366 reuocentur
749 2300 888 2383 notisque
902 2298 1059 2363 itineribus
1075 2297 1112 2362 ad
1128 2294 1278 2360 nauesde·
1298 2303 1333 2357 to

120 2397 293 2465 lcnrrunt.
340 2399 455 2469 Milites
476 2403 581 2486 positis
610 2403 701 2469 scalis
726 2423 828 2466 muros
849 2401 1034 2481 ascendunt,
1058 2400 1112 2465 sed
1133 2395 1237 2464 moniti
1258 2414 1276 2459 a

156 2497 368 2582 Brundisinis,
393 2516 427 2569 ut
447 2506 558 2571 uallum
573 2527 694 2571 caecum
710 2506 866 2588 fossasque
887 2515 1035 2583 caueam,
1059 2503 1224 2568 subsistunt
1246 2507 1276 2562 et

157 2600 248 2687 longo
270 2603 379 2671 itinere
401 2606 439 2671 ab
462 2608 508 2673 bis
528 2608 724 2673 circumducti
745 2608 784 2673 ad
806 2619 922 2691 portum
945 2605 1123 2690 perueniunt
1143 2603 1277 2683 duasque

156 2725 250 2771 naues
265 2728 333 2771 enm
348 2710 501 2789 militibus,
519 2732 595 2794 quae
610 2713 647 2776 ad
662 2712 756 2776 moles
773 2708 915 2775 Caesaris
930 2708 1138 2782 adhaeserant,
1157 2702 1276 2787 scaphis

101 2807 145 2880 29
161 2809 358 2895 lintribusque
373 2814 614 2897 reprehendunt,
639 2814 838 2898 reprehensas
861 2811 1027 2894 excipiunt.
1060 2803 1195 2880 Cacsar,
1219 2805 1277 2869 etsi
1301 2815 1335 2869 25

157 2913 195 2976 ad
210 2933 293 2998 spem
302 2916 477 2980 conficiendi
493 2916 605 3001 negotii
622 2917 752 2980 maxime
768 2914 913 2999 probabat
927 2912 1039 2977 coactis
1056 2909 1180 2973 nauibus
1194 2928 1277 2970 marc

160 3018 291 3083 transire
305 3030 336 3083 et
350 3017 524 3104 Pompeium
539 3021 637 3102 sequi,
665 3020 835 3104 priusquam
850 3017 901 3082 ille
916 3035 985 3081 sese
1000 3010 1210 3078 transmarinis
1226 3031 1279 3073 au·

157 3119 241 3184 xiliis
256 3122 465 3201 confirmaret,
483 3133 582 3187 tamen
597 3123 662 3187 eius
677 3122 722 3185 rei
737 3142 849 3185 moram
866 3119 1063 3203 temporisque
1079 3113 1278 3198 longinquita-

159 3231 219 3285 tem
234 3223 373 3302 timebat,
399 3227 475 3308 quod
491 3224 628 3289 omuibus
645 3224 757 3287 coactis
772 3224 899 3286 nauibus
915 3219 1075 3304 Pompeius
1091 3225 1277 3302 praesentem

123 3322 332 3389 2laonltatem
347 3326 522 3410 insequendi
538 3326 586 3391 sui
601 3326 763 3390 ademerat.
796 3323 1047 3408 Relinquebatur,
1064 3331 1097 3383 ut
1109 3341 1150 3383 ex
1165 3317 1280 3398 longin—
1304 3325 1338 3378 eo

158 3426 312 3509 quioribus
344 3430 516 3514 regionibus
538 3428 654 3493 Galliae
675 3426 838 3510 Picenique
867 3438 936 3490 eta
960 3427 1038 3488 iretn
1062 3441 1155 3486 naues
1178 3427 1281 3482 essent

158 3531 373 3614 expectandae.
405 3529 440 3596 ld
456 3543 579 3619 propter
593 3529 665 3595 anni
681 3542 796 3615 tempus
812 3530 931 3615 longum
947 3538 1035 3611 atque
1051 3524 1220 3608 impeditum
1234 3520 1279 3582 ui·

267 3737 283 3788 l
295 3735 474 3800 inrumperent
486 3750 512 3784 e.
637 3733 727 3783 baete
741 3731 827 3783 lassae
838 3729 902 3782 edd.
917 3742 948 3778 ac
960 3728 1012 3777 cb.
1140 3721 1155 3772 2
1169 3717 1279 3787 paratis]

157 3815 272 3877 peractis
284 3829 335 3878 pro
348 3828 407 3864 aar.
424 3813 487 3865 lect.
501 3810 528 3863 d.
653 3810 685 3865 tt
698 3809 738 3860 bis
750 3825 776 3858 n.
908 3806 939 3858 ta
954 3801 1130 3868 Pompeiorum
1142 3813 1169 3849 a.

161 3890 192 3942 lb
205 3891 424 3958 rebnslpardbus
438 3892 463 3942 b.
593 3888 626 3939 ll
639 3887 767 3939 conloeab
780 3903 807 3936 n.
947 3883 979 3936 20
994 3879 1130 3943 nucusque
1142 3892 1168 3927 a.

157 3971 188 4024 21
204 3973 349 4022 escendunt
362 3972 412 4036 (n).
517 3968 551 4024 22
563 3967 703 4019 benedicis
715 3982 741 4017 n.
855 3963 949 4014 uallem
963 3972 1069 4011 caecam
1083 3955 1214 4020 iussisque
1227 3967 1244 4001 u
1253 3952 1278 4001 b.

267 4048 300 4104 2³
313 4047 467 4099 circumdati
480 4061 506 4096 a.
640 4046 674 4097 24
687 4043 845 4095 adheserant
857 4057 884 4092 a.
1010 4039 1044 4091 2⁵
1058 4033 1238 4103 lyutribnsqne
1252 4047 1280 4081 n.

269 4124 476 4191 reprehendunt,
504 4122 676 4188 reprehensas
693 4120 796 4182 οὔσας
823 4115 1035 4184 deprehendunt,
1055 4110 1232 4178 deprehensas
1252 4123 1279 4160 u.

267 4193 1017 4265 Nssbmmacwndbuemawmu„nfflnb
1134 4185 1282 4249 bfflmffiu

159 4283 217 4352 quis
231 4285 256 4335 b.
362 4281 395 4333 22
408 4278 585 4347 expectandae
598 4292 625 4327 a.
