2692 4688
407 155 622 225 COMhMffl
641 154 740 225 CAP.
755 155 909 224 13-15ζ
1243 160 1306 233 335

131 333 214 397 tione
235 328 283 395 usi
298 326 442 394 Germani
466 333 640 414 frequentes
662 329 800 394 omnihus
825 329 1007 414 principibus
1028 330 1250 419 maioribusque

130 445 204 500 natu
218 432 358 496 adhibitis
374 433 411 496 ad
427 453 494 494 eum
509 434 541 496 in
556 444 657 497 castre
673 442 838 509 uenenrut,
855 430 955 509 simul,
973 443 1006 496 ut
1020 433 1186 514 dicebatur,
1203 435 1286 501 sui5

130 535 277 622 purgandi
292 555 396 610 causa,
413 535 490 617 quod
507 546 631 612 contra,
648 545 737 616 utque
752 543 834 598 esset
848 532 960 597 dictum
975 543 1005 598 et
1021 535 1076 618 ipsi
1091 539 1249 621 petissent,

130 639 274 723 proelium
291 636 387 719 pridie
402 637 634 715 commisissent,
650 636 739 701 simul
753 646 806 712 ut,
822 635 933 718 siquid
949 647 1090 720 possent,
1115 640 1152 703 de
1165 640 1253 704 indn-

96 754 113 805 ⁵
135 743 186 805 tiis
200 738 332 805 fallendo
346 738 555 823 impetrarent.
595 735 680 820 Quos
703 737 762 802 sibi
778 733 894 801 Caesar
915 737 1031 802 oblatos
1045 741 1169 823 gauisus
1183 742 1252 808 illos
1266 740 1289 808 6

132 843 258 909 retineri
281 841 392 919 iussit3
423 840 488 923 ipse
509 861 613 905 omnes
636 841 738 925 copias
760 841 870 903 castris
892 840 995 904 eduxit
1018 842 1251 927 equitatumque,

133 944 211 1029 quod
225 943 342 1008 recenti
364 943 478 1027 proelio
501 943 692 1026 perterritum
713 963 783 1007 esse
798 941 1009 1021 existimabat,
1027 964 1133 1026 agmen
1150 945 1254 1010 subse·

134 1048 184 1132 qui
198 1046 299 1111 iussit.
330 1044 407 1108 Acie
423 1045 533 1129 triplici
548 1047 685 1110 instituta
708 1056 738 1108 et
761 1045 903 1109 celeriter
924 1057 993 1109 octo
1016 1046 1128 1110 milium
1144 1048 1253 1114 itinere
1267 1049 1311 1120 14

135 1150 274 1213 conlecto
288 1147 370 1230 prius
386 1148 423 1211 ad
440 1148 566 1211 hostium
582 1158 684 1212 castra
699 1148 854 1231 peruenit,
878 1168 985 1230 quarm
1009 1148 1078 1232 quid
1099 1161 1252 1236 ageretur,

79 1262 112 1316 tc
134 1247 281 1315 Germani
294 1250 411 1313 sentire
427 1261 561 1333 possent.
578 1247 658 1332 ·Qui
673 1251 811 1313 omnihus
826 1248 916 1314 rebus
931 1251 1030 1314 suhito
1042 1253 1206 1335 perterriti,
1224 1255 1290 1319 et2

137 1352 291 1419 celeritate
307 1353 453 1416 aduentus
469 1354 566 1417 nostri
582 1364 613 1416 et
627 1353 761 1417 discessu
776 1372 917 1424 suorum,
943 1374 1038 1436 neque
1060 1355 1179 1418 consilii
1203 1356 1256 1420 ha-

136 1455 224 1521 bendi
239 1476 337 1538 neque
353 1476 437 1518 uranu
451 1456 586 1539 capiendi
603 1456 700 1540 spatio
715 1455 784 1518 dato
800 1453 1029 1535 perturbantur,
1047 1457 1188 1539 copiasne
1203 1459 1257 1522 ad·

138 1578 244 1623 uersus
260 1556 376 1621 hostem
385 1558 505 1635 doecre,
523 1579 560 1621 an
570 1569 670 1622 castra
685 1558 858 1633 defendere,
876 1576 914 1619 an
929 1557 1001 1640 luga
1016 1559 1140 1622 salutem
1154 1571 1257 1644 petere

140 1669 319 1743 praestmet.
350 1657 485 1740 Quorum
502 1660 591 1723 timor
605 1681 670 1723 cum
687 1660 806 1723 fremitu
821 1669 852 1722 et
867 1679 1014 1721 corrcursu
1023 1659 1253 1744 significaretur,
1271 1663 1292 1728 3

88 1772 118 1824 15
139 1761 248 1826 milites
268 1761 365 1825 nostri
388 1762 517 1847 pristini
529 1762 588 1825 diei
611 1761 733 1844 perfidia
753 1762 868 1825 incitati
893 1762 924 1824 in
945 1771 1045 1824 castra
1067 1763 1254 1846 inruperunt.

142 1859 209 1945 Quo
224 1863 311 1942 loco,
336 1865 387 1947 qui
411 1865 550 1929 celeriter
565 1885 647 1927 arnna
663 1884 771 1946 capere
788 1875 959 1947 potueruut,
978 1865 1130 1949 paulisper
1145 1865 1295 1930 nostrisd

140 1965 324 2036 restiterunt
342 1976 429 2049 atque
451 1967 531 2030 inter
545 1986 648 2029 carros
662 1965 929 2050 impedimentaque
944 1967 1088 2050 proelium
1104 1968 1260 2032 commise-

140 2076 234 2129 runte
250 2068 406 2150 etreliqua
420 2068 578 2132 multitudo
594 2089 752 2152 puerorum
768 2067 985 2149 mulierumque
1000 2073 1080 2147 (nom
1090 2092 1154 2134 eum
1164 2071 1259 2134 omni·
1275 2069 1295 2134 5

140 2167 198 2232 hus
213 2168 277 2233 suis
292 2170 379 2233 domo
392 2180 590 2236 excesserant
603 2169 802 2253 Rhenumque
818 2169 1014 2250 transierant)
1031 2171 1140 2254 passim
1157 2175 1262 2255 lugere

91 2278 122 2333 ct
141 2270 259 2356 eoepitq
284 2271 323 2335 ad
344 2293 419 2354 quos
435 2274 653 2337 consectandos
670 2269 786 2336 Caesar
801 2272 962 2354 equitatum
977 2272 1069 2334 misit.
1117 2269 1261 2337 Germani
1273 2273 1317 2345 15

143 2384 211 2457 pest
226 2381 340 2457 tergum
355 2375 486 2440 clamore
501 2377 614 2452 audito,
633 2396 781 2438 cumsnos
796 2374 923 2438 interlici
940 2374 1086 2453 uiderent,
1103 2374 1195 2438 armis
1210 2374 1263 2438 ah-

142 2474 232 2539 iectis
247 2475 589 2560 signisquemilitarihus
604 2478 718 2542 relictis
732 2498 767 2542 se
782 2498 823 2541 ex
839 2477 949 2541 cestris
966 2477 1131 2556 eiecerunt,
1149 2489 1177 2542 et
1195 2477 1299 2544 oum2

143 2577 179 2641 ad
196 2577 397 2644 confluentem
411 2576 520 2644 Mosae
535 2591 567 2643 et
580 2579 681 2644 Rheni
698 2581 924 2664 peruenissent,
941 2580 1056 2663 reliqua
1072 2582 1142 2664 luga
1157 2583 1263 2666 despe-

144 2690 209 2745 rata
220 2702 463 2766 magnonumero
472 2683 631 2747 interiecto
645 2682 752 2765 reliqui
767 2703 802 2746 se
816 2683 847 2745 in
863 2682 972 2745 llumen
987 2683 1264 2765 praecipitauernnt

101 2785 128 2841 le
144 2792 232 2866 atque
246 2782 289 2847 ihi
304 2783 424 2863 timore,
442 2785 630 2864 lassitudine,
648 2786 678 2849 ui
692 2785 821 2848 lluminis
838 2784 972 2868 oppressi
988 2783 1153 2866 perierunt.
1198 2782 1300 2849 tto-³

144 2884 200 2949 stri
213 2884 254 2949 ad
269 2906 360 2950 uuum
382 2908 487 2951 omnes
511 2888 678 2952 incolumes
694 2888 850 2972 perpaucis
865 2885 1032 2951 uulneratis
1048 2905 1088 2947 ex
1105 2884 1181 2947 tanti
1195 2884 1266 2948 belli

147 2987 273 3065 timore,
299 3009 366 3052 cunr
389 2987 519 3054 hostium
541 3011 682 3054 numerus
698 2990 825 3073 capitum
841 2996 1003 3051 ccccxxx
1018 2986 1129 3049 milium
1145 2985 1263 3065 luisset,

147 3090 225 3154 rein
241 3099 342 3153 castra
363 3103 554 3175 receperunt.
594 3088 710 3156 Caesar
724 3090 779 3168 iis,
806 3110 879 3173 quos
901 3089 932 3153 in
954 3089 1065 3152 castris
1087 3088 1304 3168 retinuerat,4

149 3188 320 3257 &mendi
334 3202 511 3277 potestatem
528 3193 607 3259 lecit.
654 3191 700 3258 llli
723 3191 866 3277 supplicio
888 3191 1097 3274 cruciatusque
1112 3186 1268 3256 Gallorum
1282 3187 1303 3254 5

150 3447 222 3501 tiene
234 3456 264 3501 et
275 3450 384 3517 perfidia
397 3449 519 3504 Germani
533 3453 571 3504 nsi
577 3455 607 3520 s.
746 3453 763 3508 2
776 3451 899 3519 purgandi
914 3451 989 3515 anis.
1128 3452 1144 3502 l
1157 3449 1271 3501 induciis

149 3523 196 3591 (1)
205 3541 233 3577 c.
342 3530 356 3579 5
370 3530 478 3593 gauisus
491 3532 545 3597 ej,
560 3530 634 3593 gruis
645 3544 678 3592 ας
692 3528 798 3592 grauius
811 3527 1045 3578 Adducunt
1057 3541 1110 3577 see.
1123 3542 1159 3576 an.
1174 3542 1201 3577 c.

150 3602 291 3657 ttntntt.
398 3609 427 3661 ll
443 3610 614 3661 consiliant.
756 3604 1268 3673 lilducereAB0M3educereej,

149 3686 413 3738 muriaetneerec.
519 3686 712 3753 lipristiueh.
818 3682 1095 3750 inruperuntABEs.
1177 3682 1271 3749 ldqno

150 3761 207 3815 loeo
220 3764 279 3816 AB
288 3764 384 3828 CDE,¹
399 3782 505 3833 quorum
518 3767 682 3831 acdeset,
699 3765 740 3814 ‘ut
753 3763 881 3826 uidetur-³,
896 3778 919 3812 e.
1023 3759 1054 3815 21
1071 3759 1178 3823 tergus.

148 3840 182 3895 22
193 3857 210 3894 e
223 3841 356 3906 castrias.
496 3845 531 3896 24
543 3841 652 3907 reliquis
665 3855 695 3890 se
706 3844 769 3890 anta
782 3854 852 3890 corr.
866 3839 900 3889 B.
1023 3837 1049 3887 ln
1062 3838 1155 3888 cumen
1165 3842 1230 3888 unte
1242 3855 1272 3890 aa

147 3925 231 3986 poerit
241 3920 285 3982 B,
299 3920 325 3970 in
339 3919 443 3972 humine
460 3921 506 3970 de.
644 3920 678 3973 25
691 3918 717 3969 ui
731 3918 842 3968 huminis
854 3915 988 3982 Alces3
1002 3929 1055 3965 om.
1072 3913 1107 3977 0,
1122 3913 1146 3964 in
1160 3916 1271 3969 llnminia

151 3999 189 4064 B,
202 4001 230 4052 ia
244 4000 358 4051 fluminis
371 3999 446 4052 alueo
458 3999 528 4061 ΒΕ,
544 3998 647 4050 humine
659 4012 712 4047 aec.
726 4010 762 4047 aa.
775 3996 800 4047 B
810 3997 841 4048 0.
964 3995 997 4048 27
1011 4009 1068 4046 cum
1081 4000 1109 4044 et
1121 3993 1232 4046 hostiurn
1247 3995 1272 4045 h.

300 4091 415 4128 ccccxxx
427 4079 453 4130 A
465 4081 493 4127 et
503 4090 627 4143 cuprum.
641 4080 725 4125 torum
738 4077 765 4123 et
778 4079 804 4122 ta
817 4071 883 4138 ss,
906 4071 1150 4137 quadringentorum
1163 4071 1271 4133 triginta

150 4149 218 4203 BE.
245 4151 374 4203 oronim:
388 4153 420 4204 ad
432 4152 621 4219 quadringenta
634 4149 805 4217 qnadraginta
817 4148 898 4200 milia.
1073 4146 1107 4201 28
1120 4145 1153 4195 iia
1165 4144 1268 4210 Aldus,

150 4228 193 4280 his
205 4227 284 4281 codd.
