2692 4688
98 206 162 277 302
492 198 549 269 DE
571 200 717 270 BELLO
739 198 930 270 GALLICO

154 383 187 447 in
202 388 306 465 aperto
321 379 388 443 loco
403 377 566 440 secundnm
579 377 686 440 llumen
703 396 815 461 paucae
830 373 1116 459 stationesequitum
1132 374 1276 441 uideban-

98 487 140 556 111
156 496 217 549 tur.
242 480 391 547 Fluminis
407 489 474 544 erat
488 480 611 543 altitudo
628 480 732 564 pedum
748 480 870 544 circiter
885 479 987 541 trium.
1013 473 1130 542 Caesar
1144 480 1277 562 equitatu

155 587 319 672 praemisso
335 582 573 664 subsequebatur
587 582 722 645 omnibus
739 583 849 665 copiis3
873 582 926 645 sed
941 581 1019 645 ratio
1035 581 1167 665 ordoque
1182 582 1277 667 agani·

118 690 201 754 tais
218 689 306 751 aliter
327 704 361 748 sc
385 684 529 760 babebat,
554 706 589 747 ac
614 681 727 767 Belgae
748 686 785 748 ad
806 684 942 749 Neruios
967 684 1148 751 detulerant.
1193 682 1275 749 Nam

155 790 232 874 quod
255 789 292 852 ad
308 789 401 851 bostis
418 787 690 870 adpropinquabat,
716 788 933 851 consuetudine
955 807 1009 851 sua
1026 782 1144 851 Caesar
1157 807 1217 851 sex
1230 786 1273 852 le·
1297 800 1314 851 s

120 893 261 977 dgiones
277 891 433 974 expeditas
450 890 595 967 ducebat3
619 899 686 973 post
709 908 761 952 eas
786 889 879 953 totius
903 890 1057 953 exercitas
1072 888 1277 973 inpedimenta

154 995 346 1073 conlocaret,
364 993 433 1056 inde
448 993 523 1055 duae
539 992 692 1075 legiones,
717 1011 792 1075 quac
808 1012 953 1076 proxume
970 992 1158 1075 conscriptae
1173 1003 1275 1071 erant,

119 1098 249 1162 dtotum
271 1115 377 1182 agmen
399 1095 577 1159 claudebant
597 1094 805 1177 praesidioque
826 1094 1035 1178 inpedimentis
1051 1103 1147 1158 eraut.
1179 1091 1278 1177 Equi·

156 1210 201 1264 tes
218 1198 313 1262 nostri
335 1218 401 1260 cum
425 1195 622 1259 funditoribus
646 1196 870 1279 sagittariisque
884 1196 993 1259 llumcn
1010 1197 1193 1281 transgressi
1208 1217 1277 1261 cun

121 1298 141 1366 5
157 1300 285 1366 bostium
302 1301 436 1382 equitatu
452 1299 596 1382 proelium
613 1298 837 1361 commiserunt.
870 1293 947 1361 Cum
962 1318 997 1362 se
1010 1298 1053 1363 illi
1068 1298 1229 1364 identidem
1244 1299 1280 1363 ia
1302 1308 1336 1365 te

156 1405 251 1468 siluas
266 1402 302 1465 ad
318 1422 389 1464 suos
404 1401 574 1482 reciperent
589 1421 624 1462 ac
640 1421 745 1463 rursus
761 1398 885 1463 exsilua
901 1401 932 1462 in
948 1410 1068 1464 nostros
1083 1401 1278 1484 impetumla·

157 1513 279 1580 cerent,
304 1522 400 1584 neque
415 1501 512 1564 nostri
533 1502 670 1583 longius,
696 1523 782 1583 quana
799 1524 883 1585 quem
900 1503 1040 1566 adfinem
1056 1502 1280 1586 porrectalccs

158 1616 263 1689 aperta
278 1602 486 1687 pertinebant,
512 1603 653 1666 cedentes
675 1605 791 1686 insequi
808 1605 972 1681 auderent,
996 1603 1118 1668 interim
1141 1605 1278 1691 legiones

158 1728 227 1785 sex,
244 1726 322 1789 quae
338 1705 450 1788 primae
466 1716 631 1783 uenerant,
651 1726 741 1789 opere
757 1707 892 1769 dimenso
908 1717 1008 1770 castra
1030 1707 1148 1773 munire
1168 1726 1276 1792 cnepe·

121 1810 237 1875 tirnnt.
267 1807 326 1872 Vbi
343 1808 436 1891 prima
453 1807 654 1889 inpedimenta
675 1809 771 1872 nostri
787 1809 939 1872 exercitus
955 1809 1063 1882 abiis,
1079 1810 1130 1891 qui
1144 1809 1176 1873 in
1190 1808 1279 1875 siluis
1302 1818 1334 1873 ts

157 1911 250 1976 abditi
266 1911 408 1986 latebant,
426 1910 492 1972 uisa
506 1921 588 1988 sunt,
607 1911 684 1993 quod
699 1921 813 1994 tempus
829 1911 909 1975 inter
919 1910 1279 1994 eoscummittendipt'ee·

156 2014 189 2077 lii
205 2023 409 2088 conuenerat,
432 2022 465 2075 ut
486 2013 565 2076 intra
588 2013 680 2076 siluas
695 2013 789 2075 aciem
806 2014 984 2095 ordinesque
999 2014 1218 2077 constituerant
1231 2020 1278 2076 at·

157 2135 215 2199 que
229 2114 286 2199 ipsi
302 2135 369 2178 sese
385 2116 647 2192 confirmaucrant,
665 2115 763 2179 subito
779 2115 915 2180 omnibus
932 2116 1026 2200 copiis
1041 2115 1280 2199 prouolattesunt

119 2216 143 2283 7
157 2218 356 2303 impetumque
371 2217 404 2279 in
419 2228 541 2281 nostros
557 2219 671 2301 equites
688 2220 836 2282 lecerunt.
872 2218 930 2282 llis
945 2219 1032 2281 facile
1047 2217 1142 2301 pulsis
1155 2236 1191 2280 ac
1207 2235 1279 2299 pro·

156 2320 286 2386 turbatis
306 2320 475 2383 incredibili
497 2318 652 2383 celeritate
673 2322 710 2384 ad
727 2321 834 2386 llumen
850 2322 1104 2397 decucurrerunt,
1126 2328 1162 2383 ut
1182 2338 1280 2405 paene
1299 2326 1335 2385 11

156 2444 218 2486 nno
233 2432 365 2503 tempore
381 2430 412 2483 ct
427 2421 463 2484 ad
478 2421 572 2483 siluas
587 2422 663 2485 etin
680 2423 800 2486 llumine
823 2434 854 2486 et
874 2423 933 2485 iam
955 2424 988 2487 in
1007 2422 1147 2487 manibus
1161 2422 1278 2487 nonme

120 2522 142 2587 8
157 2522 259 2586 hostes
275 2520 459 2584 uiderentur.
483 2520 597 2586 Eadem
613 2525 875 2589 autemcclerllate
889 2526 1018 2589 aduersu
1028 2525 1104 2590 colle
1118 2524 1155 2588 ad
1169 2532 1278 2588 nostra

98 2624 144 2694 21)
159 2633 259 2687 castra
274 2631 363 2704 atque
379 2643 450 2701 eos,
467 2625 516 2706 qui
531 2625 662 2709 inopere
677 2628 811 2708 occupati
827 2639 925 2705 erant,
942 2628 1171 2691 contenderunt.
1194 2620 1278 2691 Cae·

157 2725 221 2789 sari
242 2725 340 2788 onnia
368 2745 428 2787 unu
452 2736 583 2809 tempore
605 2737 692 2790 erant
712 2729 842 2810 agenda:
871 2729 1015 2792 uexillum
1037 2725 1276 2812 proponendum,

157 2829 235 2913 quod
250 2836 316 2891 erat
330 2827 467 2911 insigne,
491 2849 555 2889 cnm
573 2829 609 2890 ad
626 2850 706 2891 arma
723 2831 861 2892 concurri
878 2840 1048 2912 oporteret,
1072 2830 1192 2912 signum
1207 2827 1279 2893 tuba
1298 2838 1334 2895 23

157 2932 296 3005 dandum,
313 2930 349 2993 ab
367 2950 457 3013 opere
472 2931 634 2994 reuocandi
649 2930 770 3009 milites,
787 2932 836 3015 qui
852 2932 939 3015 paulo
955 2931 1074 3017 longius
1088 2931 1210 3016 aggeris
1224 2950 1276 3014 pe-

236 3179 478 3246 telrelterpednrn
491 3179 625 3246 trinales.
695 3180 1064 3247 dsnbseq.cnmornnibasD.
1137 3175 1274 3246 bqasdad

154 3274 192 3310 sn.
201 3272 245 3322 pr.
258 3258 334 3320 Cot,
347 3259 430 3322 quoad
439 3256 491 3308 det
502 3274 539 3308 nt.
550 3274 595 3324 pr.
606 3261 618 3308 t
630 3262 747 3324 itemque
759 3274 812 3308 sec.
828 3259 885 3327 Cp,
900 3274 950 3326 quo
962 3259 995 3309 ud
1009 3258 1081 3322 ΜΛ·
1101 3256 1170 3322 qasd
1181 3254 1239 3307 An
1247 3259 1277 3307 st

156 3335 195 3395 B,
210 3337 239 3383 a'r
251 3347 305 3397 que
316 3348 369 3383 sec.
383 3349 419 3384 sn.
434 3336 450 3385 d
463 3334 552 3385 deleta
565 3336 598 3385 ad
612 3339 816 3402 suprascripsit.
932 3337 1014 3387 bostis
1026 3336 1053 3387 A
1060 3335 1083 3387 0
1093 3335 1158 3399 (ste
1167 3350 1205 3386 n.
1216 3334 1276 3401 pr.)

155 3411 181 3462 Ε
190 3411 264 3478 dds,
279 3410 368 3460 hostes
382 3412 457 3476 (B)e.
590 3414 814 3482 adpropinquabat
824 3415 880 3480 As.
1002 3416 1018 3467 b
1030 3414 1116 3465 tocies
1132 3425 1172 3464 ss.
1180 3426 1229 3481 ps.
1239 3412 1275 3465 1.

263 3489 438 3554 inpedimenta
450 3491 504 3556 As.
621 3494 636 3545 7
649 3493 802 3546 conlocaret
813 3494 846 3545 B.
962 3508 1161 3562 presumentem
1174 3495 1279 3559 isuper

155 3563 217 3614 an.
322 3564 601 3635 diupedimentlsAs.
706 3571 910 3634 btransgreseis
922 3586 959 3621 m.
970 3586 1015 3636 pr.
1031 3571 1063 3622 0.
1187 3568 1222 3622 10
1234 3568 1279 3621 111-

155 3639 213 3689 dent
224 3639 248 3688 b.
369 3642 400 3693 lb
413 3651 533 3708 porrecta
545 3645 603 3696 toea
616 3652 707 3712 aperta
719 3647 831 3710 Morus,
845 3654 964 3712 porrecta
976 3661 1007 3697 ac
1019 3646 1078 3698 loce
1091 3652 1184 3713 aperta
1195 3644 1275 3699 esa

155 3712 185 3763 Ρ.
200 3714 241 3766 63.
350 3716 569 3786 llsesena.bs.
656 3722 924 3790 prinae1antedds.
1015 3737 1092 3790 opere
1106 3723 1213 3774 diatlssc
1225 3736 1277 3775 se.

262 3795 295 3846 lb
308 3795 483 3861 inpedimenta
496 3798 529 3849 B.
635 3800 668 3852 iis
681 3800 722 3863 B,
737 3801 778 3852 lale
790 3817 818 3852 as.
919 3802 944 3852 ia
956 3800 1025 3851 silua
1040 3801 1062 3851 C
1070 3802 1101 3865 b,
1115 3802 1142 3852 la
1155 3800 1241 3853 sllaas
1251 3816 1278 3853 e.

264 3870 295 3921 17
308 3882 488 3924 conuenerant
500 3876 523 3926 θ
536 3879 563 3925 et
574 3881 639 3925 unte
651 3889 723 3926 cerr.
737 3876 769 3926 B.
874 3883 902 3927 ut
914 3875 939 3926 B
947 3876 985 3938 C,·
998 3877 1036 3926 ita
1049 3884 1078 3926 ut
1089 3891 1124 3941 aa,
1136 3877 1187 3928 esd
1197 3876 1238 3931 lte
1248 3880 1280 3929 ds

156 3946 181 3996 A
189 3943 244 3995 DE
250 3953 316 4010 post
329 3948 485 4013 ordinesque
498 3950 617 4015 legitur,
631 3954 661 4001 ts
672 3951 697 4002 B
708 3967 761 4002 sec.
775 3968 811 4003 m.
826 3955 876 4001 iat.
890 3966 963 4002 uera.
977 3951 1116 4002 adiectum
1126 3958 1178 4003 est.

157 4024 189 4075 lb
202 4024 363 4089 proturbatis
375 4026 489 4089 A(n)n
502 4031 528 4076 et
544 4043 594 4093 pro
614 4044 676 4079 aar.
695 4029 758 4080 teet.
769 4028 826 4094 tc,
846 4029 1008 4095 turbatius,
1027 4028 1188 4097 perturbatis
1206 4028 1254 4095 (ll
1264 4046 1281 4081 s

155 4100 268 4165 reliqui.
414 4101 447 4152 20
462 4102 667 4156 decucurrerunt
688 4106 870 4172 Atnwtos
878 4108 1010 4172 ‘atit'que',
1024 4122 1079 4159 aas
1092 4107 1278 4161 lammae.

313 4177 345 4231 tt
360 4184 388 4227 et
399 4178 450 4227 iam
462 4177 530 4241 DE,
544 4181 621 4231 etiam
635 4181 690 4233 AB
699 4183 737 4247 0,
751 4190 778 4233 et
790 4182 860 4247 NJ&
1015 4182 1050 4237 ²³
1063 4182 1173 4235 Caesari
1191 4191 1280 4237 aatan

156 4256 241 4305 omnia
253 4256 287 4305 A.
392 4256 847 4320 2bsignunrtubatlandnmonr.d.
952 4262 1240 4317 nemausense..
