2684 4694
492 176 813 251 ...145—

90 360 250 447 ‘Reliquis
272 358 469 445 legionibus,
503 359 581 443 qnotl
604 358 731 444 primum
760 358 868 441 enique
888 358 920 422 in
943 366 1074 423 mentem
1097 359 1211 438 ueniet,

86 464 209 533 Graece
224 473 305 527 rente
321 463 484 540 liceretur,
502 483 563 526 non
577 462 661 541 item,
678 471 712 524 nt
725 460 869 538 arbitror,
892 457 1011 524 Latinis
1025 459 1155 544 reliquas
1170 462 1214 526 le·

87 570 196 654 ginnas
211 586 276 630 eam
292 566 408 651 eopiam
424 565 525 629 dieere
540 565 631 642 lieet,
656 582 732 648 qnae
755 562 899 628 detractis
921 561 1022 645 paneis
1040 563 1213 629 cohortibus

87 679 259 755 uparemn
283 665 421 733 Faernus
437 667 566 732 oonieoit
583 666 711 732 ‘eductis
728 665 920 748 legionibns’q
944 663 1015 728 niti
1030 677 1152 753 propter
1165 688 1214 733 se·

86 772 213 859 quentia
235 791 253 834 a
275 765 411 834 Caesare
432 770 577 855 seriptum
590 769 710 833 uidetur
726 768 890 854 ‘expeditis
905 765 1096 852 legionibus',
1113 790 1215 853 quam·

88 875 138 940 uis
153 875 183 937 it
197 874 287 958 paulo
301 873 420 958 longius
435 891 453 936 a
469 873 602 937 oudinum
617 870 767 956 soriptnra
782 872 926 936 discedat.

175 972 213 1040 C.
231 973 286 1053 85,
303 973 324 1038 5
339 971 501 1039 Caesario
518 976 654 1038 oratioue
670 973 707 1036 ad
720 971 879 1037 Afranium
888 971 1102 1058 Petreinmque
1117 975 1217 1041 habitu

89 1080 173 1144 iuter
194 1077 253 1141 alia
274 1076 349 1142 ltaeo
370 1086 601 1142 nommemorat=
629 1074 757 1159 ‘Neque
773 1096 851 1139 nuno
866 1096 899 1139 se
914 1076 1034 1140 illorum
1050 1077 1216 1142 hnmilitate

89 1201 190 1265 neque
203 1180 302 1263 aliqua
318 1181 461 1264 temporis
476 1179 697 1263 opportunitate
714 1179 885 1264 postulare,
911 1177 1016 1261 quibus
1038 1178 1129 1243 rebus
1144 1198 1217 1262 opes

89 1294 261 1371 augeantur
282 1301 375 1360 suae,
399 1280 452 1345 sel
474 1301 527 1345 eos
546 1282 723 1361 exereitus,
748 1268 821 1365 qnos
839 1291 951 1345 eontra
972 1301 1007 1345 se
1029 1279 1136 1344 multos
1157 1280 1216 1345 iam
1267 1297 1271 1301 ·

90 1406 188 1451 annos
203 1384 344 1459 pluerint,
362 1384 440 1448 nelle
454 1383 574 1447 dimitti.
598 1381 707 1467 Neque
717 1384 795 1449 enirn
805 1404 863 1448 sex
870 1384 1006 1467 legiones
1015 1383 1073 1448 alia
1081 1384 1117 1447 de
1125 1402 1217 1447 nausa

93 1488 200 1553 missas
216 1489 248 1551 in
263 1485 437 1572 Hispaniam
454 1486 668 1570 septimamque
682 1485 724 1549 iti
740 1485 950 1570 conscriptam,
976 1506 1074 1571 neque
1090 1495 1135 1550 tot
1151 1495 1217 1549 tan·

92 1601 199 1674 tasque
212 1591 458 1673 elassisparatae,
475 1588 754 1672 neqnesnmmissos
766 1589 857 1652 dures
872 1588 1062 1654 reimilitaria
1077 1586 1213 1672 peritos'.

95 1691 207 1759 Verum
223 1713 358 1778 magnam
374 1691 513 1769 elapsam,
531 1690 638 1754 nedum
654 1690 753 1776 plnres
768 1712 892 1777 magnus
902 1691 1016 1755 classes
1031 1691 1061 1754 in
1073 1688 1218 1773 Hispania

92 1806 215 1881 paratas
230 1813 299 1859 esse
313 1814 459 1878 nusquam
473 1793 673 1876 significatum
689 1803 748 1856 est.
780 1790 860 1857 Nem
877 1813 932 1858 eae
947 1810 1052 1872 naues,
1078 1810 1152 1876 quaa
1169 1788 1215 1854 Μ.

95 1896 197 1963 Varro
212 1894 256 1975 ll,
274 1895 316 1960 18
329 1895 483 1959 iaciendas
498 1915 622 1959 onrasse
637 1894 757 1972 dieitur,
781 1915 841 1959 nou
856 1895 1010 1960 nlmolnm
1027 1896 1138 1960 multae
1153 1876 1240 1958 lue-⁸

90 2011 184 2064 runt:
201 1994 234 2059 X
246 1996 324 2060 enim
341 1994 487 2074 Gadibus,
504 1997 674 2079 eomplnree
689 1994 803 2079 lliapali
820 1997 1003 2062 instituerat.
1036 1994 1152 2063 Contra
1168 1998 1219 2061 tle·

90 2101 250 2166 sileretur
263 2097 328 2161 eius
343 2098 389 2162 rei
405 2096 658 2174 commemoratio,
683 2116 759 2179 qnae
775 2097 857 2160 nullo
873 2100 959 2163 modo
975 2100 1216 2185 oniropolon,

92 2201 299 2279 auxiliorum,
323 2220 450 2283 qnorum
472 2198 629 2263 Alranin·
653 2209 684 2263 et
703 2196 855 2263 Petreium
870 2200 900 2264 h.
916 2201 937 2264 l.
955 2222 982 2265 e.
1006 2199 1219 2286 strangian

94 2306 248 2380 eohortes,
265 2301 296 2368 V
312 2303 392 2367 milia
408 2302 551 2385 equitum,
570 2297 740 2366 Varronem
755 2298 797 2379 ll,
816 2299 857 2366 18
870 2300 996 2386 triginta
1011 2302 1151 2368 cohortes
1167 2304 1219 2368 lra-

95 2407 198 2471 luisse
213 2407 355 2470 retertur.
384 2403 488 2489 ltaque
504 2401 668 2470 Caesarem
683 2406 841 2489 scripsisse
856 2405 989 2470 arbitror
1004 2414 1062 2471 ‘tot
1077 2416 1220 2491 motaque

95 2507 209 2574 auxilia
218 2509 343 2592 parata',
359 2509 475 2572 olasses
489 2519 601 2588 antem,
618 2518 652 2571 nt
665 2509 812 2594 permulta
826 2509 858 2572 in
874 2508 930 2572 hoe
944 2509 1079 2574 nodirnm
1093 2530 1217 2596 genere,

96 2632 114 2676 a
128 2611 274 2695 magistro
288 2611 422 2674 mutanli
437 2609 557 2676 libidine
572 2610 684 2695 positar
699 2629 778 2676 esne.
798 2640 802 2645 ·

181 2711 216 2777 ln
232 2714 282 2791 iis,
300 2714 422 2797 quaein
432 2714 715 2798 endemoratiouefi.
727 2710 750 2776 9
763 2713 922 2796 leguntnrr
942 2714 985 2777 ‘in
994 2733 1028 2778 se
1037 2715 1127 2779 etiam
1136 2725 1219 2779 nem·

96 2816 136 2881 tis
159 2816 383 2880 exeusationem
399 2815 472 2879 nihil
487 2817 608 2896 ualere,
630 2817 708 2899 quod
729 2815 934 2900 superioribus
949 2815 1035 2879 bellis
1051 2815 1168 2899 probati
1184 2816 1220 2879 ad

95 2919 276 2984 obtinendos
291 2919 444 2982 exereitus
460 2916 646 2998 enooentnr’,
669 2918 816 3003 partionla
833 2918 932 3001 ‘quod'
953 2917 1132 2982 sententiam
1155 2936 1223 3001 per·

96 3022 201 3087 uertit.
229 3018 338 3103 Neque
353 3021 432 3084 enirn
447 3019 528 3097 inde,
547 3021 623 3103 quotl
639 3021 845 3103 superinnitens
859 3020 946 3084 hellis
960 3019 1078 3103 probuti
1092 3019 1129 3083 ad
1144 3018 1222 3083 obti-

97 3124 214 3189 nendne
229 3123 383 3187 exereitus
398 3121 614 3198 enecabantur,
640 3121 718 3184 efflei
739 3133 858 3206 poterat
872 3120 979 3186 aetatis
994 3121 1222 3186 exeusationem

97 3226 173 3291 nihil
195 3224 313 3303 ualere,
337 3245 402 3287 enm
423 3223 507 3285 multi
530 3222 597 3286 sine
611 3221 702 3286 lulio
717 3234 820 3288 essent
834 3223 1037 3310 superioribus
1053 3224 1139 3289 bellis
1155 3245 1223 3310 pro·

97 3328 159 3393 lati
176 3338 322 3392 ettamen
337 3345 374 3389 ea
388 3335 498 3402 aetate,
519 3344 595 3406 qnae
608 3326 836 3390 exeusationem
849 3348 909 3391 non
924 3318 1106 3392 admitteret.
1137 3324 1222 3392 Seri·

98 3432 227 3498 lendum
243 3425 442 3511 erat‘qnom’.
469 3425 650 3507 Tumenin,
668 3449 735 3492 enm
744 3428 889 3494 eiusmodi
902 3429 1036 3494 homines
1044 3438 1220 3505 monentur,

98 3557 138 3601 ne
151 3533 263 3600 aetatis
279 3531 394 3614 quidem
410 3529 638 3595 exeusationem
653 3532 768 3596 admitti
783 3529 1053 3616 quenitanaesar.
1079 3527 1223 3595 Ceterum

99 3641 177 3724 quotl
201 3659 243 3702 ex
264 3632 384 3720 optimis
407 3632 493 3697 eodl.
516 3632 595 3697 elidi
619 3635 669 3699 ‘in
691 3656 724 3700 ae
747 3634 836 3700 etiam
860 3634 968 3698 aetatis
995 3634 1223 3699 exeusationem

100 3744 175 3808 nihil
191 3736 321 3810 ualere'‚
345 3745 446 3813 erunt,
467 3735 518 3817 qni
536 3741 587 3799 ‘ne
609 3738 717 3801 aetatis
733 3737 848 3821 quidem
866 3737 1092 3801 exeusationem
1108 3736 1223 3800 ualere'

99 3844 267 3930 requirent.
295 3837 362 3903 ‚sot
384 3839 486 3901 endem
510 3838 699 3922 neglegentia
719 3840 784 3922 (ita
800 3839 878 3902 enim
894 3838 1069 3924 appellanda
1083 3839 1224 3922 uidetur)

101 3968 174 4014 naua
189 3941 365 4011 eetCaesar
375 3941 405 4004 b.
418 3937 498 4003 Gall.
511 3938 553 4022 V,
570 3941 624 4019 52,
642 3939 660 4004 1
677 3948 786 4025 ‘neque
802 3942 891 4006 etiam
905 3943 1030 4027 paruulo
1045 3942 1224 4007 detrimento

100 4051 222 4116 illorum
243 4049 342 4113 loonm
364 4046 492 4129 relinqui
514 4043 644 4108 uileltut’
666 4054 698 4107 et
719 4043 749 4107 b.
774 4044 834 4108 nin.
857 4041 884 4122 l,
909 4045 942 4120 5,
966 4044 982 4108 1
1008 4056 1082 4109 ‘neo
1099 4046 1225 4108 tribunis

104 4256 192 4320 sione
205 4252 356 4318 retinendi
372 4286 409 4301 -·
425 4250 550 4316 facultas
566 4248 726 4328 tribuitur’3
749 4249 821 4314 item
837 4247 915 4313 Tae.
926 4269 997 4312 ann.
1015 4245 1072 4327 111,
1090 4245 1131 4310 51
1149 4252 1227 4308 ‘ere-

132 4354 223 4411 ΓΜ,
238 4353 274 4399 ⁶⁴¹·
290 4352 395 4413 Ninnert·
977 4348 1017 4411 10
