2692 4688
510 216 813 284 ...48-

103 395 184 461 bello
198 390 281 458 ciuili
297 399 329 455 et
341 388 467 472 reliquis
481 387 704 453 commentariis
720 406 792 452 uera
807 388 957 471 scripturo
974 388 1006 452 iu
1021 388 1225 457 deterioribus

103 497 190 561 coto.
207 505 327 560 seruata
343 505 402 572 est,
420 492 504 556 uelut
518 491 548 555 b.
559 491 618 554 ciu.
629 487 671 568 ll,
690 488 744 568 32,
760 489 1076 572 9‘rcliuquituruoua
1090 494 1223 578 religio’,

102 620 169 663 cum
185 608 353 663 extremum
369 593 549 658 uocabulum
563 593 594 656 in
610 592 798 677 interpolatis
815 591 980 655 exciderit:
999 602 1030 656 et
1041 593 1071 656 b.
1083 594 1152 658 lllr.
1167 593 1222 675 titt,

103 703 141 781 l,
167 702 216 765 ubi
232 711 339 764 auctor
353 698 535 781 scripserat:
564 703 619 758 ‘ut
640 694 678 758 ab
693 693 818 757 sinistro
833 695 899 758 eius
913 716 1008 760 cornu
1024 697 1126 762 ordiar
1140 707 1173 761 et
1186 696 1225 761 atl

100 805 240 868 dextrum
256 801 441 887 perueniam.
489 796 604 861 Habuit
617 796 780 881 legioucm’
802 805 894 873 cett,
920 796 1015 863 altera
1030 818 1099 881 pars
1116 799 1224 863 borum

99 906 260 971 uerborum
282 904 313 967 iu
336 900 523 986 interpolatis
538 899 668 983 legitur,
695 898 790 962 altera
813 899 845 962 iu
861 899 1073 964 deterioribus.
1105 898 1222 966 Verum

100 1007 266 1073 huiusmodi
281 1024 429 1090 perpauca
444 1012 528 1079 suut,
546 1022 642 1084 ueque
652 1000 690 1064 ob
702 1020 738 1064 ea
750 999 846 1064 maius
861 1001 991 1084 pretium
1007 1003 1052 1067 bis
1067 1003 1221 1069 codicibus

99 1111 286 1176 constituere
301 1108 388 1186 licet,
416 1126 505 1189 quam
527 1126 545 1167 a
569 1102 655 1168 uobis
671 1102 867 1167 coustitutum
884 1115 942 1167 ost.

184 1208 306 1276 Subieci
329 1210 455 1274 somam
462 1206 651 1293 cognationis
667 1205 802 1268 codicum
819 1206 982 1268 secundum
996 1225 1050 1281 ea,
1068 1228 1145 1290 quae
1160 1208 1222 1273 tlis·

99 1314 269 1401 putarimus
283 1313 478 1391 delineatam,
496 1312 540 1375 ita
553 1319 589 1374 ut
607 1328 660 1372 eos
681 1307 819 1385 codices,
833 1306 884 1389 qui
900 1306 1072 1391 perierunt,
1091 1308 1219 1376 Graecis

99 1416 210 1481 litteris
223 1415 435 1500 significarem.

261 1674 295 1745 Β

132 1774 371 1936 Χ
727 1850 1066 2003 §actiaca

306 2023 382 2161 Bym-
401 2022 476 2075 Vnt.
495 2039 536 2091 pr.
671 2090 703 2157 Δ
727 1988 954 2059 vuli-putant,
969 1994 1032 2066 οι.)

326 2132 343 2158 A

164 2209 316 2263 Deteriorcs
335 2209 393 2263 Vlll
412 2212 441 2262 ll.
460 2211 493 2263 da
691 2167 1176 2263 Μ

265 2278 291 2343 b.
311 2277 380 2330 Gall.

179 2430 349 2498 Secundum
366 2433 440 2497 baec
455 2454 515 2498 non
530 2433 651 2497 difficile
673 2443 721 2497 est
734 2432 905 2513 intellectu,
934 2451 1009 2515 quoe
1023 2432 1102 2497 ratis
1117 2433 1148 2498 iu
1161 2452 1213 2498 re-

93 2535 252 2600 censendis
268 2530 411 2599 Caesaris
426 2536 649 2600 commentariis
664 2535 814 2619 mqueurla
829 2537 882 2599 sit.
907 2534 989 2600 Nam
1004 2535 1099 2619 prima
1113 2535 1211 2599 omni·

92 2658 141 2702 um
164 2657 237 2701 eura
259 2638 440 2701 conferenda
462 2638 521 2702 crit
544 2638 581 2701 ad
603 2638 781 2724 scriptoram
812 2638 924 2703 codicis
950 2636 1105 2723 archetypi
1126 2638 1212 2701 ioue-

91 2740 244 2805 uieutlon.
280 2735 329 2803 Ea
350 2739 384 2803 iu
406 2738 490 2804 libris
506 2740 543 2805 de
565 2740 644 2804 bello
659 2737 777 2804 Gallico
792 2739 942 2805 ebioiemr
955 2751 1008 2806 aut
1022 2761 1063 2805 ex
1076 2740 1212 2805 omniun

91 2843 224 2910 ootlioum
246 2850 397 2906 comusu
418 2852 471 2905 aut
490 2842 522 2906 iu
546 2843 684 2907 dissensu
706 2841 863 2926 utriusque
882 2842 1013 2908 familiae
1028 2864 1068 2908 ex
1082 2841 1211 2927 integris

89 2957 143 3011 aut
157 2945 286 3029 (leuique
307 2964 349 3009 ex
369 2964 519 3009 muscoso
542 2945 667 3010 alterius
689 2946 875 3030 integrorum
890 2945 985 3029 partis
1000 2956 1032 3010 et
1045 2944 1210 3029 interpola·

89 3058 201 3114 torum.
231 3048 367 3133 Apparet
388 3058 488 3112 autem
503 3043 744 3130 Bougarsiauum
765 3047 892 3131 primum
906 3047 1031 3113 caulem
1045 3045 1209 3111 auctorita·

89 3161 148 3215 tem
165 3150 274 3215 babere
297 3161 386 3234 atum
407 3150 540 3233 reliquos
561 3149 696 3236 integros
721 3160 753 3214 et
766 3150 933 3215 deteriores
948 3170 991 3215 cx
1004 3151 1107 3214 colom
1124 3150 1208 3212 fonte

88 3251 194 3314 ‹luctos
208 3251 290 3314 inter
303 3271 337 3316 se
352 3252 586 3329 consentientes,
611 3264 643 3317 et
664 3262 786 3337 propter
805 3253 899 3337 ipsius
922 3251 1035 3317 coticis
1051 3260 1208 3337 praestam-

88 3353 158 3416 tiam
175 3351 263 3435 paulo
278 3353 368 3416 etiam
383 3354 537 3417 maiorem.
576 3352 712 3437 lioperto
727 3375 801 3418 uero
822 3354 932 3418 codicis
955 3353 1110 3437 archetypi
1131 3349 1207 3416 scri·

86 3465 171 3538 ptura
188 3463 241 3516 aut
254 3452 319 3536 ipsa
333 3472 406 3515 uera
422 3454 499 3531 crit,
517 3464 587 3531 aut,
604 3455 631 3517 si
646 3455 687 3518 ita
704 3477 764 3519 nou
781 3455 914 3539 potuisse
929 3476 948 3518 a
963 3450 1098 3520 Caesare
1112 3451 1204 3516 scribi

86 3557 320 3620 demonstratum
341 3554 448 3628 fuerit,
477 3559 649 3619 conlectura
676 3555 719 3618 illi
750 3556 942 3621 fundamento
970 3558 1077 3622 innixa
1099 3573 1204 3618 uerum

86 3659 248 3723 eruendum
264 3657 333 3721 erit.
372 3654 499 3720 Etiamsi
523 3667 619 3720 autem
636 3657 776 3721 mendosa
792 3659 849 3722 erit
864 3660 1050 3745 integrorum
1066 3655 1203 3720 codicum

85 3760 233 3845 scriptura
252 3770 284 3823 et
305 3758 551 3842 interpolatorum
573 3769 625 3822 aut
647 3759 829 3824 deteriorum
850 3782 904 3846 per
922 3782 956 3826 se
976 3770 1078 3835 recta,
1102 3769 1203 3821 tamem

85 3864 278 3927 tumbomum
292 3861 346 3924 bos
362 3861 447 3944 sequi
463 3861 582 3940 licebit,
606 3882 672 3925 cum
693 3861 729 3924 ab
745 3883 850 3927 eorum
865 3859 1090 3947 scripturula,
1115 3869 1150 3923 ut
1170 3860 1203 3923 iu

83 3964 209 4047 integris
233 3966 343 4027 lactum
365 3965 439 4041 erit,
463 3964 598 4028 aberrat-i
622 3964 756 4048 potuisse
777 3965 941 4050 apparebit.
986 3959 1099 4025 blenda
1122 3961 1202 4025 euin

83 4066 265 4151 integrorum
288 4067 421 4131 codicum
444 4076 543 4131 tameo
565 4066 723 4132 ueritatem
744 4080 868 4133 seruam
881 4069 951 4132 licet
965 4062 1156 4129 obscuratam
1170 4073 1204 4128 et

82 4169 245 4234 iuuolueris
260 4181 388 4248 tectam,
412 4190 489 4253 quae
503 4180 590 4234 caute
605 4170 797 4236 detrahenda·
810 4183 897 4235 sunt:
920 4167 1103 4249 reliquorum
1119 4165 1201 4229 codi-

82 4294 148 4339 cum
163 4272 264 4338 omoia
279 4272 391 4338 fraudis
406 4271 535 4358 suspicio
551 4273 667 4359 premit.
698 4271 801 4356 ltaque
816 4293 883 4337 cum
905 4288 1104 4354 quaeramus,
1128 4268 1201 4353 quid
