2692 4688
500 208 820 274 ..231-

96 375 232 463 Pompeii
245 389 371 462 praeter
384 388 526 460 quattuor
538 381 673 463 legiones
689 403 750 445 nou
765 381 864 465 magni
879 383 1021 446 momenti
1036 384 1142 449 fuisse.
1158 381 1221 450 Ita·

97 502 166 565 que,
184 500 224 545 ne
239 481 305 563 quis
320 480 497 559 miraretur,
522 484 599 566 quod
614 479 773 567 Pompeius
794 493 896 547 umen
910 483 1017 547 bellum
1031 485 1150 571 longius
1165 487 1220 552 du·

96 583 215 660 xiaaet,
237 582 427 664 quamobrem
448 582 478 647 id
499 586 667 662 sentisse,
692 587 865 650 deelarauit.
896 584 1107 671 Adiunguntur
1121 584 1219 654 autem

96 685 158 749 illia
173 683 276 749 uerbis
292 684 383 747 baso:
404 682 493 748 ‘Nam
503 688 566 750 lere
575 687 665 751 totius
673 687 824 751 ulterioris
833 685 997 771 llispaniae
1005 690 1090 771 regio
1099 701 1221 775 propter

97 799 197 852 terrae
221 787 431 851 fecunditatem
453 789 572 872 inopem
594 789 799 872 difficilemque
820 789 908 853 babet
923 784 1220 874 oppugnationemet

96 910 156 954 uon
171 887 271 952 minus
286 889 436 972 eopiosam
452 891 664 972 aquationem’.
693 890 751 954 llio
771 892 872 975 inepte
893 901 993 955 terrae
1009 893 1220 958 fecunditatem

96 991 127 1055 in
148 1010 241 1054 eausa
264 990 357 1053 luisse
379 989 457 1068 diei,
482 1002 516 1054 nt
536 993 718 1076 oppugnatio
739 993 824 1076 inops
851 1003 934 1056 esset
955 1003 985 1055 et
1012 995 1131 1076 aquatio
1159 1016 1220 1061 non

97 1093 194 1156 minus
223 1088 365 1174 eopiosa,
393 1089 518 1174 Lipsius
546 1093 708 1157 intellexit.
746 1092 827 1157 Nam
850 1093 1081 1179 Oudendorpius
1103 1097 1220 1179 quidam

96 1215 158 1258 aon
170 1193 284 1257 leuiter
297 1204 438 1278 nugatur,
456 1195 506 1277 qui
521 1194 559 1258 ob
575 1205 676 1260 terrae
690 1196 899 1260 fecunditatem
916 1197 1062 1261 oulturam
1076 1198 1220 1264 siluamm

97 1296 263 1381 negleetam
286 1306 372 1379 putat
391 1296 517 1378 ideoque
538 1318 589 1362 res
612 1297 649 1362 ad
670 1298 920 1383 oppugnationem
936 1301 1124 1364 necessarios
1140 1301 1220 1366 dete·

97 1400 187 1463 eiase.
213 1393 393 1462 Conieiebat
406 1409 504 1462 autem
513 1396 637 1484 Lipsius
655 1400 1219 1488 ‘terraeiuteounditatem'etdeineeps

98 1509 142 1566 ‘et
161 1522 225 1566 uon
245 1501 335 1565 nimis
357 1502 507 1585 copiosam
523 1502 723 1585 aquationem’
743 1501 931 1566 scribendum
946 1522 1025 1568 esse.
1059 1501 1173 1570 Verum
1190 1514 1220 1569 et

97 1605 308 1669 ieouuditatem
323 1602 487 1688 Hispaniae
501 1605 653 1668 ulterioris
668 1599 779 1669 Strabo
795 1615 827 1668 et
840 1601 956 1668 Plinius
972 1604 1057 1687 (bist.
1076 1617 1138 1671 nat.
1157 1604 1216 1687 ΙΙΙ,

97 1704 130 1789 l,
145 1705 181 1789 7)
195 1707 336 1784 laudant,
359 1725 456 1788 neque
477 1707 509 1769 in
529 1727 565 1770 ea
580 1726 676 1788 aquae
690 1706 804 1790 eopiam
821 1706 989 1784 desisteres,
1013 1718 1100 1791 atque
1115 1710 1148 1772 in
1162 1709 1218 1774 bae

96 1818 200 1892 parte,
221 1807 273 1870 ubi
286 1806 396 1871 bellum
410 1808 588 1891 gerebatur,
611 1809 720 1873 llumen
735 1804 856 1872 Salsum
878 1808 915 1873 ab
938 1819 1063 1872 auctore
1078 1810 1148 1873 belli
1163 1809 1219 1874 lli·

95 1911 268 1996 apaniensis
282 1920 542 1973 oommemoratur.
566 1906 675 1994 Neque
690 1930 763 1973 uero
778 1910 808 1972 id
823 1910 1125 1994 solumineptumest,
1143 1910 1220 1995 quod

95 2010 429 2097 Lipsiusreprebendit‚
447 2012 608 2089 sedetiam,
620 2012 696 2094 quod
706 2013 933 2097 oppugnationis
943 2013 1098 2078 difficultas
1114 2025 1145 2078 et
1159 2035 1220 2078 non

97 2115 202 2178 minus
217 2114 335 2197 eopiosa
347 2114 467 2199 aquatio
483 2115 725 2195 coniunguntur,
743 2133 819 2195 quae
834 2133 884 2176 res
899 2113 1120 2179 diuersissimas
1135 2127 1216 2180 aunt.

96 2215 207 2301 Itaque
221 2216 294 2279 mibi
308 2229 411 2280 ametor
425 2217 470 2280 sio
485 2216 603 2279 uidetur
616 2214 793 2298 scripsisses
813 2212 907 2295 ‘Nam
923 2225 986 2278 tota
997 2217 1059 2279 lere
1068 2216 1219 2282 ulterioris

97 2319 264 2405 Hispaniae
285 2320 369 2405 regio
391 2330 513 2404 propter
536 2329 636 2382 terrae
658 2316 869 2381 fecunditatem
887 2326 918 2380 et
932 2337 992 2380 nou
1007 2317 1105 2382 minus
1121 2320 1220 2402 eopio-

98 2444 164 2488 sam
179 2423 369 2509 aquationem
385 2422 503 2505 longam
518 2420 724 2503 difficilemque
741 2417 830 2482 babet
844 2420 1117 2501 oppugnationem’.
1142 2419 1221 2485 Ter·

99 2544 154 2591 rae
168 2525 245 2591 naim
260 2524 441 2589 fecunditate
463 2535 494 2586 et
515 2524 636 2607 eopiosa
651 2521 809 2606 aquatione
825 2521 1025 2602 efficiebatur,
1050 2534 1083 2588 ut
1105 2522 1221 2587 obsessi

99 2649 195 2713 neque
209 2630 288 2692 lame
304 2647 400 2709 usque
415 2626 466 2688 siti
481 2626 569 2689 laeile
585 2625 621 2688 ad
632 2625 810 2688 deditionem
820 2626 1079 2709 compellerentur.
1105 2624 1222 2690 Trans·

100 2733 302 2816 ponendorum
318 2741 418 2792 autem
434 2728 594 2793 uerborum
615 2728 746 2792 remedio
770 2747 825 2791 nos
847 2738 931 2792 reete
953 2729 983 2790 in
1005 2728 1061 2791 boe
1082 2728 1158 2792 libro
1179 2727 1222 2791 uti

100 2834 209 2918 insigni
224 2833 404 2897 dooumento
418 2842 502 2908 sunt,
519 2852 596 2915 quae
612 2853 640 2894 e.
657 2830 679 2895 9
693 2831 846 2912 leguntur.
1217 2836 1221 2841 “

180 2932 333 3000 Extremo
348 2954 375 2996 o.
392 2931 556 2998 oretanum
571 2935 661 2997 estin
678 2933 752 2997 oolle
768 2933 906 3015 quodam,
924 2932 973 3014 qui
990 2927 1099 2995 Castra
1114 2928 1224 2994 Postu.

102 3037 198 3102 miana
220 3036 426 3121 appellabatur
447 3046 479 3100 et
500 3032 668 3120 aPompeii
690 3035 798 3100 eastris
821 3034 902 3097 milio
925 3053 1065 3116 passuum
1082 3038 1224 3116 quattuor

103 3140 221 3218 aberat,
247 3135 411 3203 Caesarem
434 3138 588 3202 castellum
611 3138 805 3200 constitutum
830 3135 981 3199 babuisse.
1015 3131 1114 3216 ‘Quod
1135 3132 1224 3198 Pom·

105 3243 208 3325 paim,
230 3242 330 3328 inquit
351 3252 457 3305 auotor
478 3240 545 3305 so
567 3239 625 3316 im,
650 3240 745 3322 ‘quod
768 3237 872 3302 eodem
894 3238 966 3322 iugo
989 3237 1146 3322 tegebatur
1165 3236 1225 3301 looi

103 3355 208 3409 natura
231 3355 264 3408 et
284 3353 431 3407 remotum
454 3353 558 3406 erata
580 3343 689 3404 eastris
705 3335 867 3419 Caesaris,
891 3341 1147 3406 animaduertebat
1166 3339 1225 3404 losi

103 3447 299 3513 difficultatem
315 3456 357 3524 et,
375 3446 443 3528 quia
459 3445 578 3509 flumine
593 3439 682 3507 Salso
697 3441 964 3520 intercludebatur,
983 3465 1044 3508 nou
1060 3463 1131 3508 esse
1145 3456 1226 3506 oom·'

103 3553 259 3615 missurum
276 3545 457 3624 Caesarem,
473 3547 553 3610 utin
570 3557 651 3610 tanta
668 3545 726 3610 looi
742 3545 911 3609 difficultate
927 3545 964 3609 nd
978 3545 1141 3610 subsidium
1158 3545 1225 3609 mit'-

103 3653 220 3719 tendum
242 3672 276 3715 se
300 3647 523 3714 committeret’.
562 3645 615 3713 Sio
645 3649 723 3711 enim
753 3657 891 3711 extrema
918 3646 1010 3711 uerba
1039 3636 1224 3711 emendanda

104 3766 207 3832 erant,
224 3753 338 3817 eumin
354 3752 491 3816 omnibus
507 3753 570 3815 lere
585 3751 671 3814 eodd.
682 3750 835 3833 legeretur
851 3751 899 3814 ‘ad
915 3748 1080 3813 subsidium
1089 3750 1225 3813 eommit·

104 3858 220 3922 tendum
237 3855 443 3921 semitteret’:
463 3855 494 3918 in
510 3875 570 3918 uno
586 3854 651 3917 eod.
665 3850 770 3916 Vrsini
785 3853 929 3936 seriptum
945 3861 1003 3931 est,
1017 3837 1099 3934 ‘quod
1115 3851 1224 3930 editur,

105 3962 152 4024 ‘ad
166 3959 332 4024 subsidium
348 3956 580 4021 submittendum
595 3976 629 4020 se
644 3955 799 4033 mitteret',
816 3956 848 4018 iu
859 3953 927 4020 Pet.
937 3966 969 4019 et
979 3952 1078 4018 Noru.
1088 3956 1226 4019 effoetum

102 4073 146 4127 eat
162 4062 219 4126 ‘ad
235 4060 399 4125 subsidium
416 4059 555 4125 ueniret'.
580 4056 643 4123 lam
659 4056 860 4142 Glandorpius
876 4057 1048 4122 coniecerat
1064 4058 1114 4122 ‘ad
1128 4055 1226 4120 subsi-

104 4163 180 4228 dium
201 4162 433 4228 submittendum
454 4180 487 4225 se
509 4162 729 4226 committeret.
768 4159 915 4244 Reliqua,
941 4170 974 4223 ut
988 4158 1091 4244 posui,
1114 4156 1226 4237 scripte

102 4277 171 4331 aunt
184 4267 218 4332 in
232 4262 306 4331 Par.
324 4285 388 4330 aee.
405 4274 448 4343 et,
465 4272 499 4328 ut
513 4272 602 4349 puto,
620 4264 652 4328 in
667 4260 759 4327 Vind.
776 4284 836 4348 pr.‚
853 4284 921 4329 oum
936 4258 1137 4327 Sobneiderus
1153 4274 1226 4340 quo·
