2684 4694
86 211 154 287 7³2
477 210 608 279 neunt
632 206 938 279 lllSl’ANlllNSlS

148 383 263 449 uiribus
286 404 327 448 ex
349 385 532 450 aduersariis
555 385 613 450 sibi
634 404 736 470 peren
759 404 827 450 esse
850 383 998 449 neminen
1020 385 1140 470 agitare
1162 389 1279 474 eoepit.

111 483 225 564 tute,
250 497 283 549 nt
305 488 400 552 lentur
421 487 549 553 Achillis
572 485 804 572 Memnonisque
826 506 1027 571 congressus,
1052 486 1093 572 Q.
1111 486 1281 575 Pompeius

147 586 259 674 Niger,
276 609 367 673 eques
382 588 538 656 Romanus
552 589 739 670 italicensis,
762 611 804 654 ex
818 590 884 654 soie
903 600 1007 655 nostru
1023 591 1060 656 etl
1075 595 1278 677 congredien-

115 688 219 755 5dum
242 712 420 776 progressus
443 705 501 758 est.
533 691 684 776 Quoniam
709 694 850 758 ferocites
871 691 985 756 Antisti
1000 694 1133 759 omnium
1154 709 1278 763 mentes

112 789 135 857 6
149 804 341 857 oonuerterut
354 795 392 858 ab
406 816 497 880 opere
512 798 550 860 sd
564 799 775 882 spectandum,
798 795 880 859 ecies
894 806 968 860 sunt
981 795 1155 880 dispositae.
1187 798 1275 865 Num
1297 812 1313 865 1

149 896 231 959 inter
245 895 407 961 bellatores
423 898 572 983 prinoipes
587 900 676 963 dubie
691 910 757 963 erat
772 899 869 983 positu
884 898 1025 977 uictoria,
1043 910 1076 963 nt
1087 921 1179 985 prope
1188 902 1278 968 uide·

149 1007 236 1062 retur
250 999 338 1062 lineus
353 999 482 1065 bellandi
498 1001 623 1065 duorum
639 1002 778 1066 dirimere
800 1021 907 1084 pugne.
945 998 992 1064 lta
1013 1001 1093 1066 uuili
1111 1002 1274 1086 eupitlipuo

149 1101 304 1181 †snernm
318 1103 443 1185 quisque
458 1125 499 1168 ex
514 1105 642 1189 portium
661 1104 792 1168 uirorum
806 1104 1013 1185 fautorumque
1024 1104 1164 1168 noluntas
1178 1103 1274 1169 liabe-

112 1198 247 1264 7betur.
280 1199 415 1284 Quorum
437 1206 547 1270 uirtute
569 1207 680 1281 elueri,
706 1227 773 1270 oum
795 1204 831 1268 etl
853 1205 1051 1270 dimionndum
1066 1206 1097 1269 in
1112 1206 1273 1290 planiciem

149 1322 184 1367 se
199 1304 410 1384 eontulissent,
427 1319 636 1392 scutorumque
652 1309 747 1372 laudis
762 1307 893 1390 insignis
908 1308 1099 1390 praefulgens
1113 1328 1189 1391 opus
1202 1329 1273 1374 eae·
1299 1322 1330 1376 tt

150 1403 243 1469 lutum
260 1453 410 1472 ......
428 1431 552 1492 quorum
568 1433 665 1496 pugne
681 1420 763 1474 esset
773 1429 864 1494 prope
879 1410 1013 1492 proleeto
1028 1410 1191 1493 diremptu,
1209 1412 1270 1476 nisi

149 1518 274 1591 propter
287 1511 419 1592 equitum
436 1533 625 1587 conoessum,
643 1524 675 1576 ut
690 1533 779 1595 supra
795 1512 1080 1588 demonstrauimus,
1104 1511 1205 1576 leuem
1220 1535 1272 1579 ar·

149 1618 295 1672 maturum
310 1613 449 1693 praesidii
465 1635 555 1677 cause
571 1635 630 1677 non
648 1614 736 1699 longe
751 1613 788 1677 uls
804 1634 894 1697 opere
911 1656 1057 1675 ......
1075 1622 1177 1676 eastra
1193 1634 1271 1679 oon·

111 1705 133 1771 8
147 1709 257 1773 stituit.
289 1709 333 1777 Vt
346 1724 467 1778 nostros
482 1716 598 1803 equites
614 1717 644 1780 in
656 1727 790 1799 reseptu,
809 1717 878 1780 dum
891 1715 928 1779 al
942 1723 1039 1778 cestra
1052 1712 1195 1793 redeunt,
1213 1717 1268 1780 al·

148 1813 276 1877 uersurii
297 1816 430 1901 eupitius
452 1828 524 1881 suot
545 1819 692 1896 insecuti,
717 1819 852 1882 uniuersi
875 1818 1004 1882 elumore
1023 1816 1102 1880 lueto
1124 1816 1270 1900 impetum
1295 1830 1327 1883 lt

146 1913 302 1981 dederunt.
335 1915 381 1982 lta
395 1931 475 1982 metu
490 1922 661 2004 perterriti,
685 1942 750 1985 oum
766 1921 797 1984 in
814 1922 884 2004 luge
900 1932 1014 1996 essent,
1029 1919 1133 1984 multis
1147 1921 1269 1986 amissis

88 2011 177 2083 26111
192 2028 293 2082 eastra
306 2039 341 2083 se
355 2022 514 2105 recipiunt.
547 2020 665 2089 Caesar
686 2024 724 2089 ob
746 2025 886 2089 uirtutem
902 2036 1019 2088 turmae
1033 2016 1200 2088 Cassianae
1214 2025 1268 2089 ‹lo-

146 2119 231 2183 nunit
251 2120 334 2186 milia
346 2134 410 2188 xlll
432 2137 464 2191 et
486 2130 640 2212 praelecto
660 2139 781 2211 torques
804 2136 950 2192 nureosv
974 2136 1006 2189 et
1019 2127 1081 2191 leui
1094 2135 1264 2191 armaturae

105 2215 227 2287 zmilis
241 2233 304 2289 llll.
342 2224 410 2292 lloe
433 2229 480 2295 elie
502 2229 544 2294 A.
561 2227 694 2295 Baebius
717 2241 749 2294 et
771 2226 810 2294 C.
825 2227 949 2294 Flauius
972 2240 1004 2294 et
1024 2229 1064 2294 Α.
1083 2226 1263 2302 Trebellius,

146 2325 261 2407 equites
276 2325 406 2394 llomani
420 2333 587 2411 Astenms,
612 2343 739 2417 urgento
754 2354 846 2418 prope
861 2333 930 2396 teeti
946 2332 1033 2415 equis
1047 2331 1086 2395 at
1101 2327 1264 2396 Caesarem
1285 2338 1321 2394 tt

108 2422 128 2487 3
145 2430 389 2511 transfugerunt3
413 2433 463 2518 qui
477 2436 692 2499 nuntiauerant
705 2437 821 2518 equites
837 2433 990 2501 Romanor
1006 2433 1183 2498 coniurasse
1203 2454 1267 2498 om·

144 2547 211 2600 nes,
228 2530 276 2611 qui
292 2530 323 2594 in
339 2534 447 2595 sustris
461 2532 585 2618 Pompei
601 2548 716 2615 essent,
735 2549 768 2602 ut
782 2539 990 2602 transitionem
1007 2539 1160 2601 inserent:
1185 2535 1265 2599 serui

144 2627 253 2693 inclinio
264 2652 368 2697 omnes
382 2634 415 2699 in
426 2637 590 2703 sumniam
605 2660 672 2704 esse
682 2640 848 2719 nutrientes,
867 2639 1001 2723 equibus
1011 2640 1267 2722 oeeusioneeapta

108 2729 130 2794 l
147 2753 181 2797 se
197 2736 407 2820 transfugisse.
438 2736 514 2803 ltem
531 2741 586 2805 hoe
601 2743 649 2807 (lie
663 2743 781 2808 litterae
796 2753 866 2808 snut
881 2744 1057 2827 deprensae,
1074 2760 1149 2825 ques
1165 2741 1266 2804 mitte·

110 2832 195 2901 that
210 2835 379 2906 Vrsaonem
396 2840 454 2906 Cn.
472 2841 652 2928 Pompeium
679 2842 726 2909 ‘S.
737 2845 777 2910 V.
789 2844 828 2910 G.
840 2844 880 2909 Ε.
892 2845 931 2908 V.
959 2844 1041 2923 Etsi,
1058 2852 1145 2928 prout
1159 2853 1267 2907 nostra
1289 2852 1321 2907 tt

252 3046 337 3097 lesse
350 3063 403 3099 om.
419 3050 444 3101 l.
565 3050 745 3118 lmquaeu.
862 3048 1261 3114 laioougrerlientlumom.l.

250 3122 468 3192 loongressuss.
580 3130 752 3194 estomuf.
864 3126 1026 3193 Antistius.
1128 3122 1264 3191 ὄῦεξξθ

142 3195 199 3244 -8
212 3195 268 3246 reid.
283 3199 315 3248 Ρ.
328 3202 389 3252 211.
492 3205 624 3272 8quisquo
637 3223 669 3257 ex
684 3207 794 3272 purtiuru
808 3221 833 3268 u,
850 3206 958 3271 quisque
972 3205 1082 3270 purtlurn
1096 3211 1264 3270 expertorum

142 3287 160 3320 u
172 3287 234 3323 eum
246 3274 298 3324 ltue
309 3283 503 3332 ostentatione:
520 3281 588 3348 ‘pro’
601 3282 649 3346 (t)
662 3285 779 3349 ‘quisque
794 3287 820 3332 r'u
830 3283 925 3333 l'eteu.
941 3287 968 3331 et
980 3283 995 3332 b
1008 3297 1051 3333 ex.
1065 3281 1147 3332 Deest
1160 3284 1187 3329 iu
1197 3279 1262 3329 Vre.

141 3350 468 3421 eelloru.expertorunr’.
574 3358 806 3411 laetorumnol.l.
911 3360 1100 3411 luirtuterna.
1205 3356 1263 3422 pla·

142 3425 230 3479 nltieau
242 3427 295 3494 (al.
400 3432 431 3484 10
440 3434 552 3499 insignio
565 3454 582 3487 u
592 3439 637 3501 te,
651 3437 759 3502 insignis
772 3454 799 3488 u.
906 3437 934 3488 ll
945 3437 1074 3487 quenum
1086 3449 1135 3499 ego
1150 3435 1262 3484 teutoni.

247 3508 349 3575 direpta
362 3527 379 3561 u
389 3512 412 3561 b.
520 3516 552 3569 12
565 3517 648 3568 leuem
661 3525 818 3567 armaturam
832 3532 849 3566 o
864 3517 929 3565 ‘ntea'
939 3514 1038 3565 ornnes¹
1053 3518 1165 3580 praeter
1177 3526 1265 3561 uuum

140 3581 207 3647 dee,
220 3584 287 3635 leuis
301 3594 433 3638 armatura
446 3605 474 3640 u.
597 3593 628 3644 13
643 3593 769 3645 laeenam
781 3608 831 3658 ego
844 3595 950 3643 notarri.
1061 3597 1149 3640 eustra
1162 3589 1264 3638 eonsti-

141 3663 191 3714 tuit
202 3680 219 3715 a
228 3667 243 3716 b
253 3680 276 3731 e,
285 3674 431 3719 esatrornun
443 3670 607 3722 constitisset
620 3687 647 3720 u.
753 3671 784 3723 ll
793 3670 875 3721 nostri
889 3669 966 3719 codd.
975 3687 983 3730 ‚·
992 3667 1065 3734 pseud
1075 3664 1261 3731 ”cupiendum

140 3744 168 3791 et
178 3742 221 3793 laio
232 3759 338 3809 queque
350 3746 472 3812 desuetus
484 3748 622 3798 notandus
633 3747 726 3799 raideri
733 3752 834 3814 potest.
941 3747 972 3799 16
981 3746 1106 3798 dederunt
1115 3757 1132 3792 u
1141 3743 1155 3792 b
1164 3742 1179 3792 3
1189 3741 1261 3794 dere.

246 3822 279 3873 18
292 3829 318 3872 et
330 3823 406 3888 (unte
420 3825 473 3875 leui
485 3841 522 3876 un
534 3831 598 3876 auto
610 3826 744 3893 prueleeto
754 3827 777 3888 l)
789 3842 840 3877 orn.
858 3827 882 3877 b.
1016 3826 1045 3879 12
1057 3840 1093 3875 uu
1106 3839 1173 3890 ομ·
1188 3824 1264 3877 :nni

138 3911 166 3960 u,
179 3901 307 3964 o-eces,
321 3915 364 3952 scr
376 3902 431 3965 bo,·
444 3903 558 3954 xAIdus
571 3920 597 3954 u.
712 3904 808 3955 Bobius
820 3919 848 3953 o.
960 3903 1144 3957 ‘ltlllastensea
1157 3901 1260 3952 e‘etaa.

139 3978 167 4024 et
177 3974 238 4025 edd.
252 3975 325 4039 pud)
430 3982 504 4047 equis
518 3981 700 4048 Glandorpius
712 3981 772 4045 (sed
784 3981 852 4032 idem
867 3983 937 4031 mele
952 3982 1051 4046 tectis),
1065 3979 1167 4046 equites
1181 3981 1262 4031 codd.

245 4053 276 4105 21
290 4053 446 4120 refugerunt
459 4060 483 4109 b.
588 4062 776 4112 nuntinuoruut
788 4060 836 4124 os
843 4059 859 4108 8
872 4058 939 4110 deut.
953 4059 1092 4122 setosis„
1107 4058 1264 4110 auntinrunt

134 4134 227 4194 primu
241 4147 258 4182 u
270 4137 328 4184 siue
339 4139 527 4187 minutatione.
640 4141 674 4195 22
687 4138 790 4205 Pompei
802 4153 828 4188 u.
940 4139 974 4192 tt
987 4139 1109 4190 oeusione
1122 4153 1149 4188 a.

136 4208 170 4262 24
183 4210 326 4277 deprensae
337 4227 355 4263 s
369 4214 394 4277 b,
408 4213 586 4278 deprehensus
600 4230 627 4264 u.
743 4215 837 4282 quibus
851 4217 875 4266 l.
988 4214 1141 4269 mittehutur
1151 4230 1262 4267 suonouu

137 4304 154 4337 a
166 4294 201 4355 et,
216 4295 407 4357 pulsatorem,
423 4292 447 4342 b.
553 4294 586 4346 25
600 4308 621 4343 s.
636 4309 661 4347 n.
676 4308 700 4357 ε.
716 4309 742 4344 u.
