2692 4688
73 208 138 275 572
502 197 559 267 ΒΕ
581 196 727 266 netto
751 195 884 266 CIVILI

134 386 168 440 nt
183 381 415 458 componeretur
429 381 519 455 atquc
534 370 572 436 ab
588 371 680 435 armis
696 371 914 447 discederetur,
931 371 983 433 sed
1000 379 1178 453 potestatem
1190 371 1255 437 eius

133 477 180 541 rei
195 476 306 538 nullam
323 473 452 550 babere,
477 483 634 557 propterea
657 474 735 556 quod
758 473 795 535 de
810 473 928 536 consilii
944 474 1093 536 sententia
1110 493 1255 539 summanr

98 578 204 643 bbelli
218 597 378 658 rerumque
394 576 524 638 omnium
541 572 683 659 Pompeio
699 574 902 657 permiserint.
926 570 985 637 Sed
1003 575 1160 657 postulatis
1177 573 1257 642 Cae-

134 679 212 744 saris
228 678 356 762 cognitis
372 677 518 741 missuros
533 678 570 740 ad
585 675 778 761 Pompeium,
800 686 889 759 atque
911 677 993 740 illurn
1018 677 1131 761 reliqua
1155 700 1209 764 per
1223 701 1258 744 se

104 820 108 826 ·
134 790 269 845 acturum
292 780 479 843 humentibus
502 780 588 863 ipsis.
627 776 747 842 Interea
768 790 926 841 manerent
947 779 1100 858 indutiae,
1124 781 1193 845 dum
1216 782 1254 846 ab
1276 794 1292 844 ⁵

135 883 187 946 illo
203 881 295 946 rediri
312 893 432 966 posset,
459 903 535 946 neue
556 880 736 945 alteralteri
753 891 886 943 noceret.
920 878 987 943 lluc
1009 881 1089 944 addit
1111 884 1259 965 paneade

77 984 120 1056 l'i
135 1005 226 1048 causa
242 984 323 1048 etde
340 985 433 1068 copiis
449 984 630 1066 auxiliisque
646 983 721 1046 suis.
769 978 886 1063 Quibus
909 982 998 1045 rebus
1021 1005 1116 1066 neque
1132 997 1192 1047 tum
1208 1007 1258 1050 re·

135 1087 338 1172 spondendum
355 1083 471 1151 Caesar
486 1085 689 1163 existimauit,
716 1105 813 1166 neque
835 1106 932 1162 nunc,
959 1096 991 1147 ut
1012 1086 1172 1149 memoriae
1189 1107 1259 1170 pro·

99 1188 122 1255 2
136 1190 264 1267 dantur,
281 1190 357 1252 salis
374 1210 484 1253 causae
499 1199 648 1272 putamus.
678 1184 857 1250 Postulabat
873 1183 1002 1265 Caiesar,
1021 1199 1053 1251 ut
1068 1188 1184 1272 legatos
1198 1189 1256 1252 sibi

135 1289 173 1354 ad
188 1287 362 1374 Pompeium
378 1292 443 1354 sine
459 1290 589 1375 periculo
605 1290 724 1353 mittere
739 1290 863 1368 liceret,
887 1290 974 1372 idque
990 1290 1046 1372 ipsi
1063 1293 1125 1353 lore
1141 1292 1257 1375 recipe·
1282 1303 1315 1356 1⁰

98 1390 202 1456 drent
216 1403 268 1456 aut
283 1404 421 1476 acceptos
438 1415 491 1477 per
506 1414 539 1457 se
555 1392 590 1455 ad
608 1413 674 1455 eum
701 1393 908 1476 perducerent.
955 1388 1042 1473 Quod
1066 1393 1102 1454 ad
1124 1393 1256 1457 indutias

134 1494 310 1579 pertineret,
328 1496 372 1557 sic
387 1495 456 1558 belli
471 1495 617 1558 rationem
634 1516 702 1558 esse
718 1496 855 1573 diuisam,
878 1505 909 1557 ut
923 1494 966 1556 illi
982 1493 1078 1556 classe
1094 1515 1187 1557 naues
1203 1516 1256 1558 au·

99 1594 267 1679 dxiliaque
282 1617 336 1660 sua
351 1597 545 1682 impedirent,
563 1598 627 1680 ipsc
643 1608 676 1660 ut
690 1619 766 1679 aqua
782 1610 919 1679 terraque
936 1617 987 1659 eos
1003 1595 1186 1678 prohiberet.
1220 1594 1256 1660 Si

136 1697 192 1760 boc
207 1698 263 1761 sibi
279 1699 389 1763 remitti
406 1700 536 1776 uellent,
559 1700 748 1762 remitterent
768 1700 824 1782 ipsi
847 1699 882 1762 de
906 1697 1068 1760 maritumis
1085 1697 1250 1773 custodiis3

134 1801 160 1863 ai
176 1801 247 1864 illud
264 1811 419 1880 tenerent,
443 1823 477 1865 se
499 1822 616 1884 quoquc
632 1803 660 1864 id
676 1814 874 1866 retenturum.
905 1800 1010 1865 Nibilo
1033 1800 1130 1861 minus
1153 1808 1253 1860 tamea
1281 1811 1313 1864 tt

134 1902 183 1985 agi
200 1924 287 1985 posse
302 1904 338 1966 de
354 1905 579 1988 compositione,
598 1915 631 1967 ut
647 1905 718 1968 baec
734 1926 795 1967 non
811 1905 1047 1980 remitterentur,
1065 1921 1160 1982 neque
1176 1902 1253 1964 liano

99 2002 197 2067 brem
214 2024 280 2067 esse
296 2006 497 2090 impedimenti
512 2007 590 2071 loco·
632 2004 686 2070 lllo
703 2028 799 2093 neque
823 2008 937 2090 legatos
954 2004 1095 2070 Caesaris
1118 2005 1254 2086 recipere

134 2125 231 2188 neque
246 2108 409 2191 periculum
425 2121 579 2195 praestare
601 2129 721 2188 eorum,
746 2111 800 2173 sed
824 2120 914 2172 totam
940 2129 1001 2171 rem
1024 2108 1061 2171 ad
1077 2104 1252 2189 Pompeium

133 2208 268 2273 reicere:
294 2233 385 2275 unum
401 2213 515 2277 instare
530 2214 568 2276 de
582 2213 704 2275 indutiis
721 2212 1038 2293 uelremcntissimcque
1055 2208 1248 2271 contendere.

97 2307 231 2392 liQuem
249 2313 297 2377 ubi
314 2311 430 2379 Caesar
450 2316 600 2377 intellexit
622 2316 790 2396 praesentis
807 2315 928 2397 periculi
954 2325 1042 2395 atque
1066 2311 1184 2394 inopiae
1207 2310 1252 2372 ui·
1274 2320 1307 2372 2⁰

133 2416 241 2477 tandae
264 2436 356 2478 causa
379 2436 494 2478 omnem
518 2418 683 2479 orationem
706 2418 871 2479 instituisse
888 2437 983 2497 neque
999 2415 1086 2476 ullam
1103 2434 1185 2496 spem
1202 2422 1252 2474 aut

133 2515 336 2577 condicionem
354 2518 434 2598 pacis
451 2518 579 2594 allerrc,
598 2520 635 2579 ad
651 2519 792 2599 reliquant
810 2518 1018 2601 cogitationem
1036 2516 1103 2580 belli
1120 2537 1188 2578 sese
1202 2536 1250 2578 rc-

75 2613 120 2683 18
133 2616 221 2697 cepit.
254 2613 376 2679 llibulus
392 2618 502 2681 multos
525 2620 588 2682 dies
611 2630 691 2682 terra
709 2620 872 2703 prohibitus
889 2631 919 2682 et
935 2621 1074 2701 graceiorc
1090 2618 1194 2681 morbo
1210 2638 1251 2680 cx

133 2718 245 2801 lrigore
258 2739 294 2781 ac
309 2719 412 2784 labore
427 2721 590 2805 inplicitus,
608 2743 674 2785 cum
691 2743 787 2805 neque
803 2722 901 2785 curari
918 2732 1018 2804 posset
1034 2740 1131 2801 nequo
1147 2741 1250 2782 susce-

95 2819 212 2905 2ptunt
229 2823 354 2886 officium
370 2825 511 2889 deserere
527 2825 626 2902 uellet,
645 2825 704 2887 uim
721 2824 814 2886 ruorbi
831 2824 980 2886 sustinere
997 2844 1056 2885 uon
1074 2824 1179 2905 potuit.
1201 2820 1249 2884 Eo
1272 2832 1305 2885 m

132 2934 249 2988 mortuo
265 2927 302 2991 ad
318 2927 465 2990 neminem
481 2948 572 2990 unum
587 2947 699 2991 summa
715 2926 830 3010 imperii
847 2927 934 2999 redit,
952 2926 1004 2988 sed
1021 2926 1180 3008 separatim
1196 2945 1248 2984 su-

96 3020 178 3087 dam
195 3027 319 3110 quisque
343 3030 469 3093 classem
492 3030 527 3093 ad
553 3029 708 3093 arbitrium
725 3051 808 3092 suom
825 3028 1062 3091 administrabat.
1096 3025 1247 3089 Vibullius

131 3127 235 3190 sedato
252 3131 397 3210 tumultu,
415 3153 500 3214 quem
517 3133 692 3216 repentinus
707 3133 853 3194 aduentus
870 3128 1012 3194 Caesaris
1029 3129 1245 3205 concitauerat,

130 3227 179 3289 ubi
196 3229 322 3311 primum
339 3255 403 3296 ere
418 3235 564 3312 uisumst,
590 3235 721 3297 adbibito
738 3233 855 3298 Libone
871 3232 947 3297 eth.
959 3230 1090 3295 Lucceio
1107 3231 1248 3295 et'l'beo-

240 3402 250 3453 l
266 3413 463 3469 componeretur
476 3407 654 3470 Vascosonus,
670 3415 885 3473 componerentur
897 3406 973 3455 codd.
1088 3406 1144 3455 eius
1159 3405 1196 3454 rel
1209 3406 1248 3454 nb

130 3491 152 3538 a,
168 3477 224 3527 eius
239 3479 276 3528 rei
290 3495 318 3528 sc
333 3480 441 3545 reliqui.
609 3484 626 3536 2
639 3484 740 3534 consilii
754 3484 815 3546 (o)c
827 3482 937 3547 rcta'qm’,
952 3481 1057 3531 concilii
1072 3498 1140 3530 aneas
1154 3480 1208 3530 det.
1223 3485 1251 3529 et

131 3555 204 3607 ‘mam
214 3572 230 3606 a
242 3555 356 3608 Grutero
370 3560 498 3623 consulti,
513 3561 617 3624 sifides
626 3561 781 3626 excerptis&
887 3575 985 3610 auterno
999 3564 1095 3608 o‘mss.
1106 3560 1140 3609 δ’.

130 3634 341 3701 binduciae().
446 3637 602 3690 dcaaela.
708 3639 868 3692 tetomb
973 3637 1247 3702 8memoriaprounr.

130 3712 192 3763 dcet.
207 3717 234 3763 in
248 3729 336 3780 marg.
352 3715 376 3765 b.
482 3715 809 3781 prodanturl’oluuionus,
824 3714 1064 3780 prodaturrcliquc'.
1173 3713 1248 3764 llio·

22 3782 24 3786 ⁴
128 3789 281 3854 ducias(c).
388 3793 627 3845 ltelasseinabc.
735 3794 961 3845 limae-itumisa.
1087 3791 1116 3844 17
1131 3808 1189 3842 esse
1203 3793 1249 3842 At-

129 3864 189 3928 dus,
204 3869 256 3917 illis
269 3885 328 3920 esse
342 3871 420 3921 codd.
555 3871 599 3921 ille
613 3871 774 3938 Stephanus,
789 3887 832 3921 om
846 3871 942 3932 eodd.,·
958 3871 996 3920 illi
1010 3869 1097 3921 Aldus
1112 3886 1138 3919 ιι.

131 3943 162 3994 19
176 3951 246 3994 stare
263 3961 290 3994 u.
413 3949 524 3998 induciis
537 3949 590 4010 (a).
711 3951 746 4005 20
760 3966 835 4016 quern
848 3951 864 4004 2
877 3951 956 4011 uate,
971 3966 1035 4015 quae
1049 3948 1152 4013 reliqui
1159 3966 1167 4010 ,·
1182 3964 1247 4013 quos

128 4021 216 4072 Aldus
230 4037 256 4071 tt·
379 4026 412 4076 22
426 4027 599 4078 conditionem
612 4027 662 4094 (a).
785 4030 818 4079 at
831 4027 872 4093 ao]
886 4036 914 4078 et
927 4030 951 4078 b.
1075 4029 1207 4094 inplicitus
1220 4044 1246 4078 o.

236 4101 268 4153 25
283 4101 370 4151 morbo
383 4108 447 4151 onte
460 4119 530 4153 corr.
545 4120 571 4153 u.
676 4107 709 4161 26
723 4106 801 4157 rediit
813 4123 883 4156 unus
896 4108 949 4158 det.
1070 4109 1103 4158 27
1117 4106 1246 4159 Vibullius

129 4180 207 4244 (olcp
222 4178 370 4245 ίΒίΙιιιΙΙίιιι,
385 4181 512 4246 Bibullns,
529 4183 634 4235 Bibulus
648 4185 723 4237 mes)
810 4186 842 4238 22
856 4202 870 4236 e
885 4202 913 4237 re
927 4188 1039 4238 uisumst
1052 4187 1246 4252 Elberlc'ngius,

129 4275 220 4310 rursus
234 4259 310 4310 codd.
417 4260 585 4327 adhibitoque
597 4278 613 4312 o
623 4263 646 4312 b.
752 4261 847 4312 buceio
860 4277 887 4312 a.
