2692 4688
481 188 804 256 ...234-

83 379 233 445 utrorum,
259 365 330 448 [qui]
354 363 410 428 etsi
425 362 570 426 inferiore
585 362 653 425 loeo
668 359 891 444 premebuntur,
908 366 1007 419 tamen
1022 351 1134 437 repulsi
1151 352 1204 416 ad-

83 469 211 534 uersarii
227 468 302 531 bene
317 465 418 529 multis
433 464 608 528 uulneribus
626 465 725 527 allecti
740 464 771 526 iu
787 461 922 544 oppidum
938 478 972 521 se
987 455 1203 520 coutulerunt'.

84 569 141 633 llic
157 570 233 653 quod
257 568 287 631 in
309 568 394 632 oodd.
413 567 554 651 seriptum
577 577 624 631 est
648 567 688 630 ιΙ.
707 588 773 629 cum
789 559 991 646 eruptionem’
1008 568 1104 636 aaut,
1126 557 1206 621 iden

83 673 221 736 mendum
236 671 326 735 etiam
342 671 371 733 b.
390 671 458 732 nti.
475 667 529 745 87,
552 668 572 731 3
593 669 758 745 inuenitur,
783 677 814 730 et
835 666 865 728 b.
890 665 951 727 ciu.
973 658 1022 739 lt,
1045 659 1107 735 dl,
1130 658 1152 721 4
1175 659 1207 722 ἰε

83 772 156 837 Par.
174 793 236 837 sec.
254 773 366 854 legitur
383 771 447 834 ‘sed
464 771 493 833 hi
509 781 596 835 eraut
610 791 734 833 numero
750 765 817 847 CC,
843 766 950 848 reliqui
966 765 996 827 iu
1010 762 1120 826 itinere
1134 760 1206 824 sub·

82 874 234 939 stiteraut.
265 870 305 935 L.
329 871 369 936 tti
391 892 605 955 quamcumque
626 873 656 934 in
678 880 791 954 purtem
811 869 952 952 impetum
969 865 1131 943 fecerant',
1155 862 1208 946 qui

84 985 183 1039 tamen
199 974 282 1038 lucus
299 974 386 1039 docet
401 976 430 1037 b.
448 974 516 1037 An.
538 973 593 1052 87,
615 972 635 1035 3
651 984 682 1036 et
696 973 727 1036 b.
744 971 833 1055 Hisp.
852 969 910 1047 12,
935 968 975 1045 5,
999 988 1057 1050 quo
1079 967 1117 1029 de
1139 965 1208 1029 looo

83 1077 212 1160 agimus,
230 1097 291 1139 uon
309 1076 364 1154 ‘ii',
382 1087 414 1139 ει
428 1077 538 1152 editur,
555 1076 607 1138 sed
626 1075 679 1138 ‘bi'
696 1075 863 1158 ponendum
879 1072 993 1148 luisse,
1010 1069 1087 1153 quod
1103 1088 1160 1152 per
1173 1086 1209 1131 se

85 1178 181 1261 ipsum
197 1198 314 1261 quoque
328 1178 507 1262 probabilius
523 1187 582 1241 est.
613 1174 730 1240 Deinde
747 1174 830 1258 ‘qui',
848 1174 925 1258 quod
941 1181 1012 1236 ante
1028 1168 1109 1233 ‘etsi'
1132 1168 1210 1253 legi·

88 1291 158 1358 tur,
181 1291 263 1345 recte
277 1276 416 1364 Scaliger
430 1279 591 1344 tollendum
607 1277 805 1362 significauit,
832 1276 978 1339 sedidem
1003 1273 1080 1337 ultra
1100 1272 1210 1335 neees-

84 1382 203 1446 sitatem
219 1383 308 1446 etiam
324 1383 449 1445 alterum
467 1383 587 1444 ‘tamen'
603 1391 635 1444 et
651 1380 840 1444 ‘aduersarii’
856 1377 947 1441 deleri
964 1374 1093 1439 uolebat.
1116 1368 1211 1455 Quod

86 1502 159 1547 uero
183 1479 307 1546 Clarlio
323 1491 391 1565 post
407 1481 491 1563 ‘qni’
511 1485 655 1563 quaedam
670 1484 818 1546 excidisse
835 1481 897 1543 uisa
914 1489 1000 1555 suut,
1023 1497 1089 1540 enm
1110 1474 1212 1560 suspi-

86 1585 202 1648 cionem
218 1583 265 1647 hic
281 1604 341 1647 non
356 1582 536 1646 admiserim.
580 1582 720 1661 Etenim,
746 1585 822 1666 quod
839 1604 857 1646 a
872 1581 952 1645 nullo
968 1580 1211 1643 animaduersum

87 1686 217 1764 mirere,
240 1686 427 1749 manifestum
449 1695 498 1747 est
511 1685 580 1749 inde
596 1706 614 1748 a
629 1687 729 1749 uerbis
754 1684 893 1748 ‘tticum
910 1683 1092 1767 eruptionem
1108 1683 1212 1746 taem

88 1788 274 1872 ooepissent'
297 1787 459 1851 immutatis
482 1787 599 1869 paulum
623 1788 722 1851 uerbis
743 1798 774 1851 et
789 1790 882 1851 lorma
897 1787 1042 1850 orationis
1058 1785 1147 1869 plane
1160 1804 1213 1850 ou·

88 1890 155 1954 dem
171 1890 248 1968 dici,
270 1910 345 1972 quae
362 1889 507 1974 proximis
524 1890 728 1973 superioribus
743 1901 831 1954 erant
846 1903 985 1953 namata:
1011 1889 1091 1971 quod
1111 1887 1213 1953 inere·

89 1992 179 2055 dibile
194 2003 242 2055 est
255 2002 407 2056 auctorem
424 1994 524 2054 lacere
540 1992 686 2055 uoluisse.
728 1991 768 2055 Et
783 2004 902 2070 tamen,
927 2013 992 2054 cum
1015 1992 1046 2053 in
1069 1989 1115 2053 bis
1136 1988 1213 2053 satis

89 2094 182 2158 multa
196 2093 335 2176 scriptori
352 2094 472 2177 propria
487 2093 639 2177 legantur,
658 2094 861 2173 ‘aduersarii',
880 2094 969 2157 ‘benc
984 2092 1108 2170 multis',
1135 2089 1213 2155 ‘uul-

89 2198 212 2261 neribus
228 2197 349 2273 allecti’,
368 2197 404 2259 de
420 2196 526 2279 quibus
542 2197 606 2259 dixi
621 2219 650 2280 p.
661 2196 702 2259 at
711 2208 739 2259 et
747 2196 802 2275 27,
820 2218 837 2261 a
852 2197 996 2280 magistro
1012 2192 1214 2258 baeoadiecta

90 2320 226 2365 essenon
238 2300 384 2377 arbitror,
403 2299 559 2381 sedipsum
567 2299 744 2383 scriptorem
753 2298 1215 2386 utramqueenuntiationempo·

90 2403 189 2465 suisse
205 2411 236 2464 et
250 2402 316 2464 siue
332 2400 534 2478 dubitantem,
559 2412 656 2464 utram
671 2401 872 2484 relinqueret,
890 2411 1026 2464 neutram
1041 2399 1160 2464 delesse
1169 2398 1214 2462 si·

90 2523 140 2578 ue,
158 2523 225 2565 cum
240 2503 303 2586 ipse
319 2500 444 2563 alteram
460 2513 557 2565 utram
574 2502 728 2566 delendam
743 2505 926 2581 notauisset,
952 2504 1030 2566 hano
1049 2521 1113 2566 rem
1136 2520 1154 2563 a
1175 2499 1214 2562 li-

89 2603 199 2667 brariis
214 2602 454 2686 praetermissam
470 2624 550 2667 esse.

177 2700 216 2767 C.
235 2703 275 2767 13
297 2704 436 2768 restituta
452 2707 627 2789 optimorum
642 2710 728 2773 codd.
746 2712 897 2795 scriptura
911 2711 1025 2774 duobus
1041 2707 1116 2773 locis
1130 2706 1215 2771 lacu·

91 2829 160 2873 uam
175 2807 277 2871 notaui
292 2807 323 2869 in
339 2805 416 2871 hunc
432 2809 568 2871 modum:
588 2811 684 2895 ‘glans
699 2814 791 2877 missa
806 2825 852 2878 est
868 2815 1023 2897 inscripta,
1041 2833 1100 2897 quo
1115 2809 1165 2874 dio
1176 2810 1216 2873 ad

91 2911 229 2997 oppidum
245 2909 415 2994 capiendum
431 2911 626 2991 accederent,
651 2935 685 2978 se
706 2927 821 2980 scutum
845 2938 913 2981 esse
934 2919 1111 3001 positurum.
1145 2910 1217 2995 Qua

92 3034 145 3097 spe
161 3011 308 3090 nonnulli,
334 3014 402 3076 dum
418 3015 484 3077 sine
499 3015 631 3096 periculo
647 3038 762 3080 murum
778 3021 941 3084 ascendere
956 3030 988 3084 ot
1001 3021 1108 3104 oppido
1124 3017 1216 3104 potiri

91 3140 180 3203 posse
195 3139 229 3185 se
244 3127 379 3202 sperant,
397 3126 518 3200 postero
541 3115 588 3179 die
610 3117 647 3180 ad
670 3138 784 3183 murum
801 3143 875 3204 opus
891 3124 990 3185 lacere
1006 3130 1171 3205 coeperunt
1185 3130 1218 3183 et

90 3221 168 3284 bene
182 3241 288 3303 magna
305 3219 412 3301 prioris
427 3219 505 3281 muri
521 3227 604 3300 parte
620 3219 737 3283 deiecta
755 3266 864 3285 ......
883 3220 952 3304 Quo
974 3226 1051 3287 lacto
1071 3223 1110 3287 ab
1131 3222 1217 3308 oppi-

92 3321 189 3395 danis,
207 3341 242 3383 ae
258 3321 284 3382 si
298 3340 417 3382 suarum
433 3320 560 3403 partium
577 3333 698 3400 essent,
715 3326 887 3389 conseruati
910 3372 1023 3389 ......
1046 3327 1155 3390 missos
1171 3327 1218 3390 lu-

92 3444 163 3489 cere
178 3422 332 3498 loricatos,
350 3421 399 3502 qui
415 3422 554 3504 praesidii
570 3444 662 3487 eausa
678 3427 839 3510 praepositi
856 3428 961 3511 oppido
975 3449 993 3492 a
1008 3426 1152 3512 Pompeio
1168 3446 1218 3492 es·

90 3534 171 3601 sent,
189 3522 325 3587 orabunt.
359 3520 473 3605 Quibus
489 3526 643 3609 respondit
658 3522 773 3591 Caesar
788 3550 821 3592 se
837 3530 1027 3594 condiciones
1043 3531 1133 3610 dare,
1154 3550 1218 3595 nou

92 3625 229 3709 accipere
248 3627 453 3690 consuenisse.
499 3624 545 3690 lbi
567 3650 633 3692 cum
656 3631 686 3693 in
710 3632 848 3715 oppidum
869 3634 1088 3711 reuertissent,
1119 3634 1218 3697 relato

90 3747 235 3811 responso
251 3728 381 3792 clamore
397 3728 514 3792 sublato
530 3732 609 3794 omui
625 3753 737 3815 genere
754 3735 881 3797 telorum
897 3736 1006 3799 emisso
1018 3754 1219 3820 pugnarepro

92 3850 177 3894 muro
194 3840 257 3893 toto
272 3830 461 3912 coeperunt’.
493 3830 535 3895 Et
555 3834 654 3917 priore
674 3836 790 3918 quidem
815 3837 881 3900 loco
896 3837 945 3900 uel
961 3839 1056 3901 forma
1070 3837 1219 3902 orationis

93 3931 238 4013 quaedam
254 3933 406 3997 excidisse
422 3934 616 3999 demonstrat.
659 3934 720 4001 Sed
736 3960 846 4024 operae
862 3940 987 4023 pretium
1004 3951 1051 4004 est
1065 3941 1219 4005 luculento

91 4034 229 4117 exemplo
244 4037 404 4100 ostendere
413 4037 590 4120 optimorum
607 4040 741 4104 codicum
755 4043 864 4105 iudicia
880 4064 940 4106 non
955 4043 1220 4126 impuneconten-

91 4137 134 4199 ni.
172 4134 301 4199 Etiamsi
316 4136 396 4201 enim
410 4135 461 4199 illa
475 4137 692 4222 obscurentur,
715 4146 960 4227 quemadmodum
976 4148 1087 4209 luctum
1103 4157 1170 4223 est,
1187 4154 1223 4208 ει

94 4243 177 4318 ‘pars
197 4235 398 4319 deiectajest’
420 4237 606 4303 scriberetur
625 4244 766 4326 (poterat
786 4258 885 4312 autem
907 4248 1059 4331 aliquanto
1080 4246 1220 4313 callidius
