2684 4694
51 159 117 228 664
276 155 409 226 BELLI
430 153 739 225 ALEXANBRINI
754 153 898 224 CAPV'l'
911 155 1066 224 77-78.

54 332 99 402 ’Π
198 328 270 395 Tali
290 331 417 396 uictoria
439 329 549 395 totiena
565 329 664 394 uictor
678 323 796 401 Caesar
810 327 979 392 incredibili
996 338 1044 393 est
1057 330 1174 396 laetitia
1190 334 1245 399 ad·

114 434 231 512 iectus,
249 434 327 515 quod
342 435 503 497 maximum
518 431 626 496 bellum
642 441 725 495 tanta
740 431 896 495 celeritate
911 432 1103 512 coniecerat,
1122 456 1243 519 quoqne

115 537 206 602 suhiti
226 535 350 620 periculi
365 534 535 599 recordatio
550 544 598 597 est
612 533 739 608 laetior,
762 533 839 616 qnod
855 532 982 597 uictoria
999 535 1095 599 lucilis
1111 557 1153 601 ex
1167 538 1241 602 diffi-

79 638 233 707 Bcillimis
257 636 348 701 rehus
370 637 531 701 acciderat.
563 633 661 699 Ponto
684 644 805 718 recepto
821 637 931 719 praeda
947 636 1028 700 omni
1042 638 1128 722 regia
1142 640 1245 704 militi-

114 741 171 806 bus
194 740 363 804 condonata
383 750 504 823 postero
519 739 567 803 die
582 759 648 802 cunr
664 736 813 821 expeditis
829 738 978 820 equitibus
994 740 1060 824 ipse
1075 742 1241 825 proticisci·
1263 753 1280 804 t

115 853 176 921 tur,
187 840 335 926 legionem
351 851 470 905 sextam
486 842 630 905 decedere
646 840 682 904 ad
698 840 830 926 praemia
845 851 934 924 utque
950 841 1080 906 honores
1095 843 1247 928 accipien-

118 946 171 1009 dos
187 944 219 1008 in
233 939 350 1008 Italiam
365 943 466 1021 iuhet,
483 942 597 1007 auxilia
612 941 751 1007 Deiotari
767 942 885 1006 domum
901 944 1044 1022 remittit3
1061 944 1134 1008 duas
1148 947 1247 1030 legio·

60 1044 107 1118 78
117 1067 172 1112 nes
188 1066 255 1109 cum
271 1041 377 1110 Coelio
386 1043 547 1110 Viniciana
562 1047 593 1109 in
603 1042 701 1108 Ponto
716 1044 849 1128 reliquit.
873 1043 920 1109 lta
935 1066 989 1132 per
1004 1043 1247 1131 Gallograeciam

119 1146 350 1233 Bithyniamque
369 1147 401 1212 in
417 1145 521 1212 Asiam
537 1146 599 1211 iter
614 1146 687 1212 lacit
700 1147 891 1229 omniumque
906 1169 1008 1213 earum
1024 1148 1247 1233 prouinciarum

119 1250 157 1314 de
171 1249 389 1314 controuersiis
404 1248 559 1335 cognoscit
574 1259 604 1312 et
618 1248 742 1329 statuit3
759 1248 825 1313 iura
840 1249 873 1313 in
889 1249 1059 1330 tetrachas,
1076 1272 1184 1334 reges,
1203 1250 1246 1314 ci·
1271 1260 1303 1314 to

83 1351 230 1417 duitates
251 1351 411 1416 distribuit.
444 1350 642 1416 Mithridaten
657 1348 898 1435 Pergamenum,
920 1373 941 1415 c
962 1372 1019 1435 quo
1033 1373 1100 1416 rem
1116 1352 1247 1416 feliciter

123 1453 321 1536 celeriterque
335 1462 450 1536 gestam
465 1453 497 1516 in
506 1451 646 1538 Aegypto
662 1454 952 1538 suprascripsimus,
969 1453 1054 1537 regio
1070 1475 1181 1538 genere
1198 1476 1248 1518 nr·

121 1567 196 1632 tum,
211 1554 375 1636 disciplinis
392 1555 480 1617 etiam
495 1555 588 1638 regiis
603 1557 761 1619 educatum
777 1559 858 1638 (nam
868 1553 1072 1634 Mithridates,
1084 1575 1141 1618 rex
1150 1555 1248 1620 Asiae

124 1656 227 1733 totins,
248 1666 372 1739 propter
388 1655 572 1721 nobilitatem
584 1654 733 1741 Pergamo
749 1678 848 1722 secum
864 1657 1016 1741 paruulum
1032 1666 1248 1740 asportauerat

122 1757 155 1822 in
185 1767 283 1821 castra
311 1759 479 1842 multosque
501 1770 640 1824 tenuerat
661 1763 779 1844 annos)
801 1781 904 1846 regem
924 1756 1054 1843 Bospori
1075 1757 1248 1837 constituit,
1274 1768 1306 1822 tt

120 1861 145 1944 †
159 1861 238 1945 qnod
252 1859 307 1925 snlt
322 1860 448 1945 imperio
458 1859 623 1926 Pharnacis
639 1863 749 1941 luerat,
766 1862 994 1946 prouinciasque
1008 1860 1107 1944 populi
1117 1857 1251 1923 Romani

125 1982 144 2026 a
164 1961 301 2027 harharis
323 1972 412 2046 atque
427 1963 556 2028 inimicis
571 1964 693 2048 regibus
708 1963 887 2048 interposito
902 1962 1084 2028 amicissimo
1099 1981 1171 2047 rege
1186 1982 1251 2025 mn·

90 2062 213 2129 Bninit.
244 2061 351 2129 Eidem
375 2065 543 2130 tetrachian
558 2066 701 2151 [legibus]
719 2063 984 2150 Gallograecorum
1007 2067 1073 2131 iure
1095 2062 1194 2148 gentis
1217 2072 1250 2125 et

127 2166 316 2251 cognationis
339 2167 520 2233 adiudicanit
541 2179 712 2253 occupatam
728 2181 760 2232 et
774 2189 944 2252 possessam
960 2167 1061 2253 paucis
1077 2176 1145 2230 ante
1158 2164 1250 2228 annis

93 2266 322 2335 laBeiotaro.
352 2267 462 2354 Neque
488 2283 588 2335 tamen
605 2291 728 2354 nsquam
745 2271 855 2335 diutins
871 2281 1004 2335 moratus
1020 2281 1078 2347 est,
1096 2288 1182 2352 quam
1199 2286 1254 2331 ne·
1274 2275 1309 2331 tt

94 2370 256 2437 hcossitas
279 2371 461 2436 urhanarnm
483 2373 660 2437 seditionum
686 2372 746 2457 pati
763 2372 930 2436 uidebatur.
962 2371 1064 2436 Rebus
1080 2369 1254 2435 felicissime

130 2474 344 2556 celerrimeque
365 2474 509 2538 conlectis
530 2474 561 2538 in
576 2470 694 2539 Italiam
710 2475 839 2541 celerius
855 2476 986 2539 omnium
1002 2472 1143 2559 opinione
1155 2471 1249 2535 uenit.

242 2647 253 2699 l
269 2647 363 2698 totiena
376 2663 403 2699 a.
534 2648 654 2700 adiectos
668 2664 694 2702 u.
824 2650 840 2703 2
853 2664 953 2715 quoqne
966 2664 1025 2714 ego,
1041 2647 1160 2715 qnodque
1174 2641 1252 2694 codd.

130 2725 162 2778 P.
175 2724 236 2778 201.
342 2723 357 2776 3
370 2723 516 2776 recordatio
529 2732 571 2776 est
583 2724 625 2776 ed.
638 2724 763 2789 Medici„
780 2724 962 2777 recordatione
975 2722 1052 2775 codd.
1158 2723 1257 2788 dprae·

131 2801 194 2870 mla]
208 2801 314 2870 primam
329 2818 351 2853 e.
481 2804 497 2855 8
510 2799 644 2854 Vinitiano
657 2819 674 2854 a
688 2804 714 2854 t.
831 2803 937 2868 reliquit
948 2819 965 2853 o
979 2797 1113 2866 ‘retiqut’,
1129 2797 1257 2864 relinquit

132 2882 270 2936 sectae.
381 2881 630 2948 BBytiniamqnea.
743 2880 774 2932 10
788 2881 857 2931 inter
871 2880 1017 2931 tetrarchas
1030 2879 1055 2929 d.
1160 2873 1254 2926 litti-

131 2959 265 3011 thridaten
277 2973 295 3008 a
307 2957 434 3024 Scaliger
445 2962 473 3009 et
482 2961 542 3009 aiae
553 2961 733 3009 annotatione
745 2972 773 3006 u.
901 2973 917 3008 a
930 2957 1089 3024 Stephanus,
1104 2967 1156 3002 om.
1172 2949 1254 3002 codd.

241 3036 274 3087 ta
286 3035 395 3102 Aegipto
407 3049 434 3084 u.
575 3035 607 3087 13
620 3033 766 3087 llitridntea
779 3049 806 3084 u.
942 3036 975 3087 rt
986 3047 1073 3084 secum
1085 3029 1224 3098 parnnlnm
1238 3044 1257 3080 c

132 3110 292 3177 Stephanus,
307 3111 441 3178 paruulum
455 3126 542 3161 secnm
556 3116 662 3162 ceterae
675 3110 735 3161 edd.
850 3117 1034 3177 asportanerat
1047 3110 1096 3175 (c),
1111 3122 1165 3158 ann
1178 3106 1257 3174 nltsp.

243 3188 274 3239 lh
288 3196 440 3241 ratennerat
452 3189 514 3254 (aio)
528 3205 555 3240 o.
689 3188 813 3255 Bosphori
826 3205 853 3253 u,
867 3190 969 3242 Boalori
985 3191 1058 3241 ‘mac
1072 3186 1145 3253 qdd.¹

134 3266 166 3321 17
180 3265 310 3317 munierat
323 3266 347 3316 h.
465 3267 497 3319 l8
511 3269 669 3320 tetrarchian
683 3284 710 3333 a,
725 3269 894 3322 tetrarchiam
907 3268 966 3321 edd.
1079 3266 1180 3331 legibus
1193 3281 1259 3332 apat-

132 3348 205 3396 rium
218 3342 355 3394 iudicauit
369 3343 540 3399 Ciuccom'ua.
645 3347 823 3402 attineretur
837 3348 861 3400 h.
966 3345 1121 3415 ExplicitG.
1131 3344 1258 3398 CaesarIs

134 3421 197 3473 helii
210 3419 378 3472 Alexandrini
392 3437 419 3471 u.
