2692 4688
438 192 911 265 aomanorum-..sa
1072 159 1081 177 '
1220 193 1284 265 sos

104 391 191 456 quam
207 367 318 432 merito
333 388 436 432 eorum
452 370 879 444 ciuitatem'oonseruaturum
896 369 923 433 si
938 369 1036 451 prius,
1060 388 1147 453 mam
1161 390 1226 434 nru-

104 473 268 538 romarios
289 472 458 553 attigisset,
482 492 517 534 se
538 471 739 535 dedidissent:
767 472 819 535 sed
843 471 1001 534 deditionis
1024 473 1135 537 nullam
1157 472 1262 538 esse2

103 577 312 642 condidissem
328 574 387 637 uisi
403 574 494 637 armis
502 575 632 637 traditis.
662 571 752 652 Seid‚
770 574 847 657 quod
855 575 885 637 in
895 572 1020 638 Neruiis
1030 574 1162 653 lenisset,
1180 576 1224 639 la·

104 691 223 745 uturum
232 676 432 758 finitumisque
444 676 669 760 imperaturum,
687 697 725 739 ue
733 696 820 759 quam
828 677 975 741 dediticiis
990 675 1227 760 populillomaui

66 796 83 847 ι
105 781 249 846 iniuriam
263 780 422 843 inferrent.
453 776 501 841 tte
517 778 654 842 nuntiata
668 780 705 842 ad
720 800 811 857 suos,
836 799 911 864 quae
925 779 1163 863 imperarentur,
1185 777 1264 843 tea

105 904 178 949 eere
192 882 348 946 dixeram.
393 880 554 944 Armorum
570 902 678 966 magna
692 882 878 946 multitudiue
893 882 930 946 de
944 903 1030 946 muro
1054 882 1086 945 in
1101 883 1227 962 fossam,
1242 879 1266 947 l

105 1006 184 1071 quae
198 994 266 1051 erat
280 995 351 1048 aute
366 983 513 1068 oppidum,
531 984 623 1063 iaeta,
640 986 684 1049 sio
699 996 734 1048 ut
748 1006 840 1070 prope
855 1005 1000 1049 summam
1008 985 1085 1049 muri
1093 985 1230 1070 aggeris·

106 1109 165 1172 que
179 1089 369 1152 altitudinem
392 1087 492 1150 noemi
515 1106 665 1150 armorum
687 1087 907 1169 adaequarent,
932 1098 1085 1151 ettamen
1110 1086 1231 1151 oiroiber

107 1202 194 1277 parte
209 1192 317 1268 tertia,
342 1199 376 1252 ut
390 1198 494 1273 postea
509 1190 699 1273 perspectum
714 1199 781 1264 est,
799 1191 896 1253 celata
910 1200 1000 1273 atque
1014 1190 1045 1252 iu
1061 1189 1167 1273 oppido
1182 1208 1230 1254 re·

45 1306 82 1360 aa
105 1303 191 1359 tenta
206 1293 301 1378 portis
316 1291 475 1376 patefactis
490 1310 527 1354 eo
543 1292 591 1355 die
606 1311 678 1376 paee
693 1301 765 1355 sunt
780 1292 836 1355 usi.
863 1289 925 1356 Sub
941 1312 1099 1376 uesperum
1115 1288 1230 1357 Caesar
1243 1292 1289 1364 88

107 1405 211 1482 portas
231 1394 330 1458 elaudi
351 1393 521 1476 militesque
541 1414 583 1458 ex
609 1394 716 1479 oppido
736 1395 822 1458 exire
843 1393 950 1471 iussit,
976 1415 1014 1458 ne
1036 1416 1123 1478 quam
1139 1405 1229 1459 noetu

107 1498 246 1582 oppidani
261 1497 299 1559 ab
314 1495 455 1560 militibus
470 1496 610 1560 iniuriam
627 1497 810 1581 aooiperent.
838 1495 888 1560 llli
903 1508 974 1562 ante
988 1498 1076 1575 inito,
1093 1508 1129 1562 ut
1142 1496 1268 1564 intel-2

108 1603 217 1665 leetun
231 1610 292 1672 est,
310 1597 455 1676 oonsilio,
475 1598 551 1680 quod
568 1599 717 1664 deditione
733 1601 810 1663 lauta
827 1611 947 1665 nostros
970 1601 1119 1686 praesidia
1140 1601 1230 1665 dedu·

110 1714 212 1766 eturos
222 1701 410 1783 autdeuique
426 1699 629 1784 indiligentius
645 1712 821 1766 seruaturus
833 1703 1035 1779 crediderant,
1053 1703 1234 1787 partimoum

53 1816 86 1870 tt
108 1806 158 1881 iis,
174 1824 252 1889 quae
266 1803 457 1868 retinuerant
471 1813 503 1866 et
516 1803 700 1880 oelauerant,
717 1804 822 1878 armis,
840 1806 1050 1888 partimsoutis
1066 1825 1106 1869 ex
1120 1805 1234 1869 eortioe

110 1909 198 1972 laetis
213 1916 267 1970 aut
280 1903 440 1969 uiminibus
455 1905 602 1984 intextis,
631 1926 707 1988 quae
729 1907 849 1982 subito,
874 1919 908 1971 nt
923 1909 1065 1992 temporis
1081 1906 1233 1990 exiguitas

110 2009 295 2095 postulabat,
310 2007 434 2092 pellibus
450 2008 645 2085 induxerant,
664 2009 754 2071 tertia
770 2009 885 2094 uigilia,
913 2030 970 2092 qua
986 2011 1105 2075 minime
1121 2010 1232 2074 arduus

109 2112 151 2176 ad
167 2119 289 2175 nostras
304 2111 481 2175 munitiones
497 2133 644 2175 aseensus
661 2110 836 2188 uidebatur,
861 2110 999 2174 omuibus
1015 2113 1109 2195 oopiis
1125 2134 1233 2198 repen-

112 2215 178 2278 tino
194 2234 237 2277 ex
252 2214 356 2298 oppido
378 2213 564 2297 eruptionem
588 2215 735 2277 lecerunt.
783 2208 951 2288 Celeriter,
976 2223 1009 2274 ut
1031 2223 1102 2276 aute
1118 2211 1269 2278 caesara

59 2326 90 2379 tt
110 2318 291 2401 imperarat,
322 2317 442 2400 ignibus
464 2315 683 2400 significatione
707 2318 785 2378 laeta
808 2336 849 2379 ex
872 2314 1018 2399 proximis
1043 2314 1174 2380 castellis
1197 2335 1234 2380 eo

114 2438 290 2484 coneursum
306 2429 364 2498 est,
381 2430 600 2505 pugnatumque
615 2417 652 2482 ab
669 2417 802 2482 hostibus
818 2418 861 2482 ita
876 2417 988 2482 acriter
1003 2427 1060 2497 est,
1078 2429 1141 2482 uta
1159 2416 1270 2482 uirisl

113 2521 240 2586 fortibus
253 2522 285 2585 iu
293 2531 433 2586 extrema
442 2543 494 2605 spe
509 2522 615 2585 salutis
629 2521 731 2604 iniquo
747 2521 813 2584 loeo
829 2532 936 2584 contra
952 2542 1017 2599 eos,
1034 2523 1084 2605 qui
1100 2543 1140 2586 ex
1156 2521 1235 2585 uallo

115 2623 306 2706 turribusque
320 2623 379 2688 tela
395 2624 543 2700 iacerent,
556 2623 683 2707 pugnari
699 2623 811 2701 debuit,
829 2645 894 2686 eum
910 2624 1010 2687 inuua
1018 2624 1130 2688 uirtute
1139 2624 1236 2689 omnis

116 2746 181 2811 spes
205 2726 313 2791 salutis
335 2726 527 2791 consisteret.
570 2721 690 2790 Occisis
705 2727 742 2788 ad
768 2725 918 2790 bominum
949 2726 1066 2789 milibus
1095 2722 1270 2808 quattuorb

72 2835 98 2888 ts
116 2828 221 2913 reliqui
236 2829 268 2893 iu
284 2829 421 2913 oppidum
437 2827 543 2893 reieeti
559 2840 641 2892 sunt.
687 2824 838 2892 Postridie
858 2829 924 2892 eius
941 2828 1000 2891 diei
1014 2827 1154 2891 retractis
1169 2823 1273 2909 por-6

118 2932 168 3009 tis,
184 2951 252 2994 oum
268 2930 327 2994 iam
343 2930 519 2994 detenderet
534 2951 639 3004 nemo,
663 2940 751 3012 atque
768 2929 948 2994 intromissis
964 2929 1108 2992 militibus
1124 2927 1237 2991 uostris

118 3035 283 3099 medonem
299 3033 365 3097 eius
380 3032 480 3118 oppidi
491 3033 664 3097 uniuersam
675 3028 791 3096 Caesar
801 3032 943 3096 uendidit.
966 3030 1014 3094 at
1031 3031 1081 3109 iis,
1100 3029 1273 3114 quisue-7

223 3191 241 3244 2
255 3189 391 3240 dedissent
404 3190 427 3240 B
440 3189 514 3241 ‘mae
529 3189 568 3242 l'.
691 3189 706 3240 3
720 3187 897 3238 condicionem
911 3188 943 3238 B.
1065 3185 1177 3239 Neruios
1190 3189 1236 3254 as.

227 3268 243 3319 l
256 3266 431 3333 finitumisque
444 3268 469 3318 A
482 3272 509 3317 et
520 3282 556 3318 m.
567 3282 614 3332 pr.
628 3268 662 3317 B.
766 3263 859 3332 populo
874 3263 987 3315 llomuuo
999 3281 1051 3315 seo.
1067 3281 1102 3316 m.
1116 3266 1150 3316 B.

120 3343 271 3394 lauueiata
284 3359 319 3393 ιιι.
332 3358 375 3408 pr.
390 3345 423 3392 Β.
564 3342 634 3410 suos]
649 3342 687 3394 illi
701 3359 729 3394 se
742 3342 805 3392 add.
822 3341 905 3407 beas.
1064 3341 1186 3393 dlxeruut
1200 3339 1239 3392 la·

120 3438 179 3475 eere
191 3439 215 3473 e.
321 3423 337 3474 8
350 3422 561 3487 adaequarentur
572 3422 614 3485 D,
632 3427 822 3488 coaequarent,
836 3419 884 3468 sod
894 3434 1016 3483 supraso.
1032 3420 1083 3470 aad
1094 3435 1130 3470 m.
1145 3419 1194 3483 ad,
1210 3418 1239 3470 C.

228 3495 433 3566 lperspeotum]
447 3513 477 3548 oo
490 3512 573 3562 super
584 3513 630 3565 per
642 3514 695 3548 seo.
710 3514 744 3547 m.
760 3497 797 3556 B,
812 3503 968 3561 compertum
983 3495 997 3544 b
1000 3495 1030 3561 s.
1118 3497 1149 3548 10
1164 3494 1239 3562 paea]

120 3586 233 3646 partes.
341 3577 590 3643 subuesperebes.
698 3573 1065 3639 ltab(AB)CD(L'),as.
1154 3573 1242 3624 ttae-

121 3658 245 3710 dueturos
256 3657 311 3709 AB
321 3656 345 3705 l)
356 3654 414 3720 (Ε),
433 3658 462 3705 in
475 3655 498 3706 B
510 3669 561 3706 see.
577 3669 612 3704 m.
629 3655 653 3704 iu
667 3669 749 3720 super
762 3653 792 3703 de
805 3653 935 3715 scripsit,
951 3666 999 3699 nou
1014 3650 1165 3701 inducturos
1180 3651 1243 3703 bed

121 3737 171 3803 es,
186 3750 238 3785 uou
252 3732 399 3783 indulturus
414 3733 457 3784 C?
584 3731 615 3782 ll
629 3730 806 3795 indulgentius
821 3730 857 3778 be
869 3733 897 3777 at
909 3730 959 3777 a'nt.
975 3742 1045 3777 uers.
1063 3727 1084 3777 C
1097 3731 1124 3775 et
1135 3742 1189 3775 seo.
1203 3742 1240 3778 m.

122 3817 252 3878 mmurg.
265 3812 299 3862 B.
405 3824 462 3859 eum
476 3808 516 3858 bis
530 3807 607 3858 codd.
622 3813 649 3857 et
663 3824 689 3857 ιι.
795 3805 826 3858 18
840 3820 966 3856 ascensus
979 3803 1012 3854 B.
1110 3805 1242 3870 repentino

123 3890 256 3952 anun,-
268 3895 374 3955 repeute
388 3903 402 3938 e
414 3886 465 3953 (s)
478 3890 576 3951 atque,
591 3890 623 3935 ut
635 3885 769 3945 arbitror,
785 3899 815 3946 u,
835 3898 915 3948 quem
928 3881 1108 3931 Aebutntrius
1121 3881 1154 3932 de
1166 3883 1189 3934 B
1202 3888 1243 3936 ta·

122 3984 182 4019 em
196 3967 334 4033 repentino
347 3964 477 4015 exhibere
489 3966 604 4022 namot,
617 3965 683 4012 item
695 3976 747 4011 see.
763 3975 799 4009 ru.
813 3961 876 4011 Bet
889 3960 993 4025 reliqui
1002 3958 1136 4024 plerique.

121 4046 151 4100 2l
166 4045 266 4097 aeriter
278 4050 320 4094 est
331 4043 418 4095 Aac
426 4041 515 4107 1>ss
523 4039 681 4103 ‘undecim’,
696 4039 792 4090 aeriter
804 4055 832 4089 ιι.
948 4038 980 4094 2³
994 4038 1019 4088 iu
1034 4053 1086 4089 om.
1100 4039 1134 4090 A.

122 4126 154 4177 2⁴
166 4124 263 4177 salutis
277 4137 329 4172 om.
336 4122 366 4188 s.
508 4118 580 4170 milia
592 4120 618 4170 D
627 4119 684 4185 Es.
807 4124 930 4183 quattuor
942 4118 1011 4180 AB,
1033 4125 1144 4184 quatuor
1157 4116 1241 4183 (us).

225 4202 259 4255 2⁶
272 4216 330 4252 eum
344 4215 416 4251 nemo
433 4197 622 4265 deleuderats.
764 4203 840 4262 atqua
854 4196 922 4247 ultro
935 4195 1050 4248 inmissis
1066 4196 1111 4245 be.

124 4279 157 4332 et
170 4279 202 4330 ab
215 4279 257 4330 bis
271 4277 349 4330 codd.
364 4283 430 4330 etta.
