2684 4694
59 194 122 261 ott
231 239 232 242 ,
447 183 578 252 obtul
599 183 910 252 ntuantttttrtt

120 387 194 449 quos
209 363 404 428 Ptolemaeus
427 369 609 422 testamento
632 357 796 442 scripserat
816 367 906 441 atque
928 357 1098 424 obtestatus
1115 374 1185 427 erat
1202 386 1257 449 po·

84 467 106 530 2
122 468 221 552 pulum
237 464 418 535 Romanum,
437 481 475 523 ne
492 472 691 525 mutarentur.
717 458 798 523 Nam
816 460 930 525 maiore
946 482 988 525 ex
1003 463 1119 527 duobus
1136 467 1255 550 pueris,

121 590 213 653 rego,
238 570 349 630 arnisso
373 564 480 626 minori
505 562 625 625 tradidit
646 582 771 644 regnunt
796 562 963 644 nraiorique
978 585 1020 628 ex
1035 566 1153 631 duabus
1169 569 1253 648 liliis,

87 672 106 736 3
123 668 321 753 Cleopatrae,
347 686 424 748 quae
447 674 600 727 manserat
623 665 653 726 iu
676 663 732 725 lide
748 664 965 747 praesidiisque
982 667 1066 730 eius:
1091 669 1253 748 minorem,

122 773 295 844 Arsinoen,
320 769 404 831 cuius
428 767 546 829 nomine
569 766 617 827 diu
638 786 782 847 regnasse
799 766 970 849 inpotenter
986 766 1183 855 Ganymeden
1199 774 1252 836 do·
1275 786 1289 835 ⁵

126 875 260 949 ruimus,
278 871 427 932 deducere
443 888 482 931 ex
500 888 593 948 regno
608 868 725 946 statuit,
744 889 781 931 ue
798 889 853 950 qua
870 890 976 933 rursus
993 893 1072 935 noua
1087 872 1252 953 dissensio,

125 976 295 1060 priusquam
312 970 507 1033 diuturnitate
525 970 773 1032 eonlirrnareutur
788 992 891 1054 regum
905 972 1040 1056 imperia,
1051 994 1104 1058 per
1115 975 1255 1039 homines

90 1079 111 1140 t
126 1077 285 1139 seditiosos
302 1081 490 1136 nasceretur.
519 1067 671 1152 Legiones
687 1071 726 1134 ibi
744 1082 885 1136 ueterano
902 1085 994 1136 sexta
1010 1096 1111 1139 secum
1126 1075 1253 1140 reducta

127 1189 244 1241 ceteras
261 1175 390 1266 reliquit,
408 1194 466 1256 quo
483 1173 595 1234 larmins
612 1184 693 1234 esset
709 1194 810 1235 eorum
828 1194 933 1257 regum
948 1176 1115 1259 imperium,
1133 1177 1182 1259 qui
1199 1199 1256 1240 ne-

128 1300 184 1362 que
200 1260 331 1342 amorem
348 1296 470 1338 suorum
487 1273 597 1336 babere
615 1285 767 1357 poterant,
793 1277 870 1358 quod
887 1277 1014 1340 fideliter
1027 1290 1258 1360 permanserant
1281 1291 1310 1343 tt

128 1382 158 1444 in
176 1377 321 1443 Caesaris
346 1377 495 1452 amicitia,
521 1396 616 1457 neque
633 1377 793 1439 uetustatis
809 1379 1013 1441 auctoritatem
1029 1381 1132 1463 paneis
1148 1380 1255 1444 diebus

95 1484 114 1546 5
130 1503 218 1564 reges
242 1480 408 1542 constituti.
442 1475 537 1540 Simul
552 1479 588 1539 ad
606 1478 720 1561 imperii
736 1480 831 1542 nostri
849 1479 1019 1561 dignitatem
1036 1481 1257 1563 utilitatemque

130 1583 275 1665 publicam
292 1581 444 1664 pertinere
460 1579 662 1654 existimabat,
674 1581 700 1643 si
716 1593 922 1664 permanerent
937 1581 966 1642 in
983 1582 1038 1644 lide
1051 1600 1150 1664 reges,
1164 1601 1256 1664 prae·

129 1683 213 1745 sidiis
229 1703 281 1745 etis
298 1681 410 1743 uostris
427 1701 495 1743 esse
513 1690 611 1759 tutos,
636 1683 661 1744 si
679 1692 781 1746 esseut
796 1682 921 1765 ingrati,
947 1702 1036 1766 posse
1051 1681 1145 1745 isdem
1162 1703 1254 1765 prae-

94 1784 214 1848 bsidiis
246 1783 390 1847 eo'c'rceri.
433 1781 484 1846 Sic
512 1783 600 1846 rebus
629 1784 764 1847 omnibus
787 1784 929 1847 conlectis
957 1794 988 1846 et
1009 1782 1166 1847 collocatis
1188 1782 1257 1867 ipse
1282 1795 1311 1848 tt

133 1887 253 1971 [itinere
270 1886 423 1970 terrestri]
441 1886 593 1968 profectus
610 1897 656 1948 est
671 1887 701 1948 in
718 1881 851 1970 Syriam.

74 1988 121 2058 34
221 1986 297 2050 Dum
315 1988 387 2051 baec
404 1988 433 2049 in
450 1987 591 2073 Aegypto
607 1999 770 2072 geruntur,
790 2010 845 2051 res
862 1987 1023 2052 Deiotarus
1040 1987 1075 2052 ad
1092 1984 1258 2052 Domitium

133 2086 306 2164 Caluinum,
325 2091 370 2153 eui
388 2085 504 2153 Caesar
521 2090 623 2153 Asiam
640 2091 840 2174 liutitimasque
856 2092 1028 2175 prouincias
1044 2089 1256 2154 administrau-

134 2195 187 2256 das
211 2195 391 2267 tradiderat,
417 2193 498 2256 uenit
522 2204 658 2270 oratum,
684 2214 721 2256 ne
745 2194 919 2257 Armeniam
942 2195 1106 2270 minorem,
1128 2210 1257 2274 regnum

133 2318 231 2374 suum,
250 2317 325 2359 neue
343 2294 573 2379 Cappadociam,
588 2315 712 2379 reguum
730 2296 959 2373 Ariobarzanis,
971 2294 1115 2379 possideri
1132 2291 1260 2356 uastari·
1280 2300 1312 2356 to

76 2408 95 2435 ³
134 2419 191 2480 que
208 2409 361 2484 pateretur
376 2419 394 2459 a
412 2395 582 2475 Pharnace,
601 2418 657 2478 quo
673 2397 751 2460 malo
767 2398 824 2461 nisi
841 2398 1052 2472 liberarentur,
1064 2399 1208 2479 imperata
1224 2413 1257 2457 se

27 2485 33 2515 ²
136 2503 234 2561 lacere
263 2500 476 2580 pecuniamque
506 2500 680 2581 promissam
706 2495 831 2564 Caesari
865 2522 923 2562 non
955 2521 1042 2583 posse
1066 2497 1255 2583 persoluere.

100 2597 286 2666 2Domitius
310 2623 367 2662 raon
394 2612 505 2662 tantum
529 2601 564 2663 ad
589 2602 781 2684 explicandos
804 2613 938 2686 sumptus
961 2603 1007 2665 rei
1031 2601 1167 2666 militaris
1189 2619 1258 2661 eum

135 2703 287 2786 pecliniam
306 2704 504 2767 necessariam
522 2724 588 2765 esse
604 2703 770 2781 iudicaret,
795 2705 951 2767 sedetiam
969 2714 1054 2787 turpe
1070 2702 1178 2786 populo
1192 2699 1259 2763 Ro-

136 2827 223 2868 rnano
237 2803 311 2870 etC.
323 2804 449 2870 Caesari
464 2806 569 2867 uictori
580 2806 693 2887 sibique
705 2807 814 2869 infame
827 2827 895 2871 esse
907 2815 1052 2870 statueret
1060 2825 1152 2889 regua
1161 2803 1260 2866 sorio·
1281 2808 1314 2861 ‘ts

135 2931 200 2971 rum
217 2920 305 2991 atque
320 2910 480 2972 atrrieorurn
497 2907 533 2968 ab
551 2917 678 2970 externo
694 2928 766 2991 rege
782 2910 940 2991 occupari,¹
964 2907 1083 2970 nuutios
1098 2903 1257 2967 confestim

135 3011 171 3073 ad
189 3009 374 3074 Plraruaerrn
400 3010 498 3085 misit,
517 3008 661 3072 Armenia
679 3006 925 3094 Cappadociaque
941 3010 1096 3074 decederet
1110 3025 1187 3068 neue
1203 3025 1257 3065 oc·

136 3113 293 3192 copatione
310 3113 376 3175 belli
393 3112 489 3174 ciuilis
505 3112 602 3195 populi
620 3110 747 3175 Romani
763 3113 810 3176 ius
826 3114 1070 3195 maiestatemque
1084 3117 1256 3192 temptaret.

99 3209 119 3273 3
137 3208 222 3272 llario
240 3213 491 3275 ‹leuuntiationem
510 3234 575 3276 cum
593 3215 735 3277 maiorem
752 3216 810 3278 trirn
828 3215 992 3280 habitururn
1010 3214 1211 3285 existimaret,
1232 3208 1259 3271 si

135 3312 257 3396 propius
282 3334 333 3376 eas
357 3316 496 3394 regiones
521 3337 585 3378 cum
609 3317 746 3378 exercitu
762 3319 958 3393 accessisset,
984 3316 1020 3379 ad
1038 3315 1173 3398 legiones
1189 3332 1261 3394 pro·
1283 3320 1316 3370 tt

136 3417 229 3478 lectus
255 3436 340 3476 tritam
364 3436 401 3476 es
421 3415 513 3480 tribus
530 3428 640 3480 xxxvl
658 3439 758 3482 secum
776 3421 874 3499 ducit,
900 3420 972 3483 duas
988 3418 1019 3481 iu
1036 3416 1204 3501 Aegyptum
1223 3414 1260 3477 ad

246 3622 391 3688 lpopulnm
406 3622 557 3691 Romanum]
571 3627 684 3692 poterb.
798 3627 970 3679 3lllinburd.
1081 3621 1264 3685 :iintwltsslet

135 3716 161 3748 n.
285 3699 449 3766 Ganymeden
464 3702 506 3766 (a)
521 3707 549 3750 et
559 3705 617 3751 sine
629 3707 809 3753 attentatione
823 3720 850 3752 a.
968 3703 982 3754 t
996 3699 1181 3751 diuturnitates
1194 3699 1264 3745 nacto

135 3793 204 3826 corr.
219 3794 245 3826 α.
363 3793 450 3841 regum
464 3778 628 3844 Stephanus,
644 3781 697 3844 regi
712 3796 728 3830 α
743 3782 774 3843 b,·
790 3783 857 3846 regis
871 3798 898 3832 u.
1018 3781 1034 3832 8
1047 3779 1163 3841 legiones
1177 3776 1215 3825 ibi
1228 3803 1265 3812 —

135 3852 174 3917 (tt)
189 3853 295 3916 reliquit
308 3870 324 3902 u
334 3854 371 3904 bd
385 3856 452 3904 dett.
467 3859 503 3919 el,
518 3862 567 3919 qut
580 3857 690 3922 legione,
705 3859 719 3908 3
733 3859 803 3920 nlii,·
820 3860 967 3925 legione-
982 3858 1018 3909 ibi
1038 3855 1143 3921 reliquit
1156 3870 1173 3903 u
1186 3854 1263 3919 (reli-

136 3929 197 3994 quid
211 3933 246 3991 α).
364 3935 379 3983 b
393 3935 459 3998 quod
473 3949 489 3982 a
504 3936 528 3984 b.
649 3938 680 3988 13
692 3938 823 4003 praesidio
837 3954 881 3989 eos
896 3946 999 3988 nostros
1015 3937 1039 3985 b.
1158 3932 1190 3985 ll
1201 3946 1262 3982 ωδε

136 4016 205 4059 tutos
225 4023 291 4072 ego,-
311 4018 401 4060 esseut
414 4019 442 4061 ut
455 4013 499 4062 bos
513 4028 543 4076 n,
567 4029 624 4064 esse
638 4013 674 4080 (t)
687 4021 716 4064 ut
729 4014 775 4065 bos
790 4017 804 4065 b
813 4053 821 4078 ,
843 4031 903 4066 esse
918 4023 987 4065 tutos
1001 4015 1037 4078 (l)
1051 4019 1080 4062 ut
1093 4011 1139 4061 bos
1153 4025 1182 4072 ος
1201 4023 1263 4058 esse

135 4097 205 4140 tutos
220 4087 304 4136 ethos
319 4103 336 4136 u
350 4088 435 4152 (Quae
449 4095 482 4139 ut
492 4097 617 4158 suspecta
631 4096 742 4155 notuut',
762 4109 794 4143 ea
815 4097 842 4143 r'n
856 4096 871 4144 b
885 4111 899 4145 e
912 4094 969 4160 legi
978 4093 1092 4142 silentio
1107 4085 1266 4139 Oudendor-

128 4170 174 4233 μὴ·
185 4163 345 4216 eredendum
361 4169 452 4229 erret).
577 4171 658 4222 isdem
672 4188 698 4234 a,
712 4172 804 4222 iisdem
819 4188 846 4222 u.
966 4173 996 4223 lb
1011 4170 1116 4237 [itinere
1130 4165 1265 4234 terrestri]

132 4246 162 4296 P.
179 4242 237 4295 tto.
368 4243 397 4294 17
412 4242 520 4308 Aegipto
533 4259 559 4292 u.
682 4247 716 4298 20
728 4247 899 4300 Ariburzanis
915 4250 939 4298 b.
1062 4247 1095 4300 22
1108 4244 1266 4311 promissam

127 4322 223 4377 om.
340 4318 594 4384 toc.at‚om.a.
706 4325 875 4376 stutuerttd.
987 4320 1267 4377 27Pbarueoeusa‘ne

118 4405 305 4458 annotatione
318 4417 347 4456 tt.
454 4399 770 4468 ‘ldmngestulemquem
871 4400 908 4451 bb
922 4398 1093 4463 beqlqtumo.
1189 4394 1196 4411 ¹
