2692 4688
509 213 832 280 ..183—

98 384 230 470 perieris
244 384 359 450 ordinis
371 385 505 451 homines
521 385 611 450 etiam
627 388 745 453 ratione
760 390 881 454 addueti
901 389 931 454 id
945 392 1101 457 eonsilium
1117 394 1225 477 proba·

97 489 186 551 bant.
215 484 303 569 Quae
325 488 498 572 arripiunt,
522 488 568 552 sie
583 490 768 555 edebantnre
794 488 924 557 ‘Contra
945 515 980 558 ea
997 489 1114 559 Caesar
1126 517 1225 580 neque

96 591 175 655 satis
188 590 334 656 militibus
349 591 518 677 perterritis
534 593 700 658 confidebat
713 594 899 678 spatiumque
920 597 1165 680 interponendum
1187 601 1224 664 ad

95 693 283 759 monendos
304 695 421 759 animos
442 695 582 778 putabat,
611 698 785 780 relietisque
807 698 1022 763 munitionibus
1044 720 1225 784 magnopere

96 797 143 861 rei
158 798 375 862 frumentariae
391 797 534 862 timebat'.
561 796 709 863 Extrema
725 799 818 865 uerba
834 823 900 865 eum
916 801 1152 885 asaperioribus
1163 824 1224 867 non

95 901 253 966 intelteeta
274 911 364 982 atque
383 900 459 965 adeo
480 912 622 985 corrupte
643 903 816 968 existimate
836 913 959 983 essent,
985 914 1070 968 reete
1090 901 1226 968 lurinius

95 1002 350 1068 metentium
364 1003 549 1068 munitiones
564 1025 616 1068 eas
631 1005 701 1084 dini,
723 1007 830 1090 quibus
846 1002 963 1071 Caesar
976 1004 1151 1091 Pompeium
1167 1007 1226 1070 eir-

97 1105 346 1171 mumioni.
378 1104 464 1189 Quas
486 1128 553 1170 enm
576 1108 624 1172 hie
646 1109 829 1194 perrupisset
851 1129 949 1192 neque
969 1108 1028 1172 iem
1043 1127 1224 1191 permagnus

96 1209 164 1274 eiua
176 1209 331 1293 equitatus
345 1212 480 1275 ineinsna
495 1220 662 1288 teneretur,
688 1211 786 1276 libere
800 1211 955 1296 pabulandi
971 1222 1002 1275 et
1023 1208 1222 1275 frumentandi

97 1313 182 1397 eopia
191 1309 322 1377 Caesari
338 1323 525 1397 eraterepta.
549 1308 611 1376 Sed
619 1315 650 1377 in
660 1311 731 1378 Par.
741 1335 803 1379 seo.
815 1325 845 1377 et
856 1311 1224 1399 Leid.pr.eomplnribus-

96 1437 153 1500 pue
166 1416 370 1481 deterioribus
386 1415 472 1478 eodd.
488 1414 568 1497 ‘que’
584 1417 752 1500 partienda,
768 1416 1004 1502 quaepnrtioipio
1019 1415 1156 1480 ‘relictis'
1171 1417 1223 1480 ad-

93 1520 174 1584 ieota
188 1530 249 1597 est,
266 1540 328 1583 non
343 1519 464 1602 tegitur.
493 1515 599 1602 ltaque
614 1520 739 1584 eundem
756 1516 901 1589 iurinium
915 1530 1036 1584 seeutns
1054 1525 1095 1582 ‘et
1108 1518 1222 1583 rediotia

97 1620 330 1686 manitionidns’
354 1620 458 1705 poeni,
480 1622 550 1704 quia
573 1623 710 1709 proxima
731 1621 870 1707 superior
891 1622 1059 1687 enuntietis
1081 1621 1222 1686 enoditisa

96 1723 243 1808 partienda
264 1724 455 1809 adiungitur,
486 1746 545 1808 quo
567 1736 703 1791 extrema
732 1724 826 1789 uerba
846 1724 949 1809 primis
974 1745 1027 1808 per
1046 1725 1222 1808 particulam

97 1826 216 1910 ‘neque'
231 1825 443 1911 ieeipionetms
457 1827 641 1912 respondere
656 1828 750 1913 megin
765 1836 936 1913 appareret.

182 1924 224 1993 C.
240 1926 293 2007 ⁷5,
317 1926 384 1992 die
402 1929 447 1994 hia
464 1931 584 1995 uerbisi
609 1929 737 2013 ‘Neque
751 1951 826 1994 uero
840 1928 1000 2015 Pompeius
1016 1929 1137 2013 cognito
1151 1949 1223 1993 non·

95 2031 170 2096 silio
184 2031 253 2095 eins
267 2051 375 2095 moram
391 2032 479 2096 ullam
495 2034 532 2095 ad
542 2033 755 2116 insequendum
764 2033 875 2108 intulit,
891 2033 1055 2097 sedentem
1065 2042 1219 2114 spectans,

94 2137 123 2201 si
138 2122 257 2198 itinere'
268 2133 419 2218 inpeditos
434 2135 610 2218 perterritos
626 2135 850 2218 deprehendere
866 2145 977 2217 posset,
999 2135 1164 2199 exereitum
1180 2154 1222 2197 ex

96 2238 209 2302 eastris
225 2235 337 2301 ednsit'
356 2236 487 2301 ‘eadem'
505 2237 576 2300 terri
593 2236 712 2319 nequit,
737 2257 803 2299 eum
820 2256 916 2318 neque
931 2237 1087 2319 quiequam
1103 2236 1221 2320 legatur

96 2343 127 2406 in
141 2340 349 2425 superioribus
364 2339 477 2416 uerbis,
503 2340 550 2402 oni
567 2341 614 2415 id,
640 2339 718 2422 quod
732 2337 893 2423 Pompeius
907 2337 1079 2423 spectabat,
1104 2358 1222 2422 eompa-

97 2445 160 2508 rari
175 2442 282 2528 possit,
300 2462 395 2526 neque
411 2442 496 2525 plura
511 2443 536 2505 is
551 2442 745 2527 spectauerit,
769 2442 823 2505 sed
839 2462 926 2508 unam
942 2462 1026 2519 rem,
1051 2462 1126 2525 qnae
1140 2439 1222 2506 subi-

98 2546 186 2611 eitur.
221 2544 324 2628 ltaque
338 2544 525 2608 seribendnm
543 2555 612 2627 puto
635 2544 701 2608 ‘sed
714 2544 744 2608 id
760 2546 922 2628 speotaos’.
954 2543 1034 2610 Nam
1052 2552 1130 2611 ‘eam
1146 2548 1220 2610 rem’

98 2653 191 2733 magis
212 2669 269 2734 pro
290 2646 457 2712 litterarum
481 2647 616 2731 uestigiis
645 2668 730 2729 qnam
754 2667 808 2731 pro
832 2643 976 2714 Caesaris
1005 2649 1222 2713 consuetudine

98 2751 250 2838 potabile
264 2761 360 2815 esset.
384 2747 502 2813 Deinde
516 2751 593 2832 quod
608 2770 650 2814 ex
664 2749 811 2815 Par.seo.
822 2747 909 2813 Leid.
921 2770 965 2833 pr.
976 2746 1058 2813 sor.
1070 2751 1222 2832 meusque

98 2851 606 2937 deterioribnnoodd.posni‘itinere
620 2852 778 2938 impeditos
793 2852 993 2937 perterritos',
1011 2871 1105 2934 noque
1119 2852 1220 2931 tmen,

99 2979 157 3042 quo
168 2956 350 3043 reprehendi
359 2956 464 3038 possit,
485 2965 516 3017 et
524 2974 561 3018 eo
577 2955 697 3019 nomine
705 2954 843 3040 uolgatae
853 2956 1019 3039 seripturae
1029 2961 1072 3018 ‘et
1080 2954 1222 3037 perterri-

98 3061 154 3126 ιη’
168 3069 323 3146 praestat,
349 3058 426 3141 qnod
442 3057 500 3121 iam
517 3078 578 3122 uon
601 3056 722 3120 ‘itinere
736 3056 924 3140 perterritos'
939 3057 1116 3142 intellegere
1138 3057 1220 3136 lieet,

101 3160 130 3229 id
143 3164 225 3249 qaod
240 3165 328 3226 tieret
340 3162 538 3248 ineptissime.

182 3263 223 3331 C.
248 3263 305 3343 78,
327 3260 350 3327 6
373 3263 447 3327 duee
466 3263 649 3327 edebantur:
676 3258 858 3344 ‘Pompeius
880 3280 997 3343 qnoque
1020 3262 1057 3326 de
1077 3258 1222 3327 Caesaris

98 3368 225 3434 eoosifio
239 3368 413 3431 eonieotnre
435 3365 572 3429 iadioans
595 3365 631 3427 ad
646 3360 819 3448 Scipionem
843 3363 1060 3448 properandum
1082 3363 1140 3426 sibi
1156 3364 1223 3426 exi·

97 3471 251 3547 admunt,
269 3469 296 3533 si
312 3465 429 3534 Caesar
442 3469 502 3534 iter
514 3469 568 3533 itio
583 3466 717 3544 immet,
736 3476 769 3528 nt
783 3465 945 3530 subsidium
960 3462 1096 3549 Scipioni
1116 3467 1220 3545 ferret,

98 3575 182 3639 oieb
202 3594 260 3637 ora
280 3572 430 3636 mandrae
451 3567 647 3653 Cereyraqne
667 3567 822 3632 discedere
845 3567 956 3641 nollet,
986 3570 1064 3651 quod
1088 3569 1224 3653 legiones

97 3676 322 3760 equitatumque
342 3692 383 3738 ex
404 3670 491 3739 Italia
507 3682 701 3758 expectaret,
725 3671 789 3753 ipse
810 3680 844 3734 ut
859 3669 996 3734 omnibns
1012 3671 1104 3756 eopiis
1119 3668 1224 3734 Domi-

97 3778 168 3842 tium
184 3776 426 3862 aggrederetur).
454 3775 528 3841 Non
551 3775 627 3859 fugit
648 3771 857 3838 Marklandum
882 3768 1067 3858 Cornyram,
1095 3773 1224 3856 quaein

96 3879 340 3946 aduermriornm
356 3890 423 3944 erat
437 3888 606 3964 potestate,
630 3877 704 3941 nibil
722 3877 759 3941 ad
775 3872 938 3941 Caesarem
961 3877 1085 3960 eiusque
1105 3876 1225 3941 exerei-

98 3995 162 4049 tum
186 3983 450 4068 transportandum
473 3981 665 4065 pertinuisse.
697 3977 799 4064 itaque
821 3999 887 4044 enm
906 3981 939 4042 in
961 3981 1048 4043 endd.
1072 3981 1226 4062 legeretur

99 4081 319 4168 ‘Coriniuque',
336 4086 436 4150 etteeit
451 4085 562 4149 ‘ahora
570 4081 911 4166 maritimaOrieiapue'.
935 4080 1049 4149 Verum
1057 4079 1160 4148 Oricia
1171 4101 1225 4144 ora

97 4189 202 4273 inepte
215 4197 340 4273 praeter
353 4188 532 4253 maritimam
547 4198 842 4264 commemoraretur,
860 4185 944 4267 qnasi
961 4185 998 4248 ab
1015 4186 1070 4250 hae
1085 4193 1167 4247 esset
1180 4181 1224 4243 di-

98 4310 203 4357 aersa.
217 4287 347 4357 neom
359 4301 460 4358 tanea
475 4291 524 4358 itio
538 4289 831 4358 oomaeuorandnm
846 4286 939 4353 tuisse
945 4298 1029 4353 reete
1037 4286 1109 4350 uidit
1118 4280 1224 4346 uaru-
