2684 4694
533 209 834 275 ...33-

102 376 189 445 Fam.
206 373 275 453 xl,
290 375 312 442 9
326 389 358 442 et
374 375 440 461 13).
471 375 576 461 Itaque
592 400 659 442 cum
675 379 731 443 lucc
746 381 842 463 spatio
857 389 971 444 tantum
987 384 1129 466 temporis
1143 404 1225 448 eom·

102 481 257 547 menteriis
272 482 444 564 impendere
459 492 580 564 posset,
603 491 744 564 quantum
767 480 804 545 ab
825 483 1069 566 occupationibus
1084 485 1225 550 consula·

102 595 152 648 tus
168 595 198 648 et
213 584 282 647 belli
298 583 422 647 liberum
439 582 673 665 relinquebatur,
692 604 752 645 non
768 593 815 646 est
830 584 955 662 mimam,
973 587 1049 667 quod
1065 588 1141 652 duos
1156 598 1224 652 tan·

102 697 165 751 tem
179 685 411 749 commentarios
426 686 573 748 conficere
590 686 697 767 potuit.

187 784 249 853 Sed
264 798 297 850 ut
312 788 366 851 bos
382 786 474 850 libros
489 785 583 851 Hirtii
599 808 659 850 non
675 806 743 850 esse
758 786 1039 865 demonstrauimus,
1056 789 1100 853 ita
1114 811 1223 857 nomen

102 910 223 969 eorum,
240 912 259 954 a
274 890 379 973 quibus
394 889 499 972 scripti
514 891 594 968 sint,
611 910 677 953 cum
694 889 769 953 nihil
784 891 820 954 de
835 910 872 954 ea
886 910 921 954 re
937 892 1077 954 traditum
1093 893 1152 968 sit,
1176 895 1224 957 in·

102 992 200 1056 ueniri
215 1013 276 1056 non
287 1012 380 1077 posse
395 1002 529 1075 apparet.
559 989 679 1108 Poter'p
692 989 830 1057 Suetonii
843 993 1028 1069 testimonio,
1046 994 1083 1057 de
1099 1015 1157 1076 quo
1172 1015 1223 1058 su·

100 1095 316 1178 prediximus,
332 1095 363 1159 it
379 1093 566 1158 tribuendum
582 1094 696 1171 uidem,
719 1104 754 1158 ut
768 1094 835 1158 libri
851 1093 888 1158 tle
902 1093 982 1158 bello
997 1094 1144 1159 Africano
1160 1094 1222 1180 Op·

101 1197 164 1278 pius
180 1208 287 1261 auctor
307 1197 513 1261 existimetur.
557 1193 640 1260 Nam
664 1207 832 1260 extremum
856 1198 1101 1262 commentarium
1126 1219 1222 1281 neque

100 1299 225 1363 eundem
240 1299 398 1382 scripsisse
420 1297 560 1369 uidimus,
584 1317 681 1380 neque
703 1295 819 1383 Oppius
843 1300 899 1363 boc
920 1300 997 1365 bello
1019 1301 1051 1364 in
1073 1300 1220 1385 Hispania

99 1400 172 1465 fuit:
191 1422 229 1465 ne
243 1398 355 1466 Balbus
371 1401 487 1484 quidem
503 1402 518 1478 (
527 1395 594 1462 Cic.
612 1400 648 1462 ad
666 1398 734 1463 Aac.
751 1397 827 1474 Xll,
848 1399 898 1478 19,
916 1401 948 1468 2.
971 1398 1032 1479 29,
1049 1401 1081 1466 2.
1105 1402 1166 1482 tt,
1183 1404 1216 1468 d.

99 1501 152 1581 47,
178 1502 195 1566 1
212 1503 289 1585 ul),
314 1504 362 1567 cui
378 1500 527 1567 Cellarius
549 1500 616 1564 loco
632 1500 757 1583 quodam
773 1501 958 1585 Apollinaris
974 1499 1090 1567 Sidonii
1106 1516 1216 1583 noctus,

99 1601 135 1667 de
149 1625 208 1687 quc
222 1605 302 1669 infra
315 1606 431 1682 dicam,
449 1604 529 1668 buno
544 1602 650 1666 librum
667 1602 833 1681 tribuebat,
856 1604 915 1666 uisi
929 1604 1075 1668 minorem
1091 1603 1217 1671 Balbum

97 1704 265 1783 intellexit,
289 1727 376 1790 quem
390 1709 423 1771 in
438 1706 582 1790 Hispania
605 1705 662 1769 boc
684 1717 818 1789 tempore
836 1703 930 1769 fuisse
945 1701 1013 1769 Cic.
1031 1728 1078 1790 ep.
1096 1709 1133 1770 ed
1150 1708 1215 1772 Att.

97 1805 172 1888 ltu,
189 1808 243 1888 38,
260 1808 282 1872 2
296 1811 438 1874 ostendit.
471 1806 514 1872 At
528 1805 692 1872 Suetonius
708 1818 799 1891 atque
813 1807 855 1886 ii,
873 1828 996 1891 quorum
1011 1809 1152 1873 iudicium
1168 1831 1217 1874 re-

97 1911 175 1989 fert,
200 1912 256 1975 bos
278 1912 508 1975 commentarios
531 1920 583 1974 aut
604 1911 725 1972 omnino
747 1928 807 1972 non
822 1909 961 1992 legerunt
981 1921 1035 1974 aut
1054 1921 1137 1976 certe
1154 1932 1217 1976 nou

96 2015 364 2079 examinaueruntr
390 2012 480 2075 aliter
493 2013 571 2075 enim
587 2031 685 2097 neque
699 2011 787 2075 alteri
802 2010 870 2074 belli
886 2012 1104 2090 Alexandrini,
1130 2013 1216 2078 Afri·

97 2115 179 2186 cani,
196 2111 407 2195 Hispaniensis
424 2113 549 2176 eundem
565 2123 715 2176 auctorem
733 2113 1001 2188 existimauissent,
1020 2136 1115 2197 neque
1126 2118 1214 2181 alteri

96 2215 226 2279 omnium
237 2215 380 2285 librorum
389 2214 533 2279 Hirtium.
552 2213 611 2279 Sed
622 2235 685 2279 cum
695 2214 840 2279 dubitatio
856 2215 925 2278 inde
940 2226 1022 2279 esset
1036 2227 1116 2294 orta,
1129 2218 1213 2299 ,quod

95 2315 147 2379 uni
163 2326 277 2379 tentum
293 2319 506 2383 commentario
529 2329 637 2383 octauo
659 2319 696 2383 dc
717 2318 796 2381 bede
810 2314 929 2381 Gallico
952 2337 1062 2381 nomen
1082 2321 1215 2385 auctoris
1268 2362 1271 2369 -

54 2480 61 2489 ,
96 2419 295 2503 praepositum
318 2432 383 2483 erat
405 2421 454 2499 (id
476 2422 554 2503 quod
574 2421 617 2485 ita
639 2423 749 2485 factum
778 2440 846 2485 esse
875 2419 995 2484 codices
1017 2421 1113 2485 nostri
1138 2422 1213 2487 satis

95 2530 197 2605 aperte
211 2521 455 2608 demonstrant),
472 2523 515 2587 illi
531 2525 641 2587 famam
654 2522 782 2603 aliquam
798 2521 940 2586 uidentur
954 2523 1126 2606 accepisse,
1152 2546 1213 2588 uon

95 2642 163 2688 esse
177 2643 281 2687 omnes
295 2624 389 2688 libros
403 2624 440 2688 ab
456 2623 557 2688 Hirtio
573 2624 715 2707 scriptos,
732 2644 825 2706 eaque
840 2624 911 2687 moti
926 2624 1094 2708 proximum
1111 2646 1212 2708 mrem·

95 2745 151 2809 pue
165 2726 329 2789 amicorum
345 2722 488 2791 Caesaris
504 2726 680 2810 arripuisse,
698 2725 727 2788 bi
743 2724 817 2789 nibil
831 2736 951 2809 praeter
963 2724 1056 2790 Hirtii
1071 2728 1163 2792 uerba
1178 2728 1211 2793 in

95 2847 140 2913 cp.
157 2828 194 2891 ad
207 2825 331 2892 Balbum
342 2829 439 2912 posita
454 2829 550 2893 secuti
566 2848 646 2905 esse,
664 2828 770 2910 quibus
785 2846 820 2891 sc
835 2848 929 2909 usque
943 2826 981 2891 ad
993 2837 1119 2891 mortem
1133 2825 1212 2895 Cae·

93 2931 171 2994 saris
192 2931 371 3014 perduxisse
400 2931 632 2996 commentarios
654 2929 836 2993 affirmabat.
882 2928 997 2992 Eodem
1025 2929 1119 3010 im'tur
1146 2930 1211 2995 iure

93 3054 304 3116 medicumque
316 3029 458 3098 Caesaris
474 3033 650 3096 familiarem
666 3031 720 3094 bos
735 3030 828 3093 libros
843 3028 1045 3113 composuisse
1060 3030 1211 3098 affirmare

92 3135 202 3200 licebit.
232 3133 310 3199 bfibi
326 3156 400 3199 uero
416 3135 520 3198 borum
537 3134 653 3217 quidem
670 3151 757 3194 nemo
772 3131 900 3194 uidetur.
941 3128 1021 3194 Nam
1039 3152 1141 3197 eorum
1159 3134 1212 3199 bc·

93 3237 220 3315 minum,
237 3239 286 3320 qni
301 3238 381 3300 iuter
395 3236 581 3299 nobilitatem
597 3236 701 3297 borum
718 3244 882 3315 temporum
898 3233 1114 3315 uersabantur,
1133 3236 1210 3301 baud

92 3339 177 3403 facile
193 3360 367 3423 quemquam
384 3348 443 3401 tam
458 3339 536 3402 male
550 3338 731 3421 scripturum
749 3335 842 3399 fuisse
857 3335 966 3413 credo,
984 3337 1076 3401 multo
1092 3339 1209 3422 quidem

92 3441 188 3505 minas
203 3442 380 3505 familiarem
396 3437 558 3517 Caesaris,
585 3438 801 3522 elegantissimi
816 3437 955 3502 bominis.
987 3436 1086 3504 Huius
1101 3442 1147 3506 rei
1162 3442 1209 3506 in·

91 3542 166 3607 dicio
188 3553 259 3606 sunt
280 3543 355 3607 satis
378 3544 487 3607 multae
508 3565 574 3607 cum
595 3542 721 3606 aliorum
744 3540 896 3603 bominum
926 3550 988 3604 tum
1019 3543 1208 3608 familiarium

92 3642 234 3710 Caesaris
256 3645 417 3730 epistolae,
442 3666 517 3727 quae
539 3666 600 3710 una
622 3666 691 3708 oum
706 3640 916 3708 Ciceronianis
938 3644 976 3707 ad
991 3664 1048 3707 ncs
1063 3664 1208 3729 peruene-

89 3759 177 3813 muts
196 3749 272 3831 quod
286 3767 382 3831 genus
398 3748 567 3831 scriptionis
582 3769 649 3812 cum
664 3746 794 3809 omnium
810 3746 932 3810 minima
946 3765 1021 3808 cura
1036 3745 1143 3808 confici
1158 3767 1208 3810 sc·

88 3849 167 3929 leat,
192 3859 293 3915 tamen
308 3870 346 3913 ne
361 3870 450 3913 unam
465 3850 581 3933 quidem
597 3849 734 3912 inuenies
750 3848 906 3933 epistolam
921 3847 967 3913 bis
983 3848 1207 3912 commentariis

87 3952 227 4017 similem.
258 3949 344 4033 Quod
360 3952 386 4016 si
401 3952 468 4034 quis
483 3950 652 4017 Varronem
669 3951 754 4015 nobis
770 3962 918 4034 opponet,
935 3950 961 4015 is
977 3960 1008 4014 et
1020 3949 1208 4032 antiquitatis

87 4054 285 4119 admiratione
300 4065 331 4118 et
346 4055 425 4118 uitae
440 4054 571 4118 rusticae
594 4053 719 4137 quodam
741 4073 844 4118 amore
859 4053 966 4115 ductus
990 4052 1049 4129 (de
1070 4073 1104 4116 re
1127 4063 1203 4115 rust.

86 4153 121 4237 1,
136 4157 219 4225 ain.
232 4153 266 4221 ’Π
280 4155 340 4238 in.)
362 4156 471 4220 iudicio
493 4166 525 4221 et
538 4156 692 4219 uoluntate
708 4155 907 4239 antiquarium
922 4164 954 4217 et
966 4153 1092 4235 uulgare
1107 4154 1207 4216 dicen·

86 4259 118 4325 di
130 4278 228 4345 genus
248 4259 406 4344 amplexus
426 4279 496 4327 esso
515 4258 734 4325 existimandus
755 4269 804 4324 ost
824 4267 873 4333 et,
896 4276 938 4320 ne
952 4256 1101 4339 elegantia
1117 4265 1206 4335 atque

114 4358 381 4418 cimaeamppuu
977 4354 997 4419 3
